3936 6376
133 235 264 292 H93

131 363 362 415 vocatos
393 359 482 431 (II
535 363 685 420 Tim.
720 382 759 433 ι,
793 367 870 439 8),
905 371 962 424 et
1009 372 1321 430 vocatione
1378 381 1610 442 sancta,
1660 381 1777 437 nisi
1809 385 1855 439 A
1901 387 2042 442 Nem

131 445 500 506 discretionis
530 453 724 523 gratia
751 455 830 512 ab
874 473 946 514 ea
974 461 1289 518 vocatione
1337 480 1462 536 qua
1493 473 1788 526 vocantur

132 535 299 592 multi
326 540 430 612 qui
452 557 575 597 non
598 545 936 602 suntelecti.
961 551 1112 620 Ergo
1131 535 1656 624 quemadmodum
1679 575 1783 616 ne-

131 625 254 694 gari
284 642 407 683 non
438 635 633 701 potest
675 632 985 692 diversitas
1012 639 1366 712 vocationis,
1398 642 1482 698 ita
1533 645 1788 704 nullate-

129 728 241 768 nus
267 714 445 772 debet
465 717 652 776 abnui
673 721 986 780 diversitas
998 728 1407 798 praescientiie,
1424 731 1689 802 justitiae,
1708 736 1791 792 iu-

130 800 287 867 dicii,
318 803 623 863 electionis
644 815 701 865 et
728 813 1294 883 preedestinationis.
1351 800 1464 876 Aut
1493 800 1682 892 igitur
1697 823 1783 880 di-

127 891 462 950 versitatem
479 898 814 955 vocationis
827 916 1004 973 nega,
1024 909 1147 974 aut,
1165 905 1212 961 si
1224 906 1338 962 hoc
1361 907 1792 981 blasphemum

127 983 232 1053 est,
257 983 602 1042 varietatem
622 989 1166 1060 prtedestinationis
1180 994 1450 1053 admitte.
1469 999 1785 1071 Autigitur

125 1067 532 1130 diversitatem
559 1077 893 1134 vocationis
915 1095 1090 1152 nega,
1123 1088 1226 1140 aut
1249 1085 1296 1140 si
1349 1087 1463 1143 hoc
1493 1087 1790 1162 blasphe-

124 1174 294 1218 mum
353 1168 461 1234 est,
509 1167 859 1224 varietatem
915 1172 1456 1242 praedestinationis
1515 1177 1788 1236 admitte.

122 1251 252 1306 Non
283 1267 449 1324 ergo,
473 1259 537 1310 ut
555 1255 938 1329 impudenter
963 1263 1263 1335 praecipis,
1297 1266 1520 1322 tacebit
1567 1267 1794 1324 ﬁdelis-

122 1338 281 1395 sima
294 1340 602 1412 integritas
619 1350 676 1401 et
697 1347 1020 1419 purissima
1037 1351 1297 1410 charitas
1314 1355 1526 1411 orthod
1535 1372 1790 1415 oxorum

120 1429 270 1500 quin
291 1432 573 1489 veraciter
592 1436 988 1507 prtedicetDei
1001 1441 1610 1514 priedestinationem,
1637 1447 1792 1506 sicut

115 1516 415 1588 judicium
435 1523 844 1594 justissimum
878 1530 1267 1601 perditorum.
1293 1537 1495 1608 Neque
1527 1538 1789 1610 priedes-

122 1607 338 1666 tinatos
368 1628 406 1668 α
433 1617 763 1690 contrario,
796 1634 906 1691 pro
938 1635 1010 1676 eo
1036 1622 1202 1694 quod
1233 1628 1321 1680 est
1349 1641 1473 1682 non
1520 1627 1788 1699 praedes-

119 1697 338 1756 tinatos
362 1702 657 1778 admittet,
684 1711 750 1763 ut
777 1707 1038 1782 desipis;
1071 1711 1177 1767 sed
1206 1713 1302 1769 Dei
1324 1697 1645 1772 inﬂexibili
1657 1717 1786 1789 jus-
1817 1743 1861 1797 Β

119 1787 248 1846 titia
275 1791 478 1851 credet
505 1793 972 1855 irrevocabiliter
993 1800 1358 1874 puniendos.

769 1906 1000 1963 CAPUT
1037 1910 1169 1964 XIV.

127 1986 482 2049 Testimonia
506 1994 707 2050 sancti
724 1994 1054 2067 Augustini
1067 1999 1251 2056 simul
1264 2002 1545 2070 collecta,
1572 2002 1785 2076 quibus

187 2085 394 2148 aperte
415 2083 734 2150 conﬁcitur
753 2101 874 2141 non
905 2101 1026 2143 esse
1045 2089 1166 2143 nisi
1182 2105 1365 2146 unam
1392 2093 1788 2161 prccdestina—

188 2169 432 2243 tionem,
451 2187 697 2244 eamque
721 2175 1089 2232 solummodo
1107 2179 1188 2233 ad
1205 2186 1441 2237 sanctos
1459 2183 1782 2252 pertinere.

187 2257 412 2323 Quarta
436 2261 674 2322 decima
702 2263 1204 2337 phantasmatum
1238 2273 1479 2328 tuorum
1503 2271 1786 2346 periodos

117 2343 228 2402 hoc
257 2347 475 2408 habet:

685 2474 936 2520 JOANNES
977 2480 1204 2522 SCOTL’S.

187 2544 381 2616 (Num.
419 2550 472 2619 l,
504 2547 567 2605 in
595 2551 656 2607 Τ.
688 2567 822 2626 cap.
861 2556 948 2625 14,
979 2570 1149 2612 num.
1183 2560 1235 2624 2,
1270 2560 1412 2613 sect.
1440 2558 1514 2631 t.)
1537 2563 1576 2614 Θ
1611 2558 1788 2616 Testi-

116 2636 314 2691 monia
369 2640 572 2694 sancti
613 2639 951 2712 Augustini
1007 2646 1191 2700 simul
1239 2647 1516 2720 collecta,
1570 2649 1784 2721 quibus

116 2729 322 2792 aperte
353 2729 673 2797 conﬁcitur
693 2747 814 2787 non
836 2747 958 2790 esse
985 2735 1107 2790 nisi
1145 2751 1328 2792 unam
1383 2737 1782 2807 prwdestina-

119 2811 362 2886 tionem,
392 2831 638 2890 eamque
661 2820 1033 2878 solummodo
1064 2823 1146 2879 ad
1174 2831 1412 2881 sanctos
1444 2827 1777 2896 pertinere.

114 2899 192 2956 Et
221 2919 299 2961 ne
353 2908 485 2978 quis
527 2909 711 2978 forte,
760 2908 1062 2984 inquiens,
1121 2929 1228 2970 nos
1279 2916 1522 2972 aestimet
1577 2922 1781 2973 nostro

115 3004 285 3048 sensu
342 2997 592 3064 proprio
637 2999 790 3054 talia
846 3000 1088 3071 dixisse,
1126 3003 1359 3058 nullius
1399 3006 1780 3062 auctoritatis

115 3083 421 3148 gravitate
444 3074 716 3154 su/fulti,’
739 3089 975 3156 placuit
1002 3091 1171 3146 nobis
1202 3093 1540 3150 testimonia
1584 3095 1784 3151 sancti
1810 3099 1851 3152 C

113 3168 316 3226 Patris
337 3173 670 3243 Augustini
697 3177 878 3232 simul
907 3179 1221 3250 colligere:
1251 3186 1316 3237 ut
1334 3183 1606 3251 prudens
1623 3184 1779 3255 quis-

117 3274 224 3330 que
251 3269 572 3332 cognoscat
592 3266 942 3324 nullomodo
963 3284 1094 3325 eum
1118 3270 1272 3326 duas
1291 3272 1777 3340 praedestinatio-

115 3364 211 3405 nes
241 3351 535 3424 docuisse,
580 3369 687 3411 nec
739 3371 923 3412 unam
957 3358 1318 3429 bipertitam,
1380 3376 1488 3418 nec
1525 3362 1777 3432 duplam

119 3444 180 3494 ut
209 3441 668 3500 Gottescalc/ius
717 3445 936 3502 edocet.
965 3447 1047 3503 Et
1075 3450 1247 3505 illam
1276 3465 1460 3506 unam
1505 3451 1776 3508 videlicet

117 3527 382 3586 divinam
406 3548 528 3588 non
567 3534 688 3589 nisi
711 3535 795 3591 ad
806 3542 1045 3593 sanctos
1075 3540 1400 3608 pertinere.
1437 3540 1774 3609 Impiorum

118 3631 249 3674 vero
279 3622 633 3679 nullemodo
658 3638 833 3693 posse
852 3641 992 3682 esse.
1014 3628 1085 3682 In
1110 3627 1263 3684 libro
1292 3629 1366 3686 de
1391 3629 1781 3700 Correptione

119 3711 168 3760 et
194 3708 403 3767 Gratia
438 3710 592 3784 (cap.
628 3712 764 3784 12):
815 3715 1092 3786 [Sanctis,
1140 3715 1352 3790 inquit,
1408 3717 1469 3773 in
1521 3733 1779 3789 regnum

120 3794 214 3850 Dei
237 3812 345 3868 per
370 3798 629 3868 gratiam
651 3800 752 3856 Dei
772 3802 1214 3874 praedestinatis
1243 3803 1472 3861 donum
1500 3821 1778 3878 perseve-

118 3884 320 3941 rantiae
351 3886 553 3956 datur,
581 3905 706 3945 non
741 3890 944 3947 solum
974 3896 1039 3948 ut
1069 3893 1196 3949 sine
1219 3893 1334 3950 isto
1381 3893 1546 3951 dono
1576 3911 1778 3968 perse-

125 3980 396 4033 verantes
425 3993 557 4034 esse
579 3995 702 4036 non
734 3981 985 4054 possint,
1005 3999 1214 4039 verum
1243 3985 1424 4040 etiam
1449 3989 1515 4040 ut
1537 3999 1646 4057 per
1664 3985 1781 4042 hoc

120 4058 337 4120 donum
371 4081 500 4122 non
527 4067 642 4122 nisi
672 4075 1120 4140 perseverantes
1171 4071 1289 4128 sint
1321 4073 1452 4142 [al.,
1501 4087 1621 4128 non
1652 4077 1782 4129 tan-

120 4151 239 4206 tum
264 4152 376 4210 tale
397 4153 771 4225 adjutorium
791 4159 1253 4230 perseverantiae
1283 4159 1486 4229 datur,
1522 4159 1627 4216 sed
1661 4160 1780 4217 tale

119 4243 180 4295 ut
205 4240 287 4296 eis
307 4246 762 4315 perseverantia
782 4245 917 4319 ipsa
942 4247 1243 4322 donetur].
1257 4248 1332 4304 Et
1343 4254 1478 4319 post
1497 4251 1782 4324 aliquan-

119 4331 196 4394 ta,
225 4329 552 4406 ipseigitur
575 4350 678 4391 eos
715 4334 856 4392 facit
904 4351 1286 4408 perseverare
1334 4336 1396 4392 in
1443 4336 1632 4409 bono,
1675 4339 1782 4412 qui

119 4411 247 4471 fecit
272 4419 402 4489 [al.,
437 4417 598 4491 facit]
638 4419 870 4476 bonos:
901 4421 1007 4494 qui
1072 4425 1276 4478 autem
1324 4421 1551 4479 cadunt
1580 4426 1639 4478 et
1679 4411 1782 4496 pe,
1814 4455 1858 4507 η

120 4509 306 4577 reunt,
335 4505 397 4562 in
425 4507 997 4581 prmdestinatorum
1025 4525 1283 4567 numero
1331 4525 1457 4567 non
1488 4510 1782 4599 fuerunt.]

123 4591 370 4652 Attende
407 4612 590 4669 quam
640 4597 918 4655 absolute
965 4599 1147 4669 dixit,
1183 4599 1290 4673 qui
1321 4599 1550 4658 cadunt
1586 4603 1645 4658 et
1676 4591 1782 4674 pe:

123 4689 289 4742 reunt
326 4686 390 4743 in
433 4687 1001 4761 praedestinatorum
1051 4705 1312 4747 numero
1341 4705 1468 4747 non
1521 4689 1780 4749 fuerunt.

127 4771 415 4839 Quomodo
445 4777 572 4834 haec
598 4777 840 4844 diceret,
896 4779 952 4835 si
971 4780 1067 4836 vel
1095 4779 1249 4837 duas
1279 4780 1784 4850 praedestinatio-

126 4877 221 4919 nes
245 4867 414 4924 vellet
443 4883 728 4936 asserere,
751 4869 846 4926 vel
874 4883 1059 4926 uuam
1105 4870 1172 4926 in
1203 4869 1358 4927 duas
1379 4875 1585 4940 partes
1627 4871 1785 4928 divi-

127 4964 266 5024 sam,
293 4957 386 5012 vel
415 4957 693 5028 duplam,
747 4973 932 5015 unam
983 4958 1224 5034 quidem
1244 4965 1616 5030 sanctorum,
1665 4961 1791 5017 alte

128 5055 388 5104 ramvero
415 5047 615 5122 impiis
640 5049 1010 5120 deputatam.

786 5153 1121 5200 CORRECTIO.

195 5222 284 5290 i0
308 5227 744 5302 disputatorem
814 5228 1302 5299 subtilissimum,
1335 5226 1615 5302 qui,cum
1656 5227 1788 5288 haec

131 5311 358 5383 diceret,
378 5335 576 5394 neque
601 5336 742 5377 cum
770 5319 1079 5377 Aristotele
1105 5317 1414 5417 calamum
1469 5318 1532 5417 in
1583 5322 1790 5417 mente

134 5401 406 5477 tingebat,
460 5425 660 5484 neque
723 5425 864 5467 cum
929 5407 1222 5466 Dominici
1262 5407 1524 5506 pectpris
1563 5407 1792 5506 recubo

137 5489 366 5554 deverae
395 5499 702 5572 sapientiae
745 5498 975 5556 ﬂuenta
1006 5497 1295 5555 doctrinae
1330 5495 1610 5554 salutaris
1639 5496 1792 5554 hau-

1052 249 1142 305 DE
1181 250 1861 318 PREDESTINATIONE
1899 262 2180 322 CONTRA
2217 268 2267 326 Ι.
2309 271 2617 334 SCOTUM.

2049 403 2122 460 pe
2140 396 2243 448 aut
2264 409 2388 451 non
2417 397 2620 458 vidisti
2649 401 2929 464 interiore
2959 418 3210 486 aspectu
3261 423 3429 493 quod
3479 427 3559 482 vi-

1901 471 2170 534 dendum
2193 487 2337 552 erat,
2356 490 2460 542 aut
2478 491 2531 543 te
2547 505 2671 547 non
2688 492 2891 552 videre
2910 471 3154 572 tinxisti,
3186 471 3558 586 perindeque

1903 576 1930 586 ι.
1944 562 1975 586 .J
1999 579 2023 586 Α
2034 579 2059 586 Α
2074 582 2096 586 -
2123 582 2139 586 Α
2155 583 2173 586 Α
2189 568 2203 586 1
2367 572 2377 584 ⁸
2717 581 2727 586 ⁸
2793 583 2802 586 “
2908 585 2911 586 ⁷

1901 562 1979 618 ad
1996 579 2098 620 eas
2114 568 2451 630 calumnias
2465 581 2804 653 praerupisti
2821 589 2885 642 ut
2899 585 3142 648 beatum
3154 562 3560 669 Augustiniim

1899 649 2066 718 quod
2090 666 2408 728 nunquam
2449 649 2748 734 cogitavit,
2782 668 3006 729 dixisse
3050 649 3451 755 contingeres,
3502 692 3561 746 et

1899 739 2002 793 tua
2027 737 2362 810 legentibus
2392 747 2475 806 ita
2503 751 2786 813 illuderes
2822 774 2893 816 ac
2912 763 2961 818 si
2993 779 3064 822 ea
3090 737 3424 842 intelligere
3437 737 3558 834 ἠεξ

1902 827 2254 897 quivissent.
2308 835 2388 891 Te
2417 838 2611 897 solum
2627 845 2901 906 omnium
2921 827 3338 917 acutissimum
3356 865 3556 922 Galliae

1901 919 2232 978 transmisit
2255 923 2555 997 Hibernia,
2585 936 2651 988 ut
2679 950 2816 1008 qum
2834 939 3038 998 nullus
3066 945 3300 1022 absque
3324 956 3377 1008 te
3405 955 3557 1013 scire

1899 1009 2154 1109 poterat,
2194 1012 2307 1068 tuis
2331 1018 2769 1079 eruditionibus
2798 1027 3091 1090 obtineret
3119 1009 3261 1093 :sed
3290 1009 3554 1109 absitut,

1901 1093 2117 1153 Celtica
2140 1099 2484 1174 eloquentia
2516 1113 2599 1166 tot
2615 1114 2917 1190 tantisque
2943 1120 3268 1184 ﬂuviorum
3291 1093 3561 1192 exunda:

1897 1180 2161 1282 tionibus
2211 1191 2498 1294 debriata
2559 1203 2694 1294 tuas
2745 1180 3554 1294 “nub‘ilationes—admittva‘t,

1896 1272 2179 1374 quamvis
2209 1275 2561 1339 Christianae
2590 1284 2942 1348 humilitatis
2965 1272 3560 1374 eminentia,altevr'u:

1897 1359 1988 1412 tro
2017 1359 2321 1421 charitatis
2357 1369 2557 1428 ofﬁcio
2585 1374 2854 1435 vicissim
2905 1387 3275 1458 suppeditari
3297 1359 3557 1454 lminime

1893 1448 2248 1518 prohibeat:
2281 1455 2426 1528 imo,
2456 1448 3270 1540 undecunqueeommodum
3296 1481 3555 1555 duxerit,

1894 1535 2254 1614 alternatim,
2287 1561 2426 1618 quae
2477 1555 2640 1610 recta
2683 1535 2842 1629 sunt,
2875 1561 3145 1620 exhiberi
3184 1579 3554 1640 percenseat.

1964 1627 2172 1730 Itaque
2191 1635 2510 1704 puritatem
2535 1644 2753 1700 mentis
2773 1627 3017 1723 adhibe,
3037 1657 3094 1710 et
3108 1627 3558 1731 simplicitatem

1893 1714 2197 1818 charitatis
2212 1722 2579 1796 benignitate
2596 1731 2926 1794 intellectus
2949 1714 3368 1821 ostendeiqua

1891 1819 2028 1905 quae
2048 1807 2150 1904 pie
2180 1818 2320 1869 sunt
2343 1814 2504 1905 dicta
2518 1834 2616 1891 ple
2645 1821 2963 1899 intelligas,
2995 1835 3052 1888 et
3079 1807 3318 1905 pietatis
3351 1807 3546 1898 abun:

1891 1891 2101 1995 dantia
2126 1898 2366 1970 piorum
2387 1891 2881 1970 instructionibu's
2904 1891 3101 1975 cultor
3117 1891 3557 1995 pietatisﬂex—lii-

1890 1979 2072 2040 beas:
2096 1990 2261 2084 quod
2289 1992 2356 2056 si,
2391 1997 2640 2067 quando
2663 1999 2781 2060 ista
2810 1979 3557 2084 dictabas,‘agerevol—t1—is-

1896 2087 2011 2143 ses,
2039 2077 2308 2148 profecto
2347 2084 2602 2142 vidisses
2639 2091 2786 2162 quia
2833 2110 2958 2152 non
3001 2077 3276 2160 absolute
3296 2104 3558 2178 (utsom-

1892 2161 2048 2235 nias)
2101 2164 2312 2225 beatus
2360 2161 2732 2244 Augustinus
2785 2181 2976 2242 solam
3033 2203 3163 2245 esse
3222 2161 3554 2254 electorum

1892 2253 2484 2325 praedestinationem
2543 2265 2634 2322 vel
2662 2275 2985 2332 asseruerit
3021 2278 3114 2335 vel
3160 2283 3558 2344 conﬁrmave-

1890 2341 1997 2450 rit;
2013 2344 2119 2450 sed
2149 2361 2280 2404 eam
2308 2354 2540 2410 tantum
2570 2355 2645 2413 de
2670 2374 2796 2450 qua
2840 2365 3148 2436 agendum
3187 2341 3555 2450 susceperat,

1892 2431 2233 2506 defendere,
2261 2444 2319 2496 et
2333 2447 2540 2501 contra
2559 2431 2981 2511 haereticorum
3001 2460 3297 2519 versutias
3318 2431 3556 2522 munire

1893 2523 2185 2584 catholica
2215 2531 2461 2590 veritate
2485 2536 2796 2596 studuerit.
2831 2544 3064 2614 Agebat
3086 2550 3314 2624 quippe
3346 2552 3556 2612 adver-

1895 2627 1999 2667 sus
2025 2630 2216 2672 novos
2250 2620 2344 2676 sui
2375 2626 2663 2698 temporis
2687 2629 3018 2703 haireticos,
3059 2620 3338 2698 videlicet
3386 2643 3556 2702 Pela-

1891 2702 2124 2774 gianos,
2139 2707 2240 2779 qui
2266 2717 2610 2772 sanctorum
2628 2719 3218 2790 priedestinationem
3257 2731 3556 2791 omnimo-

1890 2790 1985 2846 dis
2015 2791 2434 2870 denegabant;
2467 2802 2733 2862 dicentes
2763 2809 2952 2867 Deum
2982 2828 3112 2870 esse
3154 2832 3556 2890 personarum

1890 2886 2291 2959 acceptorem,
2326 2889 2374 2944 si
2403 2893 2706 2963 quosdam
2738 2901 2795 2953 et
2844 2915 2970 2957 non
3021 2886 3237 2962 omnes
3275 2907 3556 2967 homines

1890 2971 2244 3038 generaliter
2265 2976 2344 3032 ad
2360 2980 2548 3036 vitam
2565 2984 3051 3054 praedestinasset
3064 2998 3380 3066 aeternam;
3406 3015 3557 3072 quo-

1889 3073 2024 3115 rum
2050 3060 2366 3122 dementiae
2387 3067 2596 3126 doctor
2613 3071 3022 3146 beatissimus,
3049 3081 3399 3142 orthodoxae
3415 3060 3557 3144 fidei

1888 3147 2074 3204 armis
2102 3150 2451 3225 instructus,
2509 3157 2756 3218 obviare
2808 3162 3123 3242 festinans,
3185 3187 3424 3246 semper
3479 3176 3556 3233 de

1885 3245 2214 3298 memorata
2275 3249 2623 3304 sanctorum
2653 3252 3179 3323 preedestinatione
3211 3245 3555 3321 sermonem

1884 3325 2102 3396 intulit,
2156 3334 2686 3405 quemadmodum
2737 3340 2800 3397 in
2829 3343 2960 3415 ejus
3000 3347 3223 3416 verbis,
3277 3351 3556 3427 quisquis

1885 3417 2084 3475 sobrie
2112 3422 2384 3496 attendit,
2415 3424 2705 3498 intelligit.
2738 3431 2884 3490 Dicit
2905 3435 3067 3493 enim
3104 3417 3458 3512 ireque-nter:
3477 3443 3554 3500 de

1885 3521 1958 3563 ea
1995 3524 2180 3581 quam
2241 3510 2644 3581 defendimus,
2718 3519 2815 3576 vel
2849 3536 3038 3595 quam
3107 3510 3557 3588 defendendam

1888 3597 2286 3670 suscepimus,
2365 3603 2458 3659 vel
2536 3621 2724 3678 quam
2805 3613 3199 3686 asserimus;
3277 3623 3334 3676 et
3401 3620 3554 3677 stul-

1881 3688 2010 3742 tum
2080 3692 2228 3757 erat,
2278 3694 2688 3763 praetermissa
2745 3714 2819 3755 ea
2875 3701 2968 3758 cui
3016 3706 3547 3766 contradicebatur

1885 3788 2145 3848 quicque
2173 3781 2710 3851 oppugnabantur,
2735 3786 2816 3842 ad
2854 3789 3040 3846 aliam
3089 3793 3407 3864 transilire,
3458 3797 3557 3854 cui

1885 3865 2183 3934 negandee
2209 3867 2306 3924 vel
2334 3868 2770 3942 impugnanda:
2818 3877 3080 3935 necdum
3109 3880 3326 3955 aliquis
3357 3884 3558 3942 insur-

1883 3958 2121 4010 rexerat
2145 3972 2158 4010 :
2185 3971 2331 4014 nam
2357 3958 2432 4014 de
2453 3959 2894 4031 praedestinatis
2913 3965 2995 4022 ad
3022 3983 3270 4039 pmnam
3301 3975 3546 4030 Patrum

1886 4044 2261 4116 temporibus
2322 4046 2554 4107 nullam
2609 4049 2796 4108 fuisse
2849 4059 3080 4114 motam
3150 4061 3552 4133 quaestionem

1888 4131 2150 4188 evidenti
2174 4134 2404 4206 judicio
2433 4141 2864 4212 comprobatur
2880 4143 2908 4199 ?
2928 4146 3096 4218 quod
3117 4131 3319 4206 nullus
3341 4167 3452 4224 pro
3483 4169 3558 4210 ea

1889 4227 2097 4278 contra
2127 4223 2257 4295 ejus
2279 4225 2371 4283 vel
2393 4233 2720 4287 assertores
2750 4231 2844 4288 vel
2874 4240 3193 4307 negatores
3227 4223 3555 4314 scripserit,

1890 4314 2107 4383 praeter
2125 4313 2486 4388 Monimum,
2509 4317 2634 4392 qui,
2657 4319 2998 4380 nullatenus
3030 4313 3556 4401 reprehendendo,

1893 4415 2107 4458 verum
2156 4403 2610 4478 intelligentiam
2658 4409 2816 4466 illius
2873 4411 2968 4485 pie
2996 4417 3383 4489 requirendo,
3415 4436 3558 4478 san-

1895 4494 2058 4549 ctum
2087 4494 2468 4566 Fulgentium
2489 4497 2569 4554 ad
2605 4499 2722 4556 hoc
2757 4516 2872 4558 sua
2899 4501 3290 4576 inquisitione
3321 4508 3563 4583 impulit

1892 4585 1977 4646 ut,
2006 4583 2502 4656 qualiterabeato
2527 4590 2867 4659 Augustino
2898 4591 3198 4650 intellecta
3224 4595 3403 4654 fuerit
3433 4600 3560 4656 sive

1891 4671 2128 4742 prolata
2155 4676 2460 4736 volumine
2490 4676 2568 4732 ad
2580 4676 2696 4734 hoc
2715 4678 2914 4735 solum
2944 4683 3378 4754 permagniﬁce
3399 4685 3560 4745 edito

1893 4760 1983 4818 vir
2009 4779 2119 4837 per
2145 4765 2354 4822 omnia
2382 4765 2802 4838 suspiciendus
2830 4768 3158 4828 intimaret.

1970 4943 2085 5003 Sed
2096 4948 2153 5001 et
2177 4943 2240 5000 in
2261 4948 2598 5003 memorata
2622 4947 2914 5005 sententia
2940 4947 3159 5007 beatus
3185 4954 3560 5025 Augustinus

1896 5033 2059 5091 unde
2073 5033 2284 5091 dixerit
2304 5034 2623 5108 perspicue
2645 5035 2930 5106 declarat,
2954 5054 3144 5112 quam
3171 5041 3254 5100 ita
3287 5043 3559 5105 inchoat:

1896 5124 2170 5197 [Sanctis,
2200 5123 2414 5198 inquit,
2465 5123 2528 5181 in
2578 5140 2836 5197 regnum
2881 5128 2982 5186 Dei
3025 5145 3134 5204 per
3165 5133 3425 5203 gratiam
3457 5137 3562 5193 Dei

1897 5215 2338 5289 praedestinatis
2358 5216 2550 5288 (Aug.,
2569 5216 2644 5274 de
2661 5219 2937 5290 Corrept.
2955 5225 3011 5278 et
3025 5221 3196 5280 Grat.
3222 5240 3358 5297 cap.
3370 5230 3388 5280 t
3401 5227 3482 5298 2).
3501 5230 3572 5302 Et

1897 5306 2052 5362 infra
2077 5324 2089 5362 :
2117 5307 2252 5378 Ipse
2277 5305 2458 5376 igitur
2487 5321 2590 5363 eos
2621 5306 2762 5365 facit
2783 5325 3164 5381 perseverare
3193 5312 3440 5383 in,bono
3463 5317 3571 5388 qui

1900 5395 2266 5465 fecitbonos;
2289 5395 2394 5469 qui
2415 5401 2620 5453 autem
2637 5396 2862 5454 cadunt
2882 5403 2940 5456 et
2959 5404 3234 5472 pereunt,
3259 5401 3318 5456 in
3338 5403 3570 5475 praede-

1901 5486 2259 5543 stinatorum
2271 5500 2524 5542 numero
2536 5499 2661 5541 non
2672 5484 3122 5558 fuerunt].0uid
3135 5489 3574 5566 apertius,quid

137 5579 314 5642 riebat
331 5587 342 5642 Ξ
359 5588 646 5646 Nimirum
659 5589 839 5647 etiam
855 5589 918 5645 in
933 5592 988 5645 te
1000 5586 1272 5644 videmus
1283 5585 1599 5660 impletum
1627 5584 1797 5659 quod
1904 5576 2311 5635 manifesti“?
2325 5576 2404 5634 De
2417 5575 2642 5633 Sancus
2659 5575 2821 5632 enim
2835 5577 2898 5633 in
2911 5593 3168 5649 regnum
3197 5581 3296 5639 Dei
3310 5597 3419 5656 Per
3442 5599 3577 5656 81⁵8·

141 5673 442 5743 Apostolus
454 5678 717 5753 loquitur
731 5696 744 5735 :
760 5678 1020 5736 Perdam
1049 5678 1410 5748 sapientiam
1429 5675 1794 5746 sapientium

141 5765 192 5818 et
205 5766 579 5834 prudentiam
587 5769 982 5841 prudentium
1003 5767 1336 5840 reprobabo
1356 5765 1414 5841 (Ι
1430 5767 1572 5824 Cor.
1595 5780 1634 5836 ι,
1672 5765 1786 5834 19).

417 5856 645 5917 Pnaor.
708 5859 858 5917 CXV.

1906 5669 2052 5726 tiam
2073 5667 2173 5723 Dei
2195 5665 2637 5740 prmdestinatis
2679 5665 2849 5739 loqui
2879 5674 3166 5742 cmperat,
3199 5672 3396 5746 deque
3429 5674 3576 5748 ipsis

1911 5756 2202 5831 subjeccit
2225 5755 2392 5831 quod
2423 5755 2552 5830 ipse
2581 5771 2684 5813 eos
2709 5753 2891 5815 faciat
2907 5773 3292 5907 perseverasre
3319 5761 3382 5820 in
3403 5763 3572 5825 bono

3178 5855 3207 5908 3
