3936 6374
384 281 518 349 Ηθῦ

1470 258 1526 312 Β.
1568 246 1939 311 PBUDENTU
1978 239 2361 303 TRECENSIS
2398 232 2719 295 EPlSCDPl

3669 217 3807 274 1196

383 402 490 478 qui
518 399 657 459 fecit,
678 397 914 461 bonos;
949 386 1055 461 qui
1102 386 1305 443 autem
1354 378 1583 437 eadunt
1608 378 1669 430 et
1708 371 1963 445 pereunt
1988 365 2103 421 inA
2143 362 2319 419 diem.
2343 366 2397 419 et
2423 374 2674 427 annum,
2702 360 2770 411 ut
2797 352 3132 410 occiderent
3166 347 3406 405 tertiam
3423 350 3665 416 partem
3698 343 3804 399 Ιιοο

981 476 986 478 ,
1223 470 1239 478 -
1427 468 1436 478 .
1463 467 1478 478 1
1522 465 1557 478 μ
1640 466 1649 478 .
1727 476 1735 478 Α
1774 476 1784 478 Α
1816 462 1850 478 ,ι
1881 471 2028 478 .-ηηνι
2147 454 2372 478 ...εμηηνι
2407 451 2594 478 (Aman
2647 462 2703 478 ιι·
2764 446 2849 478 Ικὶ

382 446 949 567 ἓνεθᾱθειὶηᾶῑοινυέη
966 446 1343 548 (eorumdem
1381 465 1658 525 videlicet
1686 462 2034 517 sanctorum
2145 454 2375 511 minam
2405 451 2612 519 (Apoc
2647 462 2726 516 ιε,
2764 446 2871 511 15)-

1420 557 1438 567 ..
1637 557 1646 567 .
1722 548 1836 567 ...ηε
1891 546 2035 567 πλώι,
2219 538 2495 567 Ἀμυκηηζι]
2534 537 2871 567 ιιιηέιηιηηιια

385 546 571 654 atque
604 568 930 636 bonorum)
961 546 1213 622 numero
1234 575 1359 617 non
1414 557 1673 614 fuerunt.
1721 548 1842 606 Nisi
1891 546 2039 602 forte

385 686 583 737 novas
614 668 920 723 oratorum

384 776 483 819 res
511 757 586 814 de
615 767 739 828 qua
771 748 965 818 agitur
995 755 1315 814 nunquam
1344 736 1460 794 nisi
1491 732 1699 791 crebra
1727 730 1853 785 imo
1903 738 2041 780 con-

389 849 561 907 tinua
613 812 704 899 sui
746 834 1098 910 repetitione
1147 812 1462 899 lsignetur,
1519 829 1578 879 et
1641 836 1776 894 quae
1838 812 2040 878 semel,

385 904 476 1002 vel
556 904 832 1004 quoties-
899 919 1318 994 opportunitas
1404 911 1643 986 expetit,
1712 904 2046 1004 memorata

388 989 704 1087 sufﬁceret,
736 989 1032 1085 frequenti
1055 1006 1365 1065 iteratione
1398 1000 1702 1059 fastidium
1723 994 1848 1051 suis
1879 989 2046 1047 audi-

387 1078 620 1172 toribus
672 1078 924 1175 ingerat.
967 1100 1384 1157 incunctanter
1412 1093 1616 1162 itaque
1664 1086 1799 1141 dico
1828 1081 1973 1154 quia
1997 1078 2045 1133 si

386 1201 480 1269 vel
501 1206 577 1271 te,
595 1196 692 1256 vel
711 1191 1064 1269 quempiam
1095 1187 1304 1255 alium,
1336 1184 1461 1261 sive
1486 1178 1763 1235 hebetem
1796 1188 1901 1228 seu
1932 1184 2048 1225 cer-

389 1297 446 1353 te
463 1270 909 1351 calumniosum
932 1277 1355 1336 intellectorcm
1387 1270 1742 1341 scriptorum
1775 1275 2045 1325 suorum,

391 1381 456 1441 in
471 1380 589 1439 hac
609 1374 898 1433 duntaxat
919 1382 1107 1426 causa
1127 1364 1395 1421 futurum
1422 1356 1775 1432 putavisset,
1799 1348 2046 1407 omnino

391 1473 559 1531 tanta
584 1458 1008 1540 perspicuitate
1036 1453 1367 1526 scripsisset
1387 1454 1473 1516 ut,
1525 1455 1901 1518 quaecunque
1948 1452 2048 1493 ca-

389 1525 853 1619 lumniatoribus
899 1525 1172 1615 congrua
1192 1537 1586 1615 praevidisset,
1650 1525 2049 1604 opportunius

464 1783 631 1841 Idem
663 1780 866 1854 utique
904 1780 1155 1850 Prosper
1202 1774 1259 1828 et
1289 1768 1545 1825 Hilarius
1592 1763 1730 1821 satis
1762 1759 2048 1826 indicant,

405 1873 530 1949 qui,
559 1886 742 1944 super
766 1847 1247 1924 bbiatratoribus
1278 1860 1406 1931 ejus
1437 1857 1515 1913 ad
1544 1872 1684 1911 cum
1714 1868 1822 1926 pro
1856 1847 2049 1907 studio

395 1963 744 2029 scribentes,
775 1958 846 2014 de
877 1959 1223 2012 sanctorum
1247 1946 1631 2005 solummodo
1662 1939 2052 2017 praedestina-

394 2044 555 2121 tione
587 2049 765 2107 motis
814 2041 1251 2120 qurestionibus
1276 2034 1628 2111 responderi
1677 2031 2048 2105 petiverunt;

396 2156 661 2217 quorum
700 2133 1089 2212 petitionibus
1158 2127 1532 2186 satisfaciens
1562 2123 1641 2181 ad
1689 2120 2054 2188 interrogata

394 2229 819 2309 responsiones
846 2238 1147 2295 congruas
1178 2217 1463 2283 elimavit,
1488 2228 1750 2288 quorum
1803 2207 1899 2266 vel
1932 2223 2055 2265 ma-

392 2297 562 2380 xinia
589 2319 663 2375 de
691 2320 1039 2373 sanctorum
1055 2306 1581 2387 prmdestinatione
1612 2300 1935 2369 ertcbatur,
1960 2297 2055 2353 cui

396 2406 782 2467 enucleandae
812 2404 1022 2461 doctor
1063 2397 1470 2456 suavissimus
1506 2409 1576 2449 ac
1609 2388 2052 2450 veracissimus,

395 2502 693 2577 quantum
716 2494 859 2552 satis
885 2490 1111 2566 putavit
1143 2502 1395 2555 operam
1436 2480 1752 2555 impendit,
1812 2494 1921 2533 nec
1977 2481 2056 2532 ta-

394 2566 538 2645 men
564 2585 716 2642 adeo
737 2579 1073 2656 suppressit
1104 2576 1374 2641 alteram,
1407 2571 1555 2645 quin
1606 2566 1798 2625 sicubi
1844 2580 2059 2639 oppor-

402 2680 618 2733 tunum
631 2670 942 2746 judicavit,
960 2668 1127 2723 illam
1151 2663 1330 2720 etiam
1356 2657 1827 2717 commendaret.

474 2816 658 2883 Quasi
675 2830 814 2871 vero
843 2812 905 2868 in
932 2807 1155 2866 sanctis
1184 2810 1309 2862 tam
1334 2801 1634 2859 veteribus
1659 2814 1847 2873 quam
1889 2796 2063 2853 novis

409 2905 727 2979 Seripturis
748 2916 1014 2975 nequam
1061 2899 1171 2953 iste
1204 2894 1422 2951 modus
1443 2890 1763 2948 locutionis
1810 2886 2067 2944 inveniri

405 2995 619 3071 possit,
643 3009 785 3050 cum
815 2991 976 3047 dicat
1019 2984 1331 3043 Psalmista
1367 3000 1379 3039 :
1428 2983 1654 3038 Panem
1711 2979 2064 3048 angelorum

2219 538 2523 613 Nunquid,
2534 537 2881 607 ubicunque
2894 531 3123 602 absque
3137 526 3551 584 additamento
3568 538 3689 596 pon
3699 538 3811 577 un-

949 651 1419 711 declamationes
1434 643 1744 702 sinducere
1763 637 2043 711 paras,ut
2145 634 2261 698 tur,
2288 612 2424 686 ideo
2442 627 2641 684 licebit
2684 623 3019 692 cuicunque
3046 634 3156 692 pro
3186 616 3362 672 libitu
3394 629 3527 681 suo,
3562 612 3657 668 vel
3690 628 3813 666 ma-

2147 721 2238 778 los
2265 734 2375 793 pro
2401 717 2601 785 bonis,
2628 713 2928 771 velbonos
2949 725 3057 782 pro
3089 706 3265 763 malis
3297 704 3603 777 acccipere
3625 705 3651 758 ?
3687 703 3811 757 Ab-

2152 810 2226 866 sit
2250 789 2365 864 lioc
2384 808 2611 880 quippe
2634 802 2938 875 aspirante
2970 797 3243 865 Domino,
3273 794 3386 866 piis
3415 789 3813 847 intellectibus

2150 876 2595 956 reservatur—ut,
2626 905 2925 965 perpensa
2966 886 3218 943 ﬁdeliter
3260 900 3330 940 ac
3363 880 3650 937 veraciter
3700 876 3817 933 loci

2152 986 2358 1059 reique
2386 981 2850 1045 circumstantia,
2883 976 3031 1050 quid
3062 974 3318 1047 qualiter
3346 970 3540 1042 accipi
3593 967 3819 1023 debeat

2151 1054 2577 1149 perscrutetur.
2622 1073 2741 1125 Hoc
2771 1066 2955 1123 modo
2986 1069 3044 1121 et
3074 1061 3364 1120 Dominus
3400 1060 3463 1115 in
3493 1054 3818 1126 Evangelio

2151 1146 2390 1222 locutus
2420 1166 2531 1229 est,
2559 1176 2696 1216 cum
2724 1157 2807 1213 ait
2836 1173 2849 1211 :
2883 1155 3096 1211 Omnia
3122 1166 3255 1223 que
3282 1149 3468 1206 vultis
3489 1152 3553 1202 ut
3576 1146 3818 1217 faciant

2153 1253 2313 1311 vobis
2343 1252 2627 1319 homines,
2658 1254 2711 1304 et
2742 1262 2842 1303 vos
2872 1245 3062 1315 facite
3086 1243 3212 1297 illis
3266 1239 3543 1296 similiter
3573 1234 3817 1307 (Matth.

2153 1361 2255 1414 vn,
2309 1342 2432 1413 l2):
2477 1337 2760 1411 Nunquid
2813 1335 2912 1392 hic
2972 1330 3332 1407 perversitas
3388 1326 3816 1384 malivolorum

2156 1407 2415 1501 gestiens
2436 1426 2594 1481 dicet
2620 1407 2656 1481 εἶ.
2679 1421 2935 1478 Domino
2966 1418 3080 1474 sibi
3109 1418 3477 1489 praeceptum
3505 1416 3588 1479 ut,
3615 1407 3815 1465 libidi-

2156 1518 2336 1575 nibus
2394 1516 2644 1586 aliisque
2697 1509 3023 1567 sceleribus
3076 1503 3390 1577 implicati,
3439 1512 3821 1574 quaecunque

2156 1606 2367 1664 volunt
2385 1604 2463 1661 ab
2495 1584 2624 1660 aliis
2644 1600 2758 1656 sibi
2786 1597 3060 1670 nequiter
3086 1594 3233 1657 ﬁeri,
3275 1591 3491 1655 eadem
3522 1593 3578 1646 et
3607 1586 3719 1659 ipsi
3750 1584 3819 1640 il-

2083 1722 2121 1775 B
2158 1698 2231 1754 lis
2260 1695 2484 1754 faciant
2507 1695 2536 1750 ‘t
2583 1698 2636 1748 et
2669 1692 2783 1746 hoc
2812 1686 3001 1746 absit!
3053 1686 3246 1745 Pietas
3279 1682 3503 1758 quippe
3552 1679 3823 1737 benevo-

2157 1788 2356 1844 lorum
2382 1783 2567 1840 modo
2599 1780 2866 1854 quodam
2898 1775 3142 1850 proprio
3163 1774 3222 1831 id
3250 1772 3569 1835 Dominum
3598 1766 3826 1823 dixisse

2157 1874 2449 1945 intelligit,
2484 1877 2566 1940 ut,
2599 1884 2978 1944 quaecunque
3021 1866 3186 1921 bona
3230 1867 3292 1945 (et
3344 1862 3596 1917 honesta
3626 1872 3696 1912 ac
3734 1870 3827 1909 se-

2158 1963 2431 2023 cundum
2461 1963 2561 2018 Dei
2586 1960 2980 2021 voluntatem,
3025 1944 3310 2010 charitatc
3348 1965 3472 2019 non
3513 1947 3676 2015 ﬁcta,
3720 1961 3824 2007 no-

2158 2054 2251 2112 bis
2278 2052 2407 2110 iieri
2432 2050 2736 2119 volumus,
2763 2045 2978 2103 eadem
3011 2043 3140 2100 aliis
3174 2041 3469 2109 faciamus
3502 2054 3518 2106 ;
3550 2041 3608 2095 et
3634 2033 3825 2092 multa

2161 2144 2281 2202 alia
2301 2158 2436 2216 quas
2490 2139 2739 2214 exsequi
2786 2133 3195 2194 necessarium
3240 2129 3612 2202 judicamus.
3645 2121 3819 2203 Quod

2162 2247 2305 2304 ergo
2343 2230 2491 2288 dicis
2525 2245 2540 2284 :

2732 2347 2979 2388 JOANNES
3022 2345 3250 2386 SCOTUS.

2236 2429 2401 2500 (Cap.
2439 2427 2518 2491 l4,
2542 2438 2713 2478 num.
2747 2426 2799 2491 3,
2827 2425 2967 2477 sect.
2996 2420 3070 2490 1.)
3092 2424 3131 2474 Θ
3161 2417 3369 2475 Omnie
3397 2414 3569 2471 homo
3591 2417 3699 2468 aut
3735 2412 3822 2465 bo-

2164 2533 2299 2581 nus,
2331 2520 2436 2573 aut
2467 2513 2661 2569 malus
2683 2516 2766 2568 est
2796 2510 3119 2582 ,‘similiter
3148 2508 3221 2569 de
3250 2505 3488 2577 angelo.

2835 2631 3145 2673 CORRECTIO
3159 2654 3174 2668 .

2230 2711 2265 2778 1·
2292 2712 2358 2765 Et
2385 2723 2520 2775 nos,
2547 2704 2826 2762 eamdem
2855 2702 3269 2760 definitionem
3297 2701 3588 2766 tenentes,
3618 2708 3822 2753 secun-

2170 2800 2319 2859 dum
2350 2794 2762 2853 auctoritatem
2791 2790 3253 2863 Scripturarum,
3274 2789 3643 2859 Petrumque
3660 2796 3826 2849 vene-

2169 2886 2504 2948 randorum
2534 2880 2943 2953 concordiam,
2995 2878 3253 2935 dicimus
3298 2877 3497 2933 bonos
3528 2869 3827 2946 prmdesti-

2171 2981 2347 3034 natos
2371 2973 2448 3031 ad
2473 2972 2679 3038 vitam,
2696 2968 2893 3026 malos
2916 2967 2995 3027 ad
3015 2982 3263 3039 poenam
3289 2982 3302 3033 ;
3331 2963 3476 3036 quia
3502 2963 3633 3018 haec
3658 2964 3824 3017 sunt:

406 3083 800 3143 manducavit
836 3080 1007 3136 homo
1055 3077 1180 3149 (Ps.
1234 3089 1454 3140 Lxxvu,
1498 3071 1608 3141 23),
1644 3069 1747 3124 ubi
1779 3084 1901 3123 non
1951 3064 2067 3122 nisi
2097 3075 2138 3129 0
2174 3065 2373 3135 Opera
2398 3061 2640 3119 Domini
2654 3074 2898 3129 magna,
2922 3057 3221 3128 exquisita
3245 3056 3307 3110 in
3340 3067 3538 3109 omnes
3564 3051 3823 3107 volunta~

410 3180 756 3234 sanctorum
801 3168 1156 3239 angelorum
1188 3162 1437 3232 intelligi
1483 3161 1679 3216 debet.
1728 3162 1875 3214 Nam
1930 3172 2069 3212 cum

410 3262 611 3334 angeli
637 3261 916 3317 dicantur
944 3262 1001 3313 et
1024 3254 1170 3312 boni
1198 3257 1256 3309 et
1275 3250 1439 3313 mali,
1473 3248 1739 3304 crebrius
1783 3262 1923 3301 cum
1972 3244 2075 3299 ad-

409 3347 1009 3422 ditamentoproprize
1034 3340 1430 3401 distinctionis
1450 3338 1594 3411 poni
1613 3337 1823 3405 solent,
1844 3340 1907 3391 ut
1923 3354 1934 3391 ε
1952 3335 1998 3390 Α
2012 3350 2078 3389 n-

413 3443 565 3514 gelis
585 3440 707 3496 suis
730 3436 1020 3493 mandavi
1044 3433 1118 3488 de
1134 3431 1323 3503 te(Ps.
1356 3445 1447 3495 xc,
1468 3433 1488 3482 t
1506 3428 1570 3482 l‘.
1608 3428 1708 3495 Et,
1733 3426 2077 3481 Benedicite

414 3529 758 3591 Dominum,
800 3524 1001 3595 angeli
1029 3524 1157 3591 ejus
1185 3524 1447 3590 potentes
1493 3518 1734 3585 virtute,
1787 3516 2075 3585 facientes

416 3619 660 3676 verbum
690 3616 837 3685 ejus,
857 3612 938 3668 ad
959 3607 1321 3667 audiendam
1348 3621 1542 3661 vocem
1567 3621 1901 3660 sermonum
1924 3606 2070 3673 ejus.

416 3705 763 3764 Benedicite
811 3698 1302 3770 Dominolomnes
1332 3697 1582 3751 virtutes
1636 3697 1784 3764 ejus,
1816 3694 2077 3748 ministri

418 3795 570 3865 ejus,
591 3791 698 3862 qui
712 3787 918 3860 facitis
940 3786 1305 3841 voluntatem
1322 3782 1450 3850 ejus
1469 3780 1589 3849 (Ps.
1611 3795 1701 3847 cu,
1720 3780 1809 3843 20,
1829 3781 1940 3845 2i).
1971 3780 2037 3832 Et
2060 3795 2074 3832 :

422 3881 529 3954 qui
573 3879 729 3950 facit
794 3875 1039 3946 angelos
1096 3886 1231 3927 suos
1314 3869 1585 3939 spiritus,
1643 3873 1696 3923 et
1771 3867 2076 3921 ministros

418 3984 556 4026 suos
576 3969 772 4040 ignem
798 3969 1067 4021 urentem
1099 3962 1217 4034 (Ps.
1240 3975 1354 4026 cm,
1383 3958 1457 4029 4).
1486 3960 1549 4013 Et
1575 3975 1585 4011 :
1621 3955 1895 4011 Laudate
1920 3970 2073 4026 eum,

419 4059 627 4131 angeli
653 4059 802 4127 ejus,
838 4055 1084 4112 laudate
1113 4067 1244 4108 eum
1275 4064 1472 4106 omnes
1520 4048 1766 4102 virtutes
1798 4049 1926 4116 ejus
1954 4046 2071 4115 (Ps.

421 4163 650 4211 cnviu,
681 4146 757 4215 2).
792 4147 857 4199 Et
886 4141 1175 4216 Dominus
1199 4139 1263 4193 in
1292 4136 1613 4205 Evangelio
1637 4137 1853 4191 :Mittet
1882 4135 2076 4190 Filius

422 4234 680 4291 hominis
721 4232 965 4301 angelos
994 4243 1148 4293 suos,
1193 4232 1248 4282 ct
1297 4225 1598 4295 separabit
1627 4225 1818 4279 malos
1849 4224 1922 4280 de
1959 4238 2075 4279 me-

421 4324 521 4379 dio
539 4324 866 4393 justorum,
883 4324 937 4374 et
964 4319 1155 4372 mittet
1178 4331 1271 4371 eos
1291 4316 1356 4370 in
1378 4316 1679 4371 caminum
1702 4314 1857 4384 ignis
1875 4313 2071 4383 (Matt.

2183 3163 2266 3213 tes
2289 3157 2436 3225 ejus,
2460 3150 2875 3211 misericordia
2896 3147 3170 3207 videlicet
3184 3150 3240 3203 et
3255 3143 3555 3215 judicium
3575 3142 3700 3211 (Ps.
3746 3154 3829 3205 ex,

2179 3247 2255 3317 2).
2288 3244 2498 3303 Omnes
2516 3242 2671 3298 enim
2684 3255 2791 3295 nos
2832 3236 3223 3307 manifestari
3251 3237 3479 3303 oportet
3493 3236 3633 3287 ante
3667 3228 3837 3285 tribu-

2180 3334 2290 3393 nal
2321 3331 2590 3402 Christi;
2613 3334 2673 3384 ut
2704 3329 2929 3398 referat
2952 3324 3358 3395 unusquisque
3403 3320 3662 3392 propria
3715 3332 3834 3373 cor-

2185 3424 2379 3494 poris,
2402 3424 2583 3491 prout
2607 3419 2783 3489 gessit
2806 3417 2929 3475 sive
2951 3415 3169 3471 bonum
3198 3413 3318 3468 sive
3339 3411 3566 3471 malum
3589 3408 3683 3479 (ΙΙ
3708 3407 3832 3463 Cor.

2182 3530 2237 3581 v,
2264 3511 2368 3583 10).
2407 3509 2463 3566 Si
2493 3523 2637 3578 ergo
2669 3521 2881 3563 omnes
2925 3500 3452 3560 manifestabimur
3480 3502 3617 3554 ante
3666 3495 3836 3555 tribu-

2182 3602 2287 3660 nal
2322 3599 2553 3671 Christi,
2586 3613 2797 3655 omnes
2814 3593 3249 3666 judicabimur,
3278 3590 3351 3647 de
3382 3587 3671 3647 omnibus
3704 3599 3836 3659 prae-

2181 3690 2551 3749 destinatum
2571 3683 3303 3759 estqualiterjudicemur.
3339 3683 3406 3735 Et
3428 3679 3542 3734 hoc
3568 3682 3659 3734 est
3677 3671 3832 3749 quod

2182 3780 2267 3837 ait
2314 3775 2684 3850 Apostolus:
2741 3776 2813 3831 Ut
2867 3773 3095 3843 referat
3129 3770 3534 3841 unusquisque
3587 3765 3831 3836 propzia

2184 3869 2472 3939 corporis,
2496 3869 2681 3936 prout
2709 3865 2887 3934 gessit
2908 3865 3029 3918 sive
3056 3862 3274 3917 bonum
3300 3859 3421 3917 sive
3438 3858 3692 3919 malum.
3716 3858 3829 3911 Non

2188 3937 2352 4015 enim
2378 3952 2777 4012 celebrabitur
2792 3950 3097 4008 fortuitum
3115 3947 3435 4021 judicium.
3459 3951 3516 4002 et
3549 3944 3719 4018 quod
3738 3937 3831 3999 nul

2181 4048 2274 4105 lus
2289 4050 2426 4103 ante
2441 4042 2784 4119 praescierit,
2809 4041 2903 4098 vel
2916 4038 3280 4114 praetinierit.
3302 4035 3596 4094 Praescivit
3614 4040 3677 4091 et
3693 4047 3831 4107 prie-

2182 4136 2373 4195 finivit
2402 4140 2582 4207 atque
2632 4133 2950 4205 disposuit,
3005 4129 3099 4187 vel
3148 4125 3610 4202 prtedestinavit,
3672 4128 3832 4194 atque

2184 4225 2609 4302 praeordinavit
2632 4222 2929 4295 judicium
2968 4236 3147 4277 suum
3178 4222 3333 4276 Deus
3380 4212 3830 4275 tantummodo:

2185 4316 2436 4387 angelus
2466 4318 2668 4372 autem
2697 4316 2753 4369 et
2783 4312 2968 4369 homo
2995 4308 3311 4383 przescivit,
3342 4323 3467 4364 non
3492 4306 3675 4363 etiam
3701 4315 3830 4376 pl‘tB—

421 4392 683 4481 1111.41).
716 4410 798 4464 De
819 4406 993 4464 malis
1014 4411 1216 4462 autem
1248 4422 1261 4460 :
1290 4404 1557 4475 Angelus
1594 4403 1855 4459 crudelis
1879 4404 2071 4459 mitte—
2100 4428 2148 4484 D
2186 4405 2508 4464 destinavit
2532 4418 2730 4475 neque
2761 4400 3076 4474 disposuit.
3112 4398 3264 4465 Quia
3314 4397 3497 4469 igitur
3545 4392 3826 4468 judicium

421 4507 526 4558 tur
543 4506 755 4558 contra
779 4514 912 4555 eum
942 4498 1143 4569 (Prov.
1175 4510 1317 4561 xvn,
1350 4494 1457 4565 tl).
1484 4496 1550 4547 Et
1576 4508 1590 4547 :
1643 4493 2069 4548 'Immissionem

415 4606 529 4662 per
550 4590 795 4661 angelos
819 4589 1010 4644 malos
1057 4586 1177 4658 (Ps.
1222 4599 1480 4653 LXXXVII,
1531 4582 1642 4653 49).
1678 4584 1763 4649 Et,
1809 4582 2073 4650 Spiritus

416 4679 663 4737 Domini
681 4679 879 4734 malus
896 4689 920 4747 ;
938 4680 996 4732 et
1008 4690 1251 4730 rursum
1273 4673 1400 4728 sine
1422 4671 1833 4728 additamento
1857 4669 1932 4724 de
1962 4669 2071 4725 bo-

416 4769 510 4825 nis
538 4767 821 4841 quidem:
850 4766 999 4822 Cum
1031 4764 1255 4821 venerit
1273 4762 1467 4817 Filius
1485 4761 1739 4817 hominis
1768 4761 1830 4816 in
1861 4761 2071 4830 majes-

419 4863 542 4915 tate
567 4872 699 4927 sua,
733 4866 789 4911 et
816 4870 1015 4912 omnes
1043 4852 1398 4924 angelicum
1418 4865 1481 4907 eo
1508 4850 1746 4921 (Matth.
1770 4866 1909 4916 xxv,
1955 4852 2063 4922 31).

416 4949 486 5002 Et
510 4947 688 5002 item:
718 4944 1005 5001 Messores
1034 4943 1239 5014 angeli
1264 4946 1406 4996 sunt
1431 4939 1829 5012 (Matth..xm,
1862 4940 1970 5010 39).
2005 4942 2071 4995 Et

416 5033 561 5090 item
592 5049 607 5088 :
643 5034 756 5100 Qui
770 5034 932 5090 sedes
953 5047 1134 5101 super
1165 5031 1508 5087 Cherubim.
1540 5031 1609 5084 Et
1632 5045 1912 5085 rursum:
1958 5029 2072 5085 Cui

414 5123 571 5180 enim
594 5123 948 5192 angelorum
965 5122 1121 5176 dixit
1138 5136 1161 5176 .·
1179 5122 1372 5176 Filius
1394 5134 1556 5176 meus
1576 5134 1634 5176 es
1653 5123 1738 5189 tu,
1761 5134 1866 5190 ego
1899 5120 2073 5176 hodie

409 5213 597 5286 genui
604 5216 696 5269 te?
710 5211 917 5282 (Hebr.
937 5212 981 5279 Ι,
1008 5211 1113 5281 t3.)
1134 5210 1369 5266 Etitem.
1386 5210 1561 5266 Etad
1570 5211 1813 5281 angelos
1835 5211 2069 5281 quidem

412 5304 560 5363 dicit
579 5301 777 5372 (Ibid).
809 5302 876 5356 Et
896 5315 1173 5355 rursum:
1204 5300 1543 5355 Laluerunt
1568 5299 1811 5371 quidam
1838 5300 2071 5370 angelis

408 5392 669 5462 hospites
683 5390 933 5461 receptis
950 5389 1158 5462 (Hebr.
1181 5406 1312 5459 xui,
1338 5394 1415 5457 2).
1446 5395 1517 5444 Ue
1538 5388 1716 5445 malis
1745 5392 1966 5445 autem:
1995 5391 2071 5446 In

411 5480 652 5538 Cherub
684 5485 977 5543 extentus,
1011 5484 1066 5535 et
1083 5483 1401 5548 protegens
1430 5479 1494 5534 in
1523 5483 1723 5534 monte
1740 5484 1948 5534 sancto
1961 5478 2074 5534 Dei

410 5569 650 5635 (Ezech.
667 5585 879 5638 xxvm,
897 5569 1006 5635 14).
1028 5570 1124 5623 Et:
1144 5568 1395 5624 Nescitis
1409 5567 1568 5639 quod
1582 5569 1825 5637 angelos
1832 5568 2072 5637 judica-

408 5653 569 5722 bilis,
585 5662 809 5725 quanto
825 5658 1016 5724 magis
1041 5657 1469 5723 seecularia?(1
1486 5656 1622 5713 Cor.
1645 5673 1726 5724 v1,
1748 5657 1828 5727 3.)
1850 5659 1951 5712 Et:
1965 5658 2070 5713 So-

408 5741 554 5799 luti:
574 5748 834 5809 quatuor
852 5744 1104 5813 angelis,
1130 5746 1239 5813 qui
1260 5745 1471 5811 parati
1487 5750 1660 5802 erant
1686 5747 1748 5801 in
1761 5745 1993 5814 horam,
2012 5752 2068 5802 et

2186 4496 2287 4554 Dei
2315 4496 2587 4551 futurum
2604 4490 2814 4562 negari
2829 4505 2952 4548 non
2975 4492 3173 4563 potest
3196 4487 3499 4544 bonorum
3517 4487 3699 4556 atque
3714 4493 3827 4536 ma-

2181 4586 2380 4643 lorum
2411 4602 2426 4653 ;
2458 4598 2655 4655 neque
2684 4578 3157 4655 praedestinatio,
3188 4577 3250 4633 id
3286 4580 3377 4634 est
3413 4574 3726 4648 dispositio
3775 4565 3827 4622 il-

2177 4675 2321 4743 lius,
2346 4673 2646 4730 ullatenus
2669 4670 2785 4727 nisi
2814 4668 3132 4727 inﬁdeliter
3159 4667 3512 4737 denegatur.
3564 4655 3827 4720 Pertinuit

2176 4764 2403 4837 quippe
2430 4760 2510 4819 ad
2537 4758 2979 4834 praescientiam
3020 4756 3124 4813 Dei
3160 4760 3227 4815 ut
3262 4755 3328 4812 in
3373 4770 3448 4811 ea
3501 4746 3824 4826 disponeret

2179 4833 2308 4927 ipse
2328 4833 2411 4908 ac
2438 4833 2891 4924 praedestinaret
2913 4846 3083 4921 quod
3110 4846 3309 4903 fuerat
3350 4845 3639 4903 faciams.
3670 4833 3823 4897 Habi-

2178 4925 2347 4999 turus
2376 4942 2689 5012 estitaque
2714 4937 3011 5009 judicium
3038 4936 3101 4993 in
3147 4951 3270 5008 quo
3311 4933 3693 5006 judicaturus
3744 4925 3821 4981 est

2176 5032 2374 5089 bonos
2404 5034 2461 5087 et
2493 5028 2710 5095 malos,
2733 5029 2913 5084 ethoc
2945 5025 3407 5100 predestinavit,
3456 5024 3572 5081 hoc
3601 5024 3690 5081 est
3712 5015 3819 5075 dis—

2176 5120 2401 5196 posuit,
2422 5120 2483 5176 in
2510 5134 2583 5175 ea
2607 5117 2988 5191 praescientia
3015 5132 3154 5190 quae
3182 5130 3295 5171 nec
3320 5113 3444 5170 falli
3486 5111 3682 5169 valeat
3727 5116 3817 5161 nec

2176 5187 2419 5268 mutari.
2454 5208 2512 5266 Si
2555 5187 2697 5278 ergo
2725 5222 2851 5263 non
2880 5209 3021 5263 sunt
3033 5187 3467 5278 “praedestinati
3499 5200 3644 5258 mali
3672 5194 3745 5256 ad
3770 5187 3819 5246 id

2176 5298 2347 5373 quod
2360 5301 2685 5367 merentur,
2698 5298 3137 5369 consequenter
3147 5309 3259 5350 nec
3270 5294 3291 5365 j
3301 5291 3719 5349 udieabuntur.
3738 5283 3764 5336 J
3772 5294 3819 5334 u-

2177 5387 2542 5446 dicabuntur
2658 5390 2867 5443 autem
2921 5382 3386 5458 ;praedestinati
3486 5382 3628 5436 sunt
3693 5381 3816 5438 ergo

2173 5477 2509 5550 judicandi.
2543 5480 2641 5534 Est
2666 5472 3300 5548 igiturprasdestinatio
3333 5470 3657 5535 malorum,
3685 5458 3815 5550 Qui?

2176 5568 2286 5626 ille
2312 5568 2518 5626 reddet
2546 5542 2887 5638 amicusque
2914 5566 3239 5623 secundum
3285 5577 3433 5634 opus
3476 5575 3669 5625 suum,
3724 5542 3813 5622 qui

2175 5673 2390 5805 ginnas
2408 5657 2788 5729 judicaturus
2819 5661 2929 5724 est,
2952 5655 3169 5727 cuique
3185 5653 3351 5711 dedit
3367 5656 3535 5709 Pater
3551 5659 3725 5707 omne
3739 5639 3815 5710 ju‘

2176 5796 2177 5799 η
2220 5761 2424 5805 icium.

2176 5761 2424 5805 dictum.
