3936 6396
147 274 288 331 110⁵7

1095 274 1183 327 DE
1223 269 1884 338 ΡΗᾼΒΒΕΗΓΙΝΔἹἸΟΝΕ
1921 269 2203 340 ΕΟΝΤΒΑ
2239 273 2292 340 ,1,
2332 273 2631 345 ββΟΤυΜ.

3445 288 3583 353 1198

223 399 402 458 Porro
441 393 608 466 quod
651 395 952 460 cavillaris
995 397 1150 470 (cap.
1188 401 1272 465 14,
1311 413 1480 460 num.
1513 400 1546 454 4
1579 410 1696 452 sec.
1730 395 1807 464 2),
1839 395 1886 459 ᾼ
1923 392 2086 461 ritis;
2117 396 2208 452 eti

1963 392 2050 450 itis
2076 412 2086 461 ;
2117 399 2172 452 et
2191 396 2620 468 investigabilis
2643 398 3019 476 veritas,qua
3049 419 3219 475 quem
3250 407 3382 468 vult
3407 408 3588 470 obdw

143 487 223 542 Β.
255 485 663 555 Augustinum
701 501 825 545 non
873 487 1096 546 dia-isse
1137 490 1196 546 in
1243 487 1811 558 prcedertinatorum

143 575 232 633 ad
278 577 466 633 vitam
515 591 764 632 numero
813 591 934 634 non
975 578 1250 647 fuerunt,
1297 577 1399 633 sed
1435 576 1706 636 absolute
1747 574 1810 628 in

141 665 715 734 pra’destinalorum
764 681 1012 726 numero
1061 682 1181 724 non
1222 667 1496 736 fuerunt,
1532 663 1812 726 Sutﬁeere

143 753 266 826 piis
316 754 621 814 mentibus
675 754 873 822 debet,
907 755 1074 828 quod
1103 756 1228 813 dixi
1271 772 1410 814 eum
1442 772 1478 813 a
1507 754 1729 816 sanctis
1759 758 1817 813 et

144 841 326 901 bonis
373 844 434 900 in
477 859 732 913 regnum
763 844 864 900 Dei
905 861 1011 918 per
1056 845 1313 915 gratiam
1364 845 1463 902 Dei
1503 843 1811 916 ρνωᾱθειὶτ

140 933 304 992 natis
361 933 634 1006 cmpisse,
666 933 866 1007 deque
898 935 1046 1006 ipsis
1099 951 1440 992 sermonem
1493 933 1810 991 saluberrie

141 1038 318 1080 mum
344 1023 746 1093 conseruisse,
787 1039 897 1081 nec
929 1040 1085 1096 opus
1114 1024 1295 1080 fuisse
1322 1029 1386 1082 ut
1432 1025 1638 1082 itidem
1683 1041 1810 1079 ores

139 1109 314 1166 brius
367 1128 438 1172 ac
486 1128 594 1184 per
643 1112 757 1174 hoc
808 1113 1139 1182 tmdiosius,
1192 1113 1590 1170 inculcaretur
1643 1113 1811 1185 quod

138 1201 308 1258 saiiis
342 1202 627 1261 cordibus
660 1201 845 1260 semel
875 1201 1198 1260 inhibitum
1249 1203 1608 1262 haberetur:
1640 1202 1806 1274 quod

134 1288 315 1345 facile
344 1291 623 1363 quisquis
671 1291 766 1362 pie
804 1291 966 1361 legit,
1012 1291 1279 1350 advertit.
1313 1296 1697 1362 Cognoscens
1728 1292 1810 1349 νίς

134 1377 359 1436 delicet
383 1379 668 1436 eumdem
699 1378 925 1438 librum
956 1379 1180 1439 idcirco
1209 1380 1468 1448 editum;
1493 1380 1805 1452 quoniam,

134 1483 282 1522 eum
316 1473 512 1538 coepta
541 1473 696 1528 esset
725 1473 1071 1526 sanctorum
1117 1469 1560 1540 praedestinctio
1592 1469 1806 1542 praedi.-

135 1555 286 1618 cari.
319 1555 700 1626 insurgentes
758 1557 1032 1628 quidam,
1063 1565 1121 1614 et
1175 1559 1435 1615 maxime
1482 1558 1804 1629 Pelagiani,

135 1651 451 1718 coeperunt
469 1662 714 1703 omnem
740 1647 1206 1704 Ecclesiasticam
1228 1649 1372 1704 disci
1383 1649 1607 1720 plinam
1627 1656 1806 1720 atque

1924 488 2043 548 rat.
2075 487 2211 556 Ejus
2233 487 2483 560 quidem
2517 489 2998 561 praecedentibus
3026 493 3272 564 meritis,
3302 497 3412 553 sed
3445 515 3586 562 cum

1923 587 1994 639 eo
2023 575 2198 646 cujus
2223 577 2535 644 miseretur
2559 579 2916 654 piarumque
2937 586 3402 648 communibus:
3437 588 3589 652 sicut

1921 659 2184 722 duorum
2238 667 2643 739 geminorum,
2692 687 2958 743 quorum
3011 691 3171 738 unus
3233 678 3582 750 assumitur,

1921 766 2082 808 unus
2114 754 2487 828 relinquitur,
2519 757 2728 831 dispar
2775 765 2863 818 est
2903 762 3121 836 exitus,
3166 767 3381 828 merita
3423 785 3588 832 com-

1919 841 2167 912 munia;
2196 843 2257 899 in
2282 846 2506 916 quibus
2537 851 2740 906 tamen
2789 849 2872 907 sic
2911 852 3058 913 alter
3087 870 3315 925 magna
3349 857 3448 916 Dei
3473 858 3584 922 bov

1920 928 2103 988 nitate
2129 931 2437 1002 liberatur,
2460 940 2524 992 ut
2553 937 2702 994 alter
2727 938 2895 996 nulla
2925 941 3056 1012 ejus
3084 943 3396 1017 iniquitate
3416 945 3588 1009 damv

1920 1022 2114 1083 uetur.
2147 1021 2444 1094 Nunquid
2480 1027 2636 1082 enim
2677 1029 2964 1098 iniquitas
2993 1037 3079 1092 est
3130 1034 3300 1103 apud
3342 1036 3586 1097 Deum?

1919 1105 2071 1164 absit
2096 1111 2116 1164 ,ν
2139 1111 2244 1168 sed
2273 1112 2714 1184 iuvesta'gabiles
2737 1124 2876 1176 sunt
2910 1121 3020 1178 vice
3051 1122 3277 1192 ἐμπαί(
3308 1125 3476 1186 Rom.
3502 1141 3581 1194 Ix.

1926 1196 2032 1268 14).
2065 1195 2268 1270 Itaque
2299 1200 2775 1262 misericordiam
2805 1206 2936 1277 ejus
2964 1208 3026 1274 in
3054 1210 3147 1272 his
3187 1212 3292 1284 qui
3319 1212 3583 1276 liberam

1919 1287 2036 1354 tur,
2067 1290 2123 1344 et
2151 1287 2460 1350 veritatem
2490 1291 2552 1348 in
2578 1292 2671 1348 his
2700 1295 2807 1366 qui
2835 1297 3190 1370 puniuntur,
3221 1301 3349 1364 sine
3404 1303 3583 1362 dubi-

1921 1373 2139 1434 tatione
2169 1377 2511 1450 credamus,
2533 1397 2732 1455 neque
2758 1383 3176 1450 inscrutabilia
3202 1391 3456 1454 scrutari
3479 1395 3587 1455 aut

1920 1465 2052 1534 [al.,
2085 1465 2306 1542 neque]
2336 1468 2776 1540 investigabilia
2799 1474 3099 1546 vestigare
3128 1480 3461 1552 conemur.]

1989 1553 2024 1619 Ῠ
2061 1554 2264 1611 Cernis
2295 1557 2563 1618 frustrari
2614 1577 2720 1633 per
2749 1564 2958 1629 omnia
3010 1565 3388 1624 eollectiones
3423 1574 3580 1639 tuac,

1915 1643 2136 1715 quibus
2168 1662 2344 1716 agere
2372 1650 2690 1717 conaberis
2721 1653 3313 1724 praedestinaticuem
3350 1659 3583 1721 nullam

135 1737 579 1808 surreptionem
611 1735 881 1792 funditus
913 1743 1194 1806 evertere,
1228 1738 1492 1799 dicentes
1522 1757 1534 1795 :
1571 1739 1804 1800 Nullam
1838 1751 1877 1816 β
1916 1747 2068 1802 9550,-
2097 1733 2209 1790 οἱδὶ
2241 1742 2636 1798 Sanctorum?
2666 1756 2803 1796 ecce
2833 1742 3044 1808 dootor
3073 1747 3494 1806 vet'acissimu
3519 1749 3582 1806 in

135 1826 264 1884 fore
325 1826 726 1886 necessariam
778 1826 1286 1896 objurgationem,
1317 1827 1418 1884 ubi
1469 1833 1659 1888 totum
1705 1828 1805 1886 Dei

135 1916 330 1986 gratia
358 1920 732 1989 operaretur;
771 1916 894 1982 sed,
923 1922 1134 1984 agente
1165 1933 1536 1989 unoquoque
1555 1917 1804 1990 impune

134 2003 306 2074 quod
327 2003 518 2074 vellet,
543 2005 734 2074 gratia
758 2005 818 2060 in
842 2006 925 2060 eis
953 2010 1303 2077 operaretur
1327 2011 1390 2062 ut
1417 2007 1561 2066 boni
1583 2011 1802 2077 essent,

79 2168 82 2170 _
132 2093 232 2154 cui
259 2093 538 2165 quazrelae
569 2093 780 2152 doctor
826 2094 1301 2154 facundissimus
1344 2095 1637 2154 catholica
1669 2113 1804 2156 sua,

133 2183 312 2244 vitate
338 2183 740 2255 respondens,
774 2189 1073 2256 quantum
1105 2185 1510 2256 correptiones
1539 2191 1596 2242 et
1624 2185 1801 2245 ἀὶεοὶφ

131 2271 314 2342 plinm
359 2273 775 2330 ecclesiasticas
828 2290 936 2346 per
974 2273 1074 2328 Dei
1126 2273 1381 2342 gratiam
1431 2274 1495 2334 in
1544 2290 1801 2344 regnum

132 2361 574 2432 praedestinatis
603 2361 825 2424 sanctis
859 2363 1233 2435 prodessent,
1257 2363 1515 2422 edocuit.
1549 2366 1612 2422 Et
1642 2363 1800 2430 ideo,

131 2452 370 2522 quoties
421 2452 984 2523 prtedestinatoruin
1022 2453 1246 2512 mentio
1291 2453 1640 2524 adhibenda
1669 2454 1796 2526 fuit,

133 2540 460 2612 superﬂue,
501 2541 710 2604 iterato
751 2546 1117 2617 repeteretur
1160 2542 1348 2614 quod,
1376 2543 1506 2613 jam
1559 2543 1800 2615 piorum

133 2631 411 2692 sensibus
441 2631 827 2694 inculcatum,
863 2633 1007 2692 satis
1055 2633 1134 2692 ad
1179 2635 1405 2699 omnia,
1449 2650 1588 2706 quae
1621 2651 1800 2707 super

131 2719 348 2776 eadem
392 2737 454 2776 re
499 2721 758 2784 dicenda
808 2722 1064 2790 fuerant,
1103 2723 1445 2785 exstitisset.
1478 2724 1651 2789 Quod
1682 2724 1798 2781 evi-

129 2808 342 2866 denter
386 2811 447 2866 in
489 2811 792 2872 sententiis
843 2813 997 2883 ejus,
1049 2829 1207 2885 quas
1275 2813 1591 2886 ponendas
1644 2814 1798 2884 judi-

130 2898 298 2967 casti,
334 2900 670 2958 ostenditur
717 2917 858 2958 cum
904 2901 1122 2964 dicitur
1155 2919 1168 2957 :
1204 2902 1345 2973 [Hac
1378 2907 1466 2958 est
1493 2902 1797 2974 praedesti-

128 2988 292 3046 natio
324 2993 696 3058 sanctorum,
730 2994 786 3044 et
816 2990 962 3053 nihil
1015 2990 1180 3047 aliud
1229 2991 1607 3062 praescientia
1645 2991 1799 3048 sciliv

1915 1836 2038 1880 uno
2091 1824 2428 1897 eodemque
2486 1826 2640 1886 libro
2685 1831 3285 1903 'praedestinationem
3340 1838 3582 1909 piorum

1915 1914 2093 2000 atque
2123 1913 2450 1985 impiorum
2481 1916 2675 1978 docet.
2710 1921 3087 1986 Manifestum
3117 1929 3207 1984 est
3230 1925 3390 1988 enim
3413 1928 3581 2000 quod

1914 1998 2076 2068 dicit,
2111 2007 2168 2056 et
2227 2004 2564 2075 majoribus
2615 2007 2794 2074 etiam
2847 2009 2939 2074 his
2997 2028 3153 2084 quos
3199 1998 3496 2086 praevidit,
3527 2016 3580 2082 si

1914 2088 2080 2159 apud
2108 2105 2212 2146 eos
2255 2090 2412 2148 facta
2463 2100 2666 2160 essent
2708 2096 2832 2156 suis
2875 2098 3182 2165 musculis
3225 2102 3576 2172 credituros,

1912 2177 2134 2266 quibus
2159 2196 2285 2238 non
2315 2181 2442 2240 vult
2473 2182 2814 2254 subvenire,
2845 2202 2970 2245 non
3001 2189 3298 2260 subvenit,
3348 2191 3424 2250 de
3450 2193 3579 2266 qui-

1909 2265 2026 2360 bus
2069 2267 2285 2360 iuhsua
2333 2271 2858 2360 praedestinatione
2909 2277 3140 2344 occulte
3168 2278 3439 2360 quidem,
3470 2265 3578 2344 sed

1907 2354 2067 2428 juste
2098 2356 2602 2432 aliudjudicavit,
2655 2363 2804 2436 quid
2855 2366 3124 2438 apertius
3165 2354 3285 2434 dici
3337 2371 3577 2443 potuit?

1911 2444 2076 2504 Certe
2127 2446 2364 2522 absque
2418 2449 2539 2512 ulla
2591 2452 2848 2523 caligine
2905 2455 3085 2524 totius
3154 2457 3576 2524 nebulositatis

1908 2534 2368 2613 praedestinasse
2401 2556 2541 2600 eum
2572 2541 2796 2614 quibus
2822 2559 2950 2606 non
2979 2545 3108 2612 vult
3134 2546 3478 2620 subvenire.
3511 2551 3578 2613 ut

1909 2625 2215 2698 puniatur,
2250 2626 2534 2692 insinuat.

1981 2713 2146 2772 Idem
2177 2716 2237 2772 in
2269 2717 2483 2778 eodem
2514 2721 2790 2792 (August.
2819 2723 2892 2781 de
2931 2729 3096 2788 Dono
3128 2741 3384 2797 partem
3437 2743 3572 2802 cap.

1915 2803 2018 2873 15).
2043 2805 2186 2879 [Sed
2218 2806 2404 2871 aiunt,
2438 2808 2652 2884 inquit,
2677 2816 2743 2870 ut
2771 2812 3048 2886 scribitis,
3071 2816 3377 2884 neminem
3396 2832 3576 2891 posse

1909 2895 2298 2965 correptionis
2331 2898 2587 2954 stimulis
2619 2901 2881 2968 excitari,
2903 2903 2954 2960 si
2973 2903 3210 2972 dicatur
3236 2907 3301 2970 in
3317 2923 3577 2972 convert-

1908 2985 1972 3047 tu
2020 2983 2293 3044 Ecclesiae
2334 2985 2719 3050 audientibus
2759 2993 2967 3058 multis
2999 3011 3013 3056 :
3043 2994 3127 3062 ita
3173 3012 3238 3060 se
3285 2996 3471 3064 habet
3495 2997 3573 3054 de

128 3081 216 3140 cet
246 3077 616 3148 praeparatio
663 3077 1096 3135 beneﬁciorum
1127 3079 1250 3147 Dei,
1279 3079 1504 3156 quibus
1546 3080 1798 3139 certissiv
1827 3108 1870 3162 ο
1905 3070 2430 3162 ΡΠΕξξβδῙίΠαιίρῌθ
2459 3076 2710 3138 deﬁnita
2739 3081 3034 3142 sententia
3075 3083 3399 3148 voluntatis
3445 3085 3571 3159 Dei,

127 3183 218 3226 me
248 3166 588 3230 liberantur
613 3166 960 3239 quicunque
989 3167 1320 3228 liberantur
1346 3176 1544 3238 (Aug,
1575 3169 1650 3228 de
1677 3171 1793 3227 Βο-

126 3272 196 3318 eo
225 3271 460 3327 persev.
482 3273 535 3312 c.
560 3258 660 3327 14).
687 3259 753 3312 Et
776 3273 881 3329 per
907 3261 1090 3314 totam
1124 3257 1258 3318 libri
1284 3258 1556 3328 ejusdem
1580 3258 1793 3318 seriem

125 3359 195 3402 ea
238 3344 658 3412 moderatione
703 3345 1048 3402 disserentis
1079 3363 1276 3408 sermo
1319 3345 1591 3412 libratur,
1625 3352 1690 3406 ut
1717 3348 1793 3406 de

125 3447 382 3504 quorum
437 3433 968 3506 praedestinatione
1031 3440 1208 3490 tantas
1255 3435 1613 3507 prolixitatis
1666 3453 1789 3498 sere

126 3536 300 3582 mone
323 3522 601 3594 subjecit,
633 3523 766 3582 luce
794 3522 1014 3580 clarius
1048 3524 1338 3584 videatur.

193 3611 628 3672 Verumtamen
671 3613 956 3678 miranda
997 3617 1086 3670 est
1123 3613 1215 3670 vel
1259 3614 1458 3686 potius
1487 3613 1791 3680 horrenda

127 3714 194 3756 ac
233 3700 594 3770 detestanda
635 3703 1039 3768 versutiarum
1083 3707 1322 3768 tuarum
1371 3704 1608 3772 astutia,
1641 3721 1785 3778 qua,

126 3789 309 3846 tacitis
338 3791 628 3850 omnibus
660 3808 798 3864 quae
825 3791 900 3846 de
929 3792 1454 3864 prasitestinatione
1485 3793 1786 3852 malorum

129 3877 277 3948 (licet
318 3880 382 3938 id
420 3897 561 3948 raro
592 3881 924 3950 contigerit)
955 3882 1179 3954 posuit,
1212 3883 1295 3939 ita
1324 3899 1397 3940 ea
1424 3883 1620 3944 solum
1647 3900 1785 3956 quae

126 3964 196 4029 de
223 3973 576 4040 sanctorum
602 3970 1129 4043 prmdestinatione
1155 3969 1453 4042 disseruit,
1475 3971 1789 4045 decerpses

125 4054 218 4125 ris,
265 4073 339 4126 ac
384 4058 436 4120 si
491 4059 641 4116 nihil
689 4058 765 4118 de
814 4059 914 4124 illa
958 4059 1132 4120 fuerit
1179 4059 1450 4127 elocutus
1505 4065 1660 4134 (cap.
1697 4065 1783 4130 14,

125 4157 285 4202 num.
317 4153 370 4215 5,
403 4153 549 4205 sect.
582 4149 657 4220 2).
696 4148 853 4204 Audi
881 4148 1061 4219 igitur
1089 4148 1239 4220 quid
1282 4148 1463 4206 etiam
1493 4149 1567 4206 de
1594 4149 1694 4207 illa
1723 4149 1786 4205 in

126 4233 329 4294 eodem
354 4235 514 4298 libro
538 4242 893 4311 prosecutus
919 4237 993 4296 sit
1045 4237 1248 4310 (Aug,
1268 4237 1342 4294 de
1366 4240 1534 4295 Dono
1549 4255 1780 4309 persev.

126 4335 172 4386 c,
215 4323 340 4396 ll):
387 4326 694 4400 [Proinde,
743 4326 1045 4400 inquiens,
1103 4327 1256 4386 sicut
1307 4327 1628 4400 Apostolus
1680 4329 1782 4398 ait,

125 4425 239 4474 non
278 4417 532 4480 volentis
583 4433 772 4489 neque
821 4418 1142 4488 currentis,
1179 4418 1284 4480 sed
1334 4419 1667 4478 miserentis
1697 4425 1780 4476 est

127 4502 229 4560 Dei
274 4505 457 4576 (Rom.
514 4523 594 4576 ης,
651 4512 760 4577 16),
792 4507 898 4580 qui
941 4511 998 4563 et
1038 4507 1305 4580 parvulis
1357 4507 1582 4580 quibus
1632 4509 1778 4579 vult,

130 4591 300 4656 etiam
327 4612 450 4654 non
475 4597 816 4660 volentibus
843 4613 1042 4671 neque
1071 4597 1447 4664 currentibus
1480 4598 1779 4669 subvenit,

129 4696 274 4752 quos
304 4692 440 4756 ante
470 4687 962 4746 constitutionem
989 4687 1204 4746 mundi
1232 4687 1408 4759 elegit
1435 4689 1496 4744 in
1528 4690 1779 4761 Christo,

131 4767 367 4832 daturus
399 4778 486 4834 eis
534 4777 790 4850 gratiam
834 4778 1037 4848 gratis,
1065 4778 1181 4834 hoc
1229 4783 1318 4835 est
1363 4777 1542 4835 nullis
1571 4795 1782 4838 eorum

130 4859 217 4916 vel
259 4863 397 4928 ﬁdei
439 4866 537 4926 vel
585 4883 842 4942 operum
892 4867 1116 4925 meritis
1171 4868 1672 4941 praecedentibus,
1723 4874 1782 4928 et

131 4951 447 5024 majoribus
497 4957 678 5018 etiam
726 4957 840 5028 his,
873 4973 1030 5031 quos
1073 4958 1363 5030 praevidit,
1396 4959 1445 5018 si
1480 4959 1648 5032 apud
1676 4977 1780 5018 eos

131 5033 278 5106 facta
301 5052 500 5104 essent
529 5047 652 5116 suis
680 5046 989 5117 miraculis
1019 5047 1373 5115 credituros,
1402 5048 1625 5120 quibus
1653 5065 1779 5108 non

130 5127 248 5190 vult
287 5134 622 5208 subvenire,
667 5152 792 5198 non
844 5136 1140 5207 subvenit,
1186 5137 1261 5194 de
1311 5136 1536 5210 quibus
1574 5138 1636 5206 in
1667 5155 1778 5205 sua

130 5219 639 5286 Prmdestinatione
685 5227 914 5286 occulte
962 5226 1232 5301 quidem,
1261 5227 1368 5290 sed
1410 5227 1569 5298 jurste
1613 5228 1775 5285 aliud

128 5302 442 5374 iudicavit:
494 5320 628 5388 Non
683 5325 768 5377 est
819 5319 976 5376 enim
1027 5319 1316 5390 iniquitas
1365 5320 1531 5389 apud
1586 5321 1776 5380 Deum

137 5389 307 5460 (Rom.
334 5419 410 5477 ix,
446 5410 552 5479 14),
589 5408 698 5468 sed
727 5389 1149 5468 inscrutabilid
1197 5415 1337 5476 sunt
1355 5408 1595 5480 judicia
1625 5425 1772 5480 ejus,

137 5487 184 5538 et
205 5485 628 5567 inuestigabiles
660 5499 769 5555 viae
798 5500 926 5569 ejus
959 5499 1144 5571 (Rom.
1184 5514 1259 5570 xi,
1308 5499 1402 5570 33)
1434 5516 1448 5556 :
1482 5499 1775 5557 universae

138 5579 319 5642 autem
350 5597 454 5643 viae
477 5589 721 5645 Domini
740 5588 1116 5654 misericodt'a
1146 5594 1202 5646 et
1223 5589 1442 5646 veritas
1467 5589 1588 5661 (Ps.
1612 5605 1772 5658 xxxv,

141 5661 245 5757 Ψ).
276 5670 698 5749 lnvestigabilis
730 5693 872 5749 ergo
925 5681 1012 5734 est
1040 5677 1472 5747 misericordia,
1503 5695 1628 5752 qua
1676 5695 1774 5737 cu-

133 5762 231 5822 μδ
257 5760 374 5830 est!
400 5767 734 5839 miseretur,
762 5766 942 5840 nullis
969 5768 1102 5840 ejus
1125 5768 1607 5842 prmcedentibus
1651 5784 1774 5832 me.-

1841 3158 1862 3174 "
1908 3161 1972 3220 ut
1999 3158 2100 3216 alii
2129 3175 2202 3220 ex
2232 3160 2406 3218 vobis
2446 3162 2520 3220 de
2565 3163 2916 3226 inﬁdelitate
2969 3174 3219 3242 accepta
3247 3158 3572 3238 obediendi

1903 3246 2228 3318 voluntate,
2262 3251 2540 3307 veniretis
2570 3253 2651 3314 ad
2694 3253 2900 3322 ﬁdem,
2931 3256 3027 3322 vel
3072 3263 3321 3332 accepta
3365 3276 3571 3334 person

1905 3337 2172 3404 verentia
2199 3340 2497 3406 maneatis
2522 3340 2584 3398 in
2617 3341 2736 3401 ﬁde
2761 3361 2775 3414 ;
2803 3346 3002 3407 caeteri
3027 3362 3170 3406 vero
3199 3347 3307 3422 qui
3335 3349 3400 3408 in
3427 3365 3570 3423 pecu

1901 3430 2174 3484 catorum
2203 3427 2594 3488 delectatione
2646 3435 3058 3506 remoramini,
3107 3436 3246 3496 ideo
3289 3439 3569 3504 nondum

1899 3519 2328 3587 resurrexistis,
2363 3520 2510 3594 quia
2550 3522 2815 3590 necdum
2860 3541 2970 3581 vos
3017 3526 3390 3600 adiutorium
3435 3544 3568 3602 gres

1900 3603 1992 3668 tiae
2040 3607 2380 3666 miserantis
2419 3611 2605 3677 erexit
2642 3629 2654 3667 :
2703 3618 3121 3682 verumtamen
3167 3617 3220 3684 si
3268 3619 3375 3693 qui
3418 3619 3566 3682 estis

1896 3694 2172 3758 nondum
2202 3699 2419 3770 vocati,
2463 3717 2620 3774 quos
2668 3704 2861 3776 gratia
2891 3721 3004 3770 sua
3049 3707 3569 3780 prendestinaverit

1895 3784 2224 3859 eligendos,
2257 3789 2562 3860 accipietis
2613 3793 2895 3853 eamdem
2942 3795 3223 3866 gratiam.
3253 3812 3380 3870 qua
3425 3797 3564 3856 veli.

1895 3874 1989 3943 tis,
2023 3880 2080 3932 et
2111 3876 2234 3932 sitis
2264 3877 2433 3934 electi
2465 3897 2478 3936 :
2522 3883 2580 3946 et
2609 3880 2659 3938 si
2688 3882 2794 3954 qui
2841 3882 3118 3955 obeditis,
3153 3885 3204 3944 si
3245 3885 3564 3959 praedestis

1895 3963 2020 4020 nati
2046 3965 2185 4020 estis
2205 3966 2534 4042 rejiciendi,
2567 3968 2996 4035 subtrahentur
3024 3972 3346 4037 obediendi
3377 3975 3562 4050 vires,I

1895 4056 1960 4109 ut
2002 4052 2248 4110 obedire
2299 4056 2559 4113 cessatis.
2613 4061 2728 4114 Ista
2779 4075 2920 4116 cum
2967 4061 3198 4132 dicunt,
3226 4063 3312 4128 ita
3360 4080 3475 4131 nos
3521 4081 3563 4136 ς

1895 4142 2239 4202 conﬁtenda
2267 4159 2405 4201 vera
2434 4144 2535 4201 Dei
2565 4147 2774 4219 gratia,
2806 4147 2870 4206 id
2898 4155 3152 4225 estquae
3197 4169 3322 4210 non
3347 4170 3560 4216 securi.

1893 4230 2042 4300 dum
2068 4233 2281 4290 merita
2308 4239 2520 4294 nostra
2555 4236 2754 4310 datur,
2785 4242 2841 4300 et
2871 4256 2909 4298 a
2937 4241 3282 4306 conﬁtenda
3320 4260 3392 4314 ea
3420 4245 3555 4318 [θείη

1893 4323 2230 4382 secundum
2277 4327 2438 4399 eam]
2483 4327 3011 4400 prmdestinatione
3067 4339 3417 4398 sanctorum
3455 4336 3556 4396 de-

1894 4416 2111 4471 terrere
2135 4430 2260 4471 non
2289 4414 2514 4475 debent
2546 4435 2558 4474 :
2594 4417 2745 4482 sicut
2769 4435 2893 4478 non
2922 4421 3294 4488 deterremur
3333 4442 3372 4485 a
3411 4442 3556 4488 con-

1892 4502 2119 4562 ﬁtenda
2159 4506 2532 4581 praescientia
2559 4508 2678 4576 Dei,
2707 4509 2758 4565 si
2802 4510 2942 4584 quis
2971 4511 3048 4578 de
3077 4513 3180 4578 illa
3205 4514 3434 4586 populo
3466 4516 3553 4578 sic

1890 4593 2194 4670 loquatur,
2246 4603 2311 4656 ut
2353 4598 2560 4660 dicat;
2605 4599 2729 4656 sive
2776 4617 2938 4658 nunc
2974 4606 3134 4660 recte
3179 4604 3395 4664 vivatis
3425 4605 3552 4663 sive

1888 4701 2014 4746 non
2064 4693 2242 4759 recte,
2301 4687 2450 4744 tales
2495 4688 2657 4746 eritis
2711 4694 2924 4762 postea
2969 4691 3182 4764 quales
3224 4707 3334 4758 v0.8
3393 4695 3551 4758 Deus

1889 4775 2122 4840 futuros
2154 4792 2286 4834 esse
2315 4776 2632 4848 praescivit,
2669 4777 2761 4836 vel
2784 4778 2932 4840 boni
2963 4780 3250 4849 sibones,
3278 4781 3374 4838 vel
3402 4782 3550 4839 mali

1889 4864 1938 4922 si
1966 4865 2182 4922 malos.
2204 4865 2490 4938 Nunquid
2520 4866 2702 4935 enim,
2732 4867 2782 4932 si
2809 4867 2924 4935 hoc
2949 4869 3156 4938 audito
3184 4869 3462 4939 nonnulli.
3484 4870 3550 4941 iu

1887 4958 2192 5030 torporem
2225 4954 2666 5029 segnitiamque
2695 4961 3022 5031 vertantur,
3046 4963 3104 5016 et
3123 4975 3159 5026 θ,
3186 4959 3396 5024 labore
3414 4977 3550 5035 pro,»

1888 5044 2069 5102 clives
2124 5044 2206 5106 ad
2259 5043 2575 5102 libidinem
2631 5049 2769 5118 post
2821 5047 3346 5122 concupiscentiae
3401 5067 3546 5118 suas

1885 5139 2043 5205 eant,
2072 5138 2391 5209 propterea
2430 5133 2507 5192 de
2541 5135 2918 5207 praescientia
2947 5137 3050 5205 Dei
3076 5137 3300 5208 falsum
3326 5146 3547 5214 putans

1885 5225 2034 5280 dum
2064 5230 2154 5280 est
2172 5240 2301 5280 esse
2328 5222 2494 5296 quod
2516 5223 2746 5290 dictum
2770 5226 2896 5284 est?
2928 5230 3136 5294 Nonne
3161 5229 3213 5286 si
3239 5232 3394 5298 Deus
3412 5229 3548 5296 illos

1883 5315 2079 5371 bonos
2109 5315 2342 5370 futuros
2372 5329 2504 5370 esse
2532 5315 2852 5386 praescivit,
2874 5315 3022 5374 boni
3055 5318 3328 5387 erunt,in
3357 5333 3547 5390 quan-

1885 5405 2092 5470 talibet
2119 5420 2282 5460 nunc
2314 5402 2684 5475 malignitate
2717 5409 3058 5476 versentur;
3090 5407 3140 5472 si
3170 5411 3376 5472 autem
3418 5423 3552 5472 mas.

1883 5495 1993 5566 los,
2024 5493 2170 5562 mali
2197 5497 2373 5558 erunt
2397 5492 2459 5556 in
2488 5492 2863 5566 quantalibet
2904 5509 3069 5561 nunc
3107 5495 3379 5562 bonitate
3426 5512 3547 5563 cerw

1883 5585 2148 5646 nentur?
2191 5583 2321 5644 Fuit
2359 5582 2613 5657 quidam
2660 5581 2724 5639 in
2764 5587 2970 5649 nostro
3017 5585 3390 5652 monasterio
3439 5587 3546 5660 qui

1884 5675 2342 5749 corripientibus
2367 5672 2650 5730 fratribus
2680 5688 2788 5738 cur
2806 5674 3087 5746 quaedam
3115 5690 3241 5738 non
3270 5674 3547 5742 facienda

1889 5767 2132 5834 faceret,
2151 5769 2210 5850 et
2229 5762 2509 5832 facienda
2523 5778 2653 5828 non
2675 5761 2915 5836 fawmt,
2931 5764 3366 5838 respondebat:
3393 5768 3550 5836 Quae
