3936 6438
333 374 470 429 H99

1417 374 1474 428 S.
1515 371 1889 429 PRUDENTH
1926 368 2305 428 TRECENSIS
2343 367 2658 428 EPISCOPI

3611 373 3748 426 1200

328 497 644 570 liscunque
671 512 835 553 nunc
865 496 998 564 sim,
1021 494 1154 552 talis
1183 509 1285 552 ero
1305 494 1548 568 qualem
1579 498 1735 553 Deus
1772 510 1869 552 me
1899 493 1988 549 fu-
2017 492 2066 546 Α
2096 492 2395 564 graphum
2416 493 2686 551 libellum
2708 493 2815 568 qui
2837 494 2990 550 falso
3019 493 3527 567 Hypomnesticon
3549 495 3751 564 Augu-

331 590 532 643 turum
563 603 692 643 esse
718 585 1037 660 praescivit,
1068 584 1172 658 qui
1199 585 1468 658 profecto
1500 589 1556 642 et
1584 601 1796 642 verum
1827 585 1987 640 dice-

327 673 456 741 bat,
497 679 555 732 et
599 676 714 732 hoc
757 691 901 731 vero
929 689 1053 730 non
1083 674 1437 747 proﬁciebat
1465 675 1524 731 in
1566 675 1799 732 bonum
1834 693 1846 730 :
1881 672 1987 730 sed

328 779 522 836 usque
552 764 706 819 adeo
729 762 980 836 profecit
1006 762 1068 818 in
1099 762 1330 819 malum
1354 781 1368 833 ;
1395 767 1481 835 ut,
1511 764 1750 821 deserta
1779 777 1988 819 mona-

329 851 488 908 sterii
513 851 815 914 societate,
848 850 1017 908 ﬁeret
1081 853 1247 909 canis
1273 867 1544 909 reversus
1569 854 1649 910 ad
1681 867 1855 909 suum
1885 866 1986 908 vo-

326 941 536 996 mitum
569 938 657 1010 (II
676 940 842 996 Petr.
875 955 936 1008 ιι,
967 939 1057 1012 21)
1082 958 1095 1008 ;
1129 944 1187 996 et
1214 943 1416 997 tamen
1446 940 1647 998 adhuc
1684 939 1882 1013 qualis
1912 939 1988 995 sit

325 1028 560 1083 futurus
588 1027 885 1085 incertum
911 1032 1016 1084 est.
1053 1029 1338 1101 Nunquid
1368 1045 1511 1101 ergo
1540 1035 1786 1103 propter
1812 1028 1987 1100 huju-

325 1115 594 1172 scemodi
637 1115 896 1188 animas,
933 1133 1006 1174 ea
1031 1133 1169 1191 quae
1194 1117 1270 1174 de
1312 1119 1684 1191 praescientia
1714 1118 1816 1175 Dei
1841 1133 1987 1174 vera

324 1205 607 1262 dicuntur
625 1205 720 1263 vel
740 1207 1024 1277 neganda
1047 1212 1189 1264 sunt
1203 1207 1295 1264 vel
1311 1208 1584 1272 tacenda,
1604 1213 1745 1264 tunc
1765 1206 1987 1264 scilicet

321 1295 596 1366 quando,
625 1294 675 1350 si
703 1311 829 1352 non
852 1295 1151 1368 dicantur,
1183 1296 1246 1352 in
1272 1296 1422 1352 alios
1451 1297 1568 1353 itur
1596 1312 1826 1353 errores
1845 1296 1897 1368 ?]

326 1410 330 1412 -
393 1385 437 1455 -ι-
459 1385 605 1440 Item
625 1388 764 1456 post
782 1384 974 1440 multa
1000 1388 1296 1455 (August.,
1315 1386 1388 1442 de
1407 1388 1576 1443 Dono
1593 1402 1826 1458 persev.
1849 1401 1983 1458 cap.

322 1473 417 1545 22)
449 1491 462 1529 :
497 1474 807 1545 [Quamvis
839 1489 982 1544 ergo
1007 1474 1090 1530 ita
1118 1491 1181 1532 se
1208 1473 1431 1531 habeat
1483 1475 1559 1532 de
1597 1475 1986 1549 praedestina-

325 1562 486 1619 tione
540 1563 788 1620 deﬁnita
844 1563 1139 1620 sententia
1184 1563 1510 1621 voluntatis
1541 1565 1663 1633 Dei,
1694 1569 1761 1621 ut
1789 1564 1889 1621 alii
1915 1579 1988 1621 ex

324 1649 697 1719 inﬁdelitate,
731 1655 980 1724 accepta
1021 1650 1328 1707 voluntate
1375 1651 1717 1720 obediendi,
1747 1668 1988 1709 conver-

324 1743 530 1796 tantur
575 1739 655 1796 ad
711 1739 919 1813 ﬁdem,
949 1739 1047 1796 vel
1092 1745 1474 1813 perseverent
1499 1741 1563 1798 in
1609 1741 1764 1809 ﬁde;
1793 1741 1987 1798 caeteri

324 1846 486 1897 vero,
505 1830 610 1903 qui
634 1829 698 1886 in
717 1834 1106 1903 peccatorum
1126 1831 1567 1888 damnabilium
1597 1831 1986 1888 delectatione
2017 1860 2058 1915 Β

325 1923 728 1990 remorantur,
753 1919 802 1975 si
831 1923 890 1976 et
911 1919 1026 1992 ipsi
1056 1920 1464 1993 praedestinati
1491 1925 1652 1988 sunt,
1674 1920 1811 1977 ideo
1837 1936 1988 1977 non-

324 2011 475 2067 dum
518 2014 903 2067 surrexerunt
946 2009 1092 2083 quia
1133 2009 1408 2066 nondum
1465 2027 1568 2067 eos
1617 2010 1986 2082 adjutorium

326 2100 532 2171 gratiae
557 2099 897 2157 miserantis
927 2099 1133 2156 erexit.
1155 2099 1213 2157 Si
1237 2099 1344 2172 qui
1368 2100 1530 2156 enim
1551 2100 1827 2156 nondum
1848 2104 1988 2156 sunt

324 2190 542 2256 vocati,
572 2205 728 2262 quos
774 2188 966 2261 gratia
1009 2205 1120 2245 sua
1164 2188 1612 2263 praedestinavit
1654 2189 1985 2261 eligendos,

325 2279 620 2352 accipient
643 2277 924 2336 eamdem
954 2278 1233 2349 gratiam,
1266 2295 1392 2352 qua
1420 2278 1592 2336 electi
1611 2294 1745 2335 esse
1785 2278 1985 2346 velint,

325 2373 384 2425 et
412 2369 528 2424 sint
549 2386 562 2438 ;
586 2367 636 2423 si
665 2367 772 2442 qui
797 2371 1001 2424 autem
1031 2366 1349 2435 obediunt,
1370 2368 1478 2426 sed
1497 2367 1560 2424 in
1580 2383 1837 2440 regnum
1858 2369 1988 2440 ejus

327 2462 385 2515 et
403 2457 654 2527 gloriam
677 2457 1087 2530 praedestinati
1110 2471 1235 2513 non
1262 2461 1422 2529 sunt,
1439 2457 1801 2531 temporales
1825 2461 1985 2528 sunt,

324 2563 437 2604 nec
479 2562 675 2620 usque
715 2546 779 2603 in
817 2546 1004 2604 ﬁnem
1033 2546 1095 2603 in
1126 2545 1341 2604 eadem
1384 2547 1726 2605 obedientia
1754 2564 1992 2622 perma-

323 2638 578 2695 nebunt.
608 2637 896 2703 Quamvis
925 2652 1070 2708 ergo
1098 2638 1230 2693 haec
1277 2653 1419 2694 vera
1453 2637 1591 2707 sint,
1627 2653 1750 2695 non
1784 2642 1988 2695 tamen

325 2727 440 2784 isto
496 2727 682 2783 modo
731 2725 991 2783 dicenda
1048 2730 1188 2782 sunt
1244 2726 1627 2783 audientibus
1672 2726 1877 2784 multis
1925 2731 1990 2785 ut

327 2832 526 2873 sermo
571 2815 652 2872 ad
692 2814 857 2888 ipsos
889 2814 1066 2872 etiam
1101 2819 1500 2887 convertatur,
1533 2816 1739 2890 eisque
1782 2817 1988 2874 dican-

322 2909 419 2963 tur
429 2905 530 2962 illa
553 2905 807 2961 istorum
836 2904 1023 2962 verba
1046 2920 1183 2978 quia
1208 2906 1417 2963 vestris
1436 2905 1642 2964 litteris
1662 2905 1982 2976 indidistis,

323 2999 382 3053 et
408 3011 547 3068 quae
576 2993 854 3068 superius
883 2993 1259 3068 interposui]

393 3087 437 3156 -ι-
467 3088 533 3141 Et
561 3089 776 3141 caetera
811 3100 950 3158 quin
978 3085 1054 3142 de
1083 3084 1268 3142 modo
1321 3085 1722 3159 praedicandis
1751 3086 1982 3160 praede-

322 3173 659 3232 stinationis
704 3174 1066 3247 exsequitur.
1131 3177 1199 3232 Et
1247 3191 1490 3234 rursum
1543 3175 1607 3233 in
1665 3191 1759 3248 eo,
1815 3174 1983 3248 quod

323 3269 461 3322 ante
514 3264 699 3321 ﬁnem
753 3262 890 3320 libri
943 3263 1217 3336 ejusdem
1269 3280 1409 3321 eum
1464 3265 1739 3338 posuisse
1786 3264 1985 3322 dixisti

319 3355 474 3428 (cap.
511 3356 597 3422 14,
641 3368 812 3410 num.
846 3357 877 3409 6
926 3358 1067 3410 sect.
1114 3355 1190 3422 3).
1242 3353 1502 3426 [Nullum
1546 3358 1636 3411 est
1685 3354 1985 3428 (inquam)

317 3443 607 3501 illustrius
659 3442 1210 3515 praedestinationis
1243 3443 1590 3517 exemplum
1631 3460 1819 3517 quam
1858 3444 1987 3518 ipse

317 3533 623 3602 Mediator,
665 3531 939 3605 quisquis
967 3531 1163 3588 ﬁdelis
1192 3531 1320 3588 vult
1348 3548 1484 3589 eam
1514 3532 1670 3590 bene
1699 3534 1990 3605 intellige-

319 3637 406 3692 re,
426 3619 696 3676 attendat
711 3621 915 3691 ipsum
935 3623 1116 3694 atque
1131 3619 1194 3676 in
1213 3619 1314 3677 illo
1335 3621 1598 3678 inveniet
1629 3627 1687 3678 et
1716 3624 1988 3697 seipsum

320 3711 624 3784 (August.,
678 3708 752 3765 de
800 3709 971 3764 Dono
1009 3723 1242 3779 persev.
1274 3725 1406 3782 cap.
1458 3709 1656 3782 ult.).]
1685 3711 1990 3786 Quidquid

317 3800 415 3858 vel
443 3798 635 3856 multo
665 3801 802 3856 ante
829 3797 988 3854 hanc
1019 3797 1461 3867 sententiolam,
1493 3799 1590 3856 vel
1628 3804 1766 3872 post
1791 3818 1990 3876 usque

317 3891 382 3947 in
411 3891 597 3953 ﬁnem
627 3888 764 3945 libri
792 3887 1030 3944 locutus
1083 3891 1192 3955 est,
1219 3903 1470 3961 prorsus
1513 3889 1589 3945 de
1637 3896 1988 3949 sanctorum

317 3978 847 4053 praedestinatione
894 3976 1320 4034 tantummodo
1367 3977 1656 4043 locutum,
1714 3980 1989 4054 quisquis

317 4069 456 4142 pius
484 4067 812 4125 intellector
858 4066 1110 4136 accedit,
1143 4066 1375 4141 absque
1406 4068 1689 4142 scrupulo
1719 4069 1991 4127 dubieta-

318 4159 394 4214 tis
427 4157 719 4229 agnoscit.
751 4161 833 4213 Ac
880 4172 989 4229 per
1043 4156 1159 4213 hoc
1208 4156 1444 4214 nullum
1499 4162 1617 4214 tua;
1674 4159 1988 4217 assertioni

319 4247 744 4318 adjumentum
774 4245 1043 4302 conferre
1069 4244 1384 4318 probatur,
1417 4246 1596 4319 quasi
1625 4247 1818 4305 solam
1852 4266 1988 4306 san-

320 4340 556 4392 ctorum
600 4333 1194 4407 praedestinationem
1245 4334 1611 4407 probaverit,
1662 4337 1989 4396 malorum-

319 4439 439 4498 que
467 4422 810 4494 negaverit;
843 4421 936 4478 his
961 4421 1076 4479 ista
1105 4437 1168 4478 se
1194 4422 1582 4497 habentibus,
1613 4425 1859 4484 divertis
1907 4428 1988 4485 ad

321 4516 531 4585 aperta
559 4509 898 4582 mendacia,
916 4513 973 4567 et
1000 4509 1179 4583 ponis
1210 4511 1569 4571 sententiam
1599 4514 1844 4572 nomine
1869 4516 1987 4572 Au-

321 4599 544 4672 gustini
595 4615 720 4673 qua
773 4599 1192 4656 ostenderetur
1246 4599 1415 4675 quod
1469 4604 1625 4658 Deus
1679 4603 1987 4662 neminem

318 4690 804 4764 praedestinasset
851 4689 930 4746 ad
987 4705 1253 4763 poenam,
1285 4705 1533 4764 pcenam
1579 4707 1720 4750 vero
1756 4709 1990 4770 praepa-

317 4784 528 4848 rasset,
558 4781 675 4837 hoc
704 4783 797 4836 est
820 4779 1323 4852 praedestinasset,
1357 4781 1572 4842 merito
1599 4782 1988 4844 damnandis.

318 4871 424 4926 Ubi
469 4869 666 4944 primo
695 4868 1035 4926 notandum
1086 4869 1264 4927 video
1315 4875 1548 4944 quanta
1580 4875 1635 4930 te
1665 4873 1870 4949 ipsum
1901 4891 1994 4932 re-

315 4960 655 5034 pugnantia
683 4959 985 5017 dictorum
1031 4963 1276 5017 tuorum
1306 4959 1640 5022 ludibrium
1698 4964 1993 5021 audienti‘

314 5049 435 5106 bus
459 5065 750 5123 exponas,
781 5050 1052 5122 quicum
1082 5049 1251 5123 prius
1278 5066 1492 5124 poenas
1523 5068 1560 5109 a
1587 5055 1706 5109 Deo
1752 5054 1992 5126 praesci-

317 5141 431 5206 tas,
458 5138 917 5210 praedestinatas
946 5139 1039 5195 vel
1067 5144 1441 5213 praeparatas
1483 5142 1827 5212 negaveris,
1853 5143 1988 5215 jam

317 5225 738 5284 asseverandis
801 5230 983 5301 atque
1053 5229 1488 5290 conﬁrmandis
1555 5231 1989 5295 sententiarum

315 5316 678 5376 testimoniis
709 5317 948 5376 munire
978 5316 1294 5376 adoriaris.

389 5405 534 5462 Dein
566 5405 863 5462 sententia
904 5421 1030 5480 qua
1058 5405 1122 5462 id
1172 5407 1461 5466 roborare
1508 5410 1678 5470 nisus
1707 5417 1797 5470 est
1828 5413 1981 5488 (cap.

317 5499 405 5568 14,
432 5511 605 5551 num.
636 5501 690 5564 7,
725 5499 863 5552 sect.
891 5495 971 5568 4),
1003 5511 1128 5553 non
1158 5500 1248 5554 est
1293 5500 1630 5572 Augustini,
1663 5517 1863 5576 neque
1910 5519 1986 5560 ex

313 5583 438 5640 ullo
491 5583 806 5654 librorum,
839 5583 1253 5657 epistolarum,
1307 5602 1736 5646 sermonumve
1791 5590 1982 5663 ipsius

313 5674 629 5743 excerpta;
661 5672 738 5728 de
766 5688 890 5745 qua
919 5689 1060 5730 cum
1090 5688 1318 5747 anceps
1344 5674 1570 5736 diutius
1613 5677 1978 5751 haesitarem,

313 5755 566 5811 ubinam
619 5757 916 5814 dictorum
971 5760 1102 5830 ejus
1162 5761 1410 5832 reperiri
1466 5769 1690 5836 posset,
1728 5770 1973 5839 repente

317 5839 502 5896 subiit
517 5839 582 5896 in
599 5847 866 5900 mentem
882 5844 1324 5904 recensendum
1350 5851 1684 5920 quemdam
1711 5853 1974 5925 pseudo-

2095 579 2231 635 stini
2257 581 2620 652 inscribitur,
2651 599 2835 656 quem
2862 598 2987 639 non
3017 599 3154 640 esse
3174 582 3510 640 beatissimi
3539 585 3749 654 Augu-

2095 667 2234 723 stini
2261 668 2524 741 plurima
2552 671 2918 728 documenta
2948 675 3121 740 sunt;
3162 671 3437 728 videlicet
3463 671 3610 745 quia
3638 687 3752 728 nec

2094 772 2235 812 cum
2267 759 2495 815 caeteris
2524 759 2690 816 libris
2722 760 2847 816 suis
2876 760 2955 817 ab
2981 760 3112 833 ipso
3140 765 3493 818 retractatus
3521 765 3752 830 est,ne—

2092 861 2213 918 que
2228 846 2290 902 in
2310 847 2506 905 indice
2525 849 3222 922 sermonum,librorum,
3241 849 3752 924 epistolarumque

2091 932 2250 990 illius
2280 951 2316 991 a
2359 938 2416 993 S.
2448 937 2715 994 Possidio
2765 939 3072 1012 episcopo,
3104 938 3400 1012 discipulo
3430 940 3582 1012 ejus,
3608 954 3754 996 enu-

2093 1027 2362 1080 meratus
2393 1025 2716 1099 invenitur,
2746 1043 2944 1100 neque
2974 1027 3444 1101 quibuscunque
3469 1029 3599 1100 ejus
3623 1027 3752 1084 dic-

2093 1111 2167 1168 tis
2214 1129 2467 1170 concors
2516 1115 2795 1172 facillime
2839 1117 3290 1190 comprobatur.
3325 1122 3458 1190 Ipsa
3505 1134 3753 1192 quoque

2091 1199 2379 1274 loquendi
2422 1203 2573 1261 facie
2630 1205 2910 1279 quisquis
2957 1207 3105 1263 tanti
3157 1207 3342 1263 Patris
3389 1206 3594 1264 litteris
3619 1207 3754 1279 jugi

2091 1292 2482 1350 meditatione
2511 1295 2776 1366 pascitur
2804 1301 2860 1352 et
2884 1295 3277 1353 delectatione
3315 1297 3595 1368 nutritur,
3622 1313 3755 1370 per-

2092 1379 2266 1437 facile
2295 1381 2539 1438 alterius
2569 1400 2698 1440 esse
2725 1385 3070 1458 perpendit;
3094 1386 3218 1458 qui,
3236 1385 3369 1443 licet
3393 1386 3566 1458 juxta
3585 1386 3754 1460 quod

2093 1469 2226 1543 ipse
2271 1470 2606 1542 conﬁtetur,
2661 1475 3046 1547 proﬁcienter
3104 1475 3430 1549 scripserit,
3480 1480 3538 1532 et
3583 1481 3753 1533 tanto

2095 1559 2299 1629 gratias
2323 1560 2421 1617 Dei
2449 1578 2699 1618 munere
2729 1563 2990 1620 donatus
3011 1564 3084 1621 sit
3105 1569 3170 1621 ut
3188 1564 3481 1621 librorum
3502 1581 3753 1621 suorum

2093 1652 2328 1721 partem
2362 1652 2696 1708 maximam
2725 1657 3090 1724 retractaret,
3123 1654 3490 1728 perindeque
3536 1671 3754 1728 perpe-

2093 1752 2226 1794 ram
2256 1737 2418 1796 dicta
2447 1741 2788 1813 corrigeret,
2818 1759 3137 1816 nunquam
3173 1744 3236 1799 in
3266 1760 3390 1801 una
3417 1743 3754 1817 eademque

2092 1843 2178 1895 re,
2202 1828 2382 1885 tantis
2401 1828 2696 1888 librorum
2717 1848 3189 1907 sermonumque
3211 1850 3460 1891 suorum
3490 1833 3753 1908 speculis

2094 1915 2304 1986 indita,
2348 1934 2472 1976 uno
2530 1921 2915 1979 solummodo
2960 1923 3163 1980 libello
3213 1924 3368 1981 adeo
3419 1924 3755 1981 contrarius

2095 2006 2436 2077 exstitisset,
2454 2010 2561 2083 qui
2582 2015 2687 2079 tot,
2707 2016 2773 2068 ut
2793 2012 2938 2082 dixi,
2955 2012 3248 2070 librorum
3278 2030 3755 2088 sermonumque

2093 2094 2253 2152 illius
2308 2099 2793 2169 magnitudinem
2845 2118 2955 2158 sua
3013 2104 3426 2161 contrarietate
3454 2103 3753 2172 fuscaret;

2094 2183 2239 2254 imo,
2266 2185 2421 2243 inter
2448 2190 2898 2247 retractandum
2931 2208 3043 2248 sua
3063 2193 3378 2266 opuscula,
3409 2193 3554 2249 illud
3582 2193 3756 2249 mini-

2095 2290 2193 2330 me
2223 2277 2600 2348 praeterisset,
2631 2279 2779 2352 quin
2810 2281 3083 2338 censoria
3112 2283 3440 2349 severitate,
3474 2283 3757 2339 Christia-

2096 2377 2298 2436 naque
2345 2365 2682 2423 humilitate
2721 2372 2779 2424 et
2825 2373 3091 2426 notasset
3117 2374 3175 2426 et
3203 2372 3577 2428 correxisset.
3604 2375 3756 2428 Nam

2093 2456 2152 2508 et
2177 2454 2240 2508 in
2267 2452 2422 2510 libro
2452 2455 2883 2524 Quaestionum,
2909 2457 3230 2515 voluminis
3274 2461 3441 2532 quod
3470 2460 3756 2516 Iudicum

2096 2541 2430 2599 vocitamus
2457 2560 2598 2602 cum
2626 2561 2885 2620 quaeque
2933 2546 3193 2618 ﬁgurata
3221 2548 3317 2605 vel
3344 2548 3606 2605 obscura
3634 2549 3761 2605 dis-

2097 2630 2372 2702 solveret,
2401 2633 2506 2702 ita,
2539 2633 2693 2691 sicut
2720 2640 2778 2692 et
2819 2652 3003 2709 supra
3053 2637 3391 2710 posuimus,
3420 2637 3495 2694 de
3537 2638 3758 2694 eadem

2093 2721 2624 2794 praedestinatione
2671 2724 2909 2782 locutus
2957 2731 3064 2796 est,
3097 2726 3246 2783 dum
3287 2726 3601 2784 historiam
3637 2727 3761 2784 fac-

2096 2813 2347 2884 tumque
2376 2812 2585 2885 Jephte
2603 2814 2824 2885 judicis
2853 2821 3261 2889 pertractaret.

2169 2899 2539 2970 Augustinus
2570 2902 3000 2973 {Quwstionum
3052 2907 3116 2962 in
3141 2908 3389 2977 Heptat.
3415 2906 3519 2964 lib.
3546 2920 3645 2975 vn,
3689 2921 3752 2980 q.

2099 2988 2212 3060 49).
2245 2988 2444 3059 [Quod
2469 3005 2634 3058 vero,
2665 2990 2879 3064 inquit,
2906 2997 3117 3050 contra
3144 2994 3301 3051 ﬁlios
3337 2998 3601 3052 Ammon
3629 2995 3757 3052 dux

2100 3077 2484 3150 quaerebatur
2531 3079 2742 3153 Jephte
2790 3081 3004 3153 (Judic.
3047 3100 3129 3154 x1,
3174 3085 3250 3157 8),
3306 3085 3528 3158 quibus
3583 3083 3755 3140 victis

2096 3165 2512 3238 liberarentur,
2545 3171 2650 3242 qui
2698 3186 2769 3227 eo
2817 3171 2971 3228 duce
3017 3174 3306 3231 adversus
3346 3175 3479 3230 illos
3529 3173 3755 3231 bellare

2095 3256 2460 3330 cupiebant:
2493 3258 2786 3332 quoniam
2831 3260 3254 3336 interpretatur
3297 3268 3557 3321 Ammon
3594 3263 3755 3320 ﬁlius

2092 3347 2304 3420 populi
2360 3349 2499 3418 mei,
2547 3366 2653 3406 seu
2692 3351 2958 3425 populus
3000 3354 3300 3424 maeroris,
3348 3355 3615 3428 profecto
3672 3354 3757 3411 illi

2095 3437 2511 3508 signiﬁcantur
2545 3440 2795 3510 inimici,
2821 3443 2928 3515 qui
2955 3459 3026 3501 ex
3080 3444 3214 3517 ipsa
3261 3451 3436 3516 gente
3478 3461 3757 3518 perseve-

2095 3533 2296 3584 rantes
2341 3527 2404 3584 in
2451 3529 2802 3588 inﬁdelitate
2848 3533 3118 3605 praedicti
3149 3539 3319 3604 sunt;
3353 3538 3458 3592 aut
3504 3533 3755 3591 omnino

2096 3633 2310 3675 omnes
2365 3620 2656 3688 gehennae
2705 3621 2837 3693 [at.,
2891 3623 3110 3696 pcenis]
3161 3625 3586 3698 praedestinati,
3647 3625 3760 3683 Ubi

2097 3708 2213 3763 erit
2236 3707 2322 3764 eis
2343 3709 2521 3778 ﬂetus
2552 3715 2607 3765 et
2637 3710 2865 3766 stridor
2910 3713 3179 3770 dentium
3223 3715 3464 3783 (Matth.
3509 3730 3650 3783 xxv,
3679 3715 3754 3786 3),

2097 3800 2390 3869 tanquam
2436 3797 2666 3871 populo
2715 3800 3012 3858 mceroris.
3074 3803 3436 3877 Quanquam
3491 3803 3756 3878 populus

2099 3885 2375 3941 maeroris
2399 3887 2581 3942 etiam
2611 3887 2892 3944 diabolus
2920 3895 2974 3946 et
3005 3892 3203 3963 angeli
3232 3894 3361 3965 ejus
3385 3909 3509 3950 non
3551 3894 3757 3950 incon-

2097 3973 2403 4030 venientcr
2451 3975 2882 4046 intelliguntur,
2912 3979 3035 4036 sive
3066 3981 3212 4054 quia
3257 3987 3545 4039 aeternam
3575 3983 3754 4039 mise-

2095 4064 2251 4121 riam
2295 4065 2380 4121 eis
2408 4081 2563 4138 quos
2592 4065 2922 4140 decipiunt,
2964 4071 3316 4144 acquirunt;
3351 4073 3474 4129 sive
3527 4073 3674 4147 quia
3701 4076 3758 4129 et

2095 4153 2212 4227 ipsi
2240 4159 2473 4211 aeternae
2505 4155 2757 4212 miseriae
2789 4157 3060 4232 deputati
3092 4162 3275 4233 sunt.)
3305 4161 3342 4229 ‘j-
3382 4163 3559 4220 Vides
3587 4161 3756 4236 quod

2097 4248 2156 4301 et
2174 4244 2453 4300 homines
2482 4249 2540 4301 et
2559 4244 2875 4304 diabolum
2896 4263 3039 4305 cum
3060 4250 3291 4322 angelis
3312 4251 3435 4308 suis
3453 4252 3756 4326 praedesti-

2095 4337 2271 4390 natos
2303 4337 2362 4389 et
2403 4333 2724 4406 deputatos
2777 4335 3069 4406 gehennae
3116 4344 3474 4415 aeternaeque
3498 4341 3752 4400 miserias

2095 4422 2332 4496 doceat,
2363 4426 2420 4480 et
2448 4423 2627 4480 affers
2675 4426 3210 4486 contradictorium
3247 4431 3358 4500 sui,
3397 4432 3564 4505 quod
3603 4449 3756 4490 nun-

2097 4529 2284 4588 quam
2307 4513 2475 4583 dixit,
2501 4529 2820 4588 nunquam
2853 4518 3090 4592 scripsit
3123 4536 3136 4577 :
3166 4520 3273 4578 sed
3302 4526 3360 4579 et
3385 4522 3501 4580 hoc
3545 4529 3758 4581 notan-

2097 4603 2245 4660 dum
2276 4603 2465 4677 quod,
2495 4603 2566 4673 si,
2599 4605 2938 4663 secundum
2967 4613 3138 4666 tuam
3165 4609 3472 4669 ﬁctionem
3496 4613 3753 4685 ﬁgurate

2097 4693 2347 4764 intelligi
2393 4693 2656 4764 deberet,
2688 4696 2938 4754 omnino
2986 4698 3048 4755 in
3078 4701 3449 4774 expositione
3478 4708 3756 4776 quaestio-

2096 4798 2249 4839 num
2269 4786 2328 4838 et
2352 4782 2687 4853 ﬁgurarum
2717 4784 2884 4842 nullo
2913 4787 3100 4845 modo
3127 4789 3382 4860 ﬁgurate
3407 4791 3576 4865 loqui
3601 4792 3759 4850 dele-

2100 4871 2304 4943 gisset,
2335 4871 2441 4928 ubi
2468 4877 2679 4946 aperta
2703 4874 2883 4932 etiam
2915 4892 3040 4934 non
3065 4878 3431 4950 dissolveret,
3457 4881 3565 4938 sed
3610 4881 3754 4954 liga-

2097 4966 2206 5019 ret.
2240 4962 2702 5021 Praedestinasse
2756 4965 2955 5037 igitur,
2997 4968 3115 5025 hoc
3157 4974 3248 5027 est
3293 4970 3668 5045 disposuisse
3697 4976 3754 5030 et

2092 5050 2401 5123 judicasse
2435 5055 2623 5109 Deum
2648 5061 2993 5128 peccatores
3038 5058 3347 5132 suppliciis
3376 5064 3434 5117 et
3458 5060 3751 5135 supplicia

2096 5140 2538 5215 peccatoribus,
2567 5147 2696 5200 tum
2715 5146 3059 5218 auctoritas,
3082 5151 3211 5205 tum
3231 5149 3382 5207 ratio
3406 5149 3748 5224 persuadet,

2094 5230 2388 5304 quoniam
2407 5235 2615 5302 justus
2641 5236 2932 5293 Dominus
2947 5238 3224 5308 justitzas
3245 5240 3479 5307 dilexit,
3507 5243 3754 5313 aequita-

2094 5325 2208 5378 tem
2223 5321 2374 5378 vidit
2389 5323 2591 5379 vultus
2605 5329 2755 5394 ejus.
2775 5326 2888 5392 Qui
2907 5342 3299 5402 nequaquam
3316 5346 3378 5388 se
3394 5346 3430 5387 a
3450 5331 3749 5388 contrario

2091 5409 2256 5467 idem
2284 5411 2648 5470 vocabulum
2672 5415 2951 5488 posuisse
2992 5418 3357 5491 manifestat,
3389 5437 3530 5477 cum
3569 5437 3751 5495 expo-

2091 5514 2244 5556 nens
2263 5500 2451 5558 verba
2484 5503 2723 5560 Domini
2747 5505 3034 5564 dicentis:
3057 5509 3235 5566 Nunc
3263 5510 3540 5581 qrinceps
3566 5511 3746 5582 hujus

2090 5590 2630 5661 mundijudz'catus
2651 5599 2756 5664 est,
2772 5596 2878 5670 qui
2898 5596 2959 5653 in
2969 5599 3241 5668 judicatz'
3257 5599 3552 5657 vocabulo
3574 5600 3750 5658 debe-

2087 5683 2178 5736 ret
2188 5680 2379 5754 accipi
2391 5681 2778 5755 explanando
2792 5686 3745 5762 subjecit(Aug.,inEvang.Joan.

2088 5768 2245 5838 hom,
2269 5771 2393 5842 95):
2423 5771 2656 5845 [Utique
2673 5777 2992 5844 judicatus
3031 5784 3157 5850 est;
3187 5779 3478 5852 quoniam
3517 5780 3747 5852 judicio

2088 5855 2246 5928 ignis
2265 5859 2472 5917 aeterni
2494 5861 2964 5926 irrevocabilitcr
2977 5867 3310 5928 destinatus
3333 5873 3440 5930 est.
3459 5870 3502 5942 ιι-
3517 5872 3588 5930 Et
3605 5869 3747 5930 item
