3936 6376
129 277 267 334 1201

1059 279 1150 336 DE
1205 275 1892 336 PREDESTINATIONE
1937 275 2217 336 CONTRA
2252 279 2308 336 J.
2345 279 2642 338 SCOTUM.

3439 286 3460 342 Ι
3470 288 3580 346 202

127 399 288 467 Quos
316 399 550 469 dedisti,
582 402 734 460 mihi
760 403 1077 474 custodivi,
1127 408 1182 460 et
1212 418 1383 460 nemo
1412 419 1488 461 e2:
1516 403 1598 460 eis
1619 400 1807 471 periit
1837 403 1882 456 A
1922 416 2171 460 auream
2197 403 2405 460 edictis
2433 405 2616 476 regiis
2636 404 2872 463 censuit
2896 405 3298 478 adorandam,
3322 408 3582 484 interpo-

125 488 251 572 nisi
273 490 440 559 ﬁlius
465 490 849 560 perditionis.
880 493 1079 550 Filius
1101 493 1464 564 perditionis
1495 491 1693 548 dictus
1722 491 1814 546 est
1921 489 2034 549 sita
2060 506 2248 565 pana
2269 493 2756 552 inobedientibus
2783 494 3047 553 fornacis
3068 496 3332 554 ardentis
3354 499 3382 555 ?
3403 499 3579 572 (Dan.

124 563 388 635 traditor
415 579 649 650 Christi,
680 581 1008 654 perditioni
1037 563 1547 656 pradestinatus.]

203 669 248 738 ει-
277 669 421 735 Qua
451 669 520 737 si,
553 673 620 728 ut
643 669 897 745 desipis,
929 687 967 729 a
997 671 1302 729 contrario
1327 670 1504 729 vellet
1532 667 1804 739 intelligi,

125 757 403 832 profecto
429 773 554 815 non
597 759 860 818 obscura
905 761 1146 835 populis
1175 761 1452 834 aperiret,
1495 758 1602 816 sed
1631 773 1807 830 aper-

127 851 193 904 ta
220 848 462 918 magnis
488 848 959 908 obscuritatibus
989 851 1328 909 innodaret.
1379 851 1592 908 Mirum
1619 848 1802 904 etiam

125 936 310 994 valde
357 942 450 996 est
481 939 650 1012 quod
702 955 775 996 ex
821 941 1010 999 Patris
1041 940 1359 1012 Augustini
1407 939 1581 996 dictis
1611 941 1801 994 Deum

127 1025 211 1083 ad
245 1042 494 1100 poenam
524 1028 692 1086 nullo
738 1029 924 1087 modo
971 1035 1292 1104 peccantes
1333 1027 1800 1103 pradestinasse

125 1114 286 1172 dicis
313 1136 326 1186 ;
355 1117 462 1174 sed
493 1118 617 1174 suis
642 1119 870 1176 meritis
899 1119 1196 1194 supplicia
1233 1119 1536 1190 condigna
1563 1116 1799 1190 prade-

126 1204 357 1262 stinata
404 1206 490 1262 eis
546 1207 625 1264 ab
684 1223 756 1265 eo
810 1224 961 1264 esse.
1021 1208 1198 1276 Quod
1251 1225 1392 1264 cum
1438 1207 1798 1264 creberrime

123 1293 377 1362 dixeris,
410 1299 476 1351 ut
507 1299 710 1353 tamen
737 1297 1046 1354 veritatem
1074 1295 1620 1371 pradestinationis
1649 1295 1798 1352 abo-

121 1381 286 1454 leas,
314 1382 433 1440 alio
483 1387 752 1455 verteris,
787 1391 844 1444 et
885 1402 1048 1444 nunc
1097 1387 1236 1455 isto,
1268 1402 1430 1442 nunc
1468 1385 1571 1442 illo
1613 1383 1800 1441 modo

125 1470 450 1528 sentiendo
498 1472 835 1544 divaricas;
867 1476 950 1532 ita
975 1479 1040 1532 ut
1057 1492 1195 1549 qua
1227 1476 1394 1550 prius
1435 1478 1800 1542 astruxeras,

125 1559 530 1634 postmodum
554 1579 776 1635 negare
795 1565 1148 1632 contendas,
1165 1564 1688 1639 quemadmodum
1721 1580 1802 1620 se-

126 1650 384 1724 quentia
399 1651 544 1708 satis
569 1652 940 1712 indicabunt.
963 1656 1134 1722 Quod
1157 1659 1359 1712 autem
1389 1655 1800 1712 humanarum

1917 594 2008 648 ul,
2038 583 2113 652 5).
2146 581 2270 639 Hoc
2298 582 2504 656 ipsum
2534 584 2810 641 statuisse
2841 583 3074 652 Darius,
3100 585 3409 644 Medorum
3441 588 3582 645 Per-

1915 683 2243 745 sarumque
2273 671 2531 728 ducibus
2574 677 2862 745 arctatus,
2896 673 3148 745 legitur:
3183 676 3345 732 unde
3375 681 3431 734 et
3474 681 3584 736 Da-

1910 756 2032 814 niel
2058 761 2356 834 propheta
2381 761 2824 819 malitiosorum
2865 762 3124 820 factione
3172 763 3452 822 leonibus
3485 783 3583 824 ex-

1909 847 2175 921 ponitur,
2193 850 2300 906 sed
2327 850 2454 906 veri
2484 850 2587 906 Dei
2610 852 2889 925 potentia
2914 851 3268 910 mirabiliter
3296 853 3585 914 liberatur

1908 936 2087 1008 (Dan.
2119 954 2200 1012 vl,
2239 939 2322 1004 16,
2351 940 2466 1012 22).
2509 940 2700 997 zElius
2743 941 3044 999 Adrianus
3083 947 3250 1000 tanta
3298 946 3583 1004 catamito

1907 1042 2019 1084 suo
2048 1029 2306 1086 Antinoo
2334 1030 2706 1102 turpitudine
2727 1031 2957 1101 adasit,
2989 1037 3055 1088 ut
3083 1032 3138 1089 ei
3166 1038 3406 1091 mortuo
3436 1040 3589 1093 tem-

1903 1113 2099 1189 plum,
2124 1117 2465 1175 sacerdotes
2491 1122 2549 1174 et
2597 1134 2770 1175 sacra
2818 1119 2998 1176 etiam
3028 1119 3265 1190 legibus
3305 1121 3586 1192 sanciret,

1910 1205 2063 1272 Quid
2119 1207 2448 1264 Antiochus
2472 1207 2499 1263 ?
2545 1210 2755 1265 Nonne
2813 1224 2925 1282 pro
2955 1208 3273 1266 abolendis
3327 1211 3430 1267 Dei
3461 1211 3586 1267 veri

1909 1296 2096 1354 sacris
2125 1300 2181 1352 et
2207 1296 2444 1368 legibus
2473 1313 2599 1354 non
2631 1297 2838 1354 solum
2865 1298 3106 1355 decreta
3137 1299 3344 1370 edidit,
3370 1316 3588 1356 verum

1909 1385 2092 1443 etiam
2117 1385 2491 1443 calamitates
2519 1387 2972 1459 persecutiones
2994 1392 3052 1444 et
3075 1393 3302 1446 mortes
3333 1389 3436 1444 Dei
3462 1389 3586 1444 cul-

1910 1475 2142 1532 toribus
2173 1475 2449 1532 invexit?
2477 1477 2569 1547 (ΙΙ
2585 1477 2785 1534 Mach.
2818 1493 2900 1549 v1,
2932 1477 3089 1551 etc.).
3121 1478 3329 1534 Omnis
3361 1477 3585 1535 divina

1908 1563 2056 1636 legis
2082 1580 2340 1621 censura
2375 1581 2595 1622 usuras
2639 1569 2892 1635 resecat,
2927 1565 3005 1623 ab
3055 1566 3254 1622 usuris
3282 1567 3583 1640 prohibet,

1911 1669 2244 1726 earumque
2268 1653 2634 1728 appetitores
2664 1654 2920 1711 damnat
2947 1656 3145 1724 (Deut.
3174 1668 3339 1724 xxm,
3359 1659 3447 1726 i9,
3465 1659 3582 1724 20):

125 1739 338 1810 legum
369 1741 718 1812 conjectura
740 1743 833 1800 vis
855 1744 1222 1818 approbare,
1248 1744 1591 1801 nullatenus
1610 1743 1803 1800 homi-
1828 1761 1874 1816 Β
1910 1741 2006 1799 lex
2034 1748 2238 1799 autem
2267 1743 2522 1801 Romani
2540 1743 2694 1814 juris
2726 1759 2938 1800 earum
2980 1744 3149 1801 lucra
3179 1745 3353 1801 certis
3401 1745 3585 1801 etiam

127 1840 239 1880 nes
300 1825 611 1898 suppliciis
640 1827 992 1896 destinatos,
1047 1829 1156 1886 sed
1201 1829 1539 1903 peccaturis
1586 1843 1799 1902 poenas

127 1908 453 1966 deﬁnitae:
485 1910 601 1968 nisi
657 1929 850 1970 caecus
877 1930 1062 1984 esses,
1095 1914 1364 1988 profecto
1409 1913 1667 1969 vidisses
1698 1913 1804 1968 lio-

128 1997 329 2054 mines
388 1997 624 2070 legibus
658 2001 918 2073 judicari
949 2007 1130 2076 atque
1177 2002 1477 2070 damnari,
1509 2005 1578 2058 ut
1604 2000 1803 2075 panis

127 2086 354 2160 cuique
383 2088 700 2160 condignis
729 2091 1041 2148 intereant.
1087 2091 1239 2158 Quid
1288 2091 1451 2148 enim
1489 2089 1688 2161 agitur
1717 2092 1804 2146 tot

127 2178 484 2234 senatorum
507 2178 908 2254 judicumque
933 2179 1224 2248 conciliis,
1250 2179 1366 2236 nisi
1397 2184 1463 2236 ut
1488 2179 1802 2235 discussus

126 2269 312 2341 atque
342 2268 654 2326 convictus
676 2274 958 2342 peccator
985 2269 1202 2326 debita
1224 2285 1420 2342 poena
1441 2271 1799 2326 cunctorum

121 2358 359 2429 judicio
396 2359 730 2416 destinatus
765 2373 836 2415 ac
881 2357 1186 2430 judicatus
1239 2357 1602 2414 addicatur?
1631 2356 1800 2430 prius

129 2449 360 2523 quippe
385 2449 692 2522 judicatur
741 2463 812 2505 ac
842 2447 1177 2505 destinatur
1210 2446 1424 2505 merito
1473 2445 1798 2520 supplicio,

129 2553 200 2597 ac
227 2539 625 2614 postmodum
655 2537 949 2613 plectitur.
983 2541 1068 2595 Ita
1089 2551 1234 2595 sane
1263 2537 1434 2594 dicis.

722 2694 968 2736 JOANNES
1006 2693 1214 2736 SCOTUS

199 2815 372 2886 (Cap.
411 2812 494 2881 l4,
525 2827 698 2869 num.
728 2815 782 2882 9,
828 2814 970 2868 sect.
1003 2811 1060 2883 5)
1097 2815 1137 2865 Θ
1165 2809 1360 2868 Nulla
1385 2810 1543 2868 enim
1575 2815 1796 2880 tempo-

129 2904 294 2962 ralia
311 2904 470 2975 jura
498 2903 795 2961 hominem
824 2901 1120 2971 deﬁniunt
1149 2900 1231 2958 ad
1252 2901 1648 2970 peccandum.

813 3049 1116 3092 CORRECTIO

192 3171 236 3240 σι-
267 3166 455 3236 Quasi
485 3170 651 3224 tanta
678 3167 814 3241 quis
845 3167 1127 3225 vecordia
1155 3167 1487 3237 hebetetur,
1508 3171 1574 3226 ut
1604 3170 1795 3224 Deum

129 3257 508 3332 quempiam,
541 3257 636 3313 vel
661 3257 1039 3330 angelorum,
1083 3258 1178 3316 vel
1203 3258 1524 3316 hominum
1549 3259 1628 3316 ad
1657 3275 1794 3332 pec-

127 3346 393 3403 candum
441 3346 777 3418 pratinisse
826 3346 1061 3403 dixerit.
1090 3349 1170 3402 De
1212 3363 1336 3419 qua
1360 3363 1423 3403 re
1471 3347 1616 3421 quia
1646 3346 1791 3403 satis

128 3452 307 3509 supra
331 3439 538 3492 actum
577 3435 833 3506 videtur,
866 3439 1080 3493 catera
1106 3435 1445 3493 videamus.
1470 3439 1625 3492 Inter
1652 3452 1791 3509 qua

129 3524 330 3581 mirari
353 3540 480 3581 non
506 3524 716 3580 desino
743 3525 1052 3582 hominem
1075 3526 1512 3598 acutissimum,
1531 3530 1588 3582 et
1605 3542 1791 3600 quem

129 3613 291 3671 nulla
318 3613 412 3670 vel
435 3613 642 3685 legum
675 3615 1088 3671 humanarum
1127 3615 1222 3672 vel
1269 3615 1660 3672 historiarum
1686 3631 1794 3688 pa-

133 3703 268 3772 gina
290 3703 532 3775 fugerit,
582 3709 849 3776 potuisse
894 3705 1024 3776 ejus
1053 3705 1148 3762 vel
1191 3704 1501 3762 scientiam
1543 3705 1638 3762 vel
1667 3721 1790 3761 me-

132 3793 382 3850 moriam
412 3794 740 3867 praeterire,
773 3793 1012 3851 labente
1056 3794 1371 3868 quondam
1418 3794 1644 3865 multis,
1665 3794 1790 3851 imo

128 3881 367 3952 jugibus
394 3884 697 3940 bellorum
739 3884 1081 3942 incursione
1113 3889 1273 3942 statu
1302 3885 1669 3959 reipublica,
1703 3902 1794 3942 se-

133 3977 302 4028 natus
325 3974 608 4031 consulto
657 3979 858 4032 Roma
889 3975 1243 4048 proletarios
1269 3975 1596 4048 institutos,
1641 3992 1792 4048 quo-

133 4073 262 4118 rum
309 4081 426 4121 usu
455 4065 519 4121 in
549 4065 850 4139 quaslibet
878 4066 1135 4123 feminas
1183 4068 1471 4123 continuo
1494 4067 1784 4138 juventus

133 4147 410 4212 bellicosa
442 4160 627 4228 atque
657 4155 1018 4213 multimoda
1046 4156 1391 4229 reipublica
1423 4157 1710 4227 gigneret.

198 4242 260 4297 Et
281 4245 448 4315 quod
468 4249 716 4301 sanctus
745 4246 1123 4316 Augustinus
1148 4247 1210 4301 in
1249 4245 1404 4302 libro
1435 4245 1510 4302 de
1542 4246 1785 4303 Civitate

133 4329 228 4384 Dei
257 4334 424 4391 tertio
451 4336 608 4391 inter
649 4341 864 4392 catera
905 4341 1200 4392 memorat
1250 4342 1408 4408 (cap.
1448 4336 1558 4408 2t).
1611 4339 1786 4400 [Nam

1911 1832 2395 1890 dimensionibus
2451 1833 2751 1903 exigenda
2802 1833 3054 1892 censit'.
3126 1833 3580 1891 Valentinianus

1911 1921 2111 1989 etiam,
2145 1921 2513 1979 Christianus
2536 1921 2885 1996 imperator,
2937 1921 3189 1979 libidine
3239 1928 3578 1998 superatus,

1909 2011 2096 2084 priori
2122 2010 2366 2083 conjugi
2397 2011 2647 2068 alteram
2676 2011 3176 2085 superinducens,
3207 2011 3404 2083 legem
3436 2028 3579 2069 con-

1911 2099 2116 2169 stituit,
2134 2115 2562 2174 quemcunque
2582 2100 2850 2157 virorum
2880 2100 3124 2156 duabus
3153 2116 3264 2174 pro
3281 2099 3456 2158 libitu
3476 2117 3584 2175 pa-

1910 2190 2051 2247 riter
2074 2190 2160 2246 uti
2182 2191 2545 2262 conjugibus
2578 2191 2862 2260 (Socratis
2889 2192 3128 2248 Hist.lv
3158 2207 3295 2264 cap.
3313 2192 3578 2264 26).Qua

1911 2295 2050 2336 cum
2079 2282 2246 2336 tanta
2269 2279 2388 2336 sint
2416 2283 2474 2336 et
2521 2283 2648 2337 tam
2695 2279 3016 2350 evidentia,
3047 2283 3112 2337 ut
3164 2295 3203 2337 a
3229 2295 3328 2336 me
3354 2280 3447 2336 vel
3477 2297 3578 2336 su-

1909 2367 2143 2442 perﬂuo
2172 2368 2541 2438 refricentur,
2567 2367 2662 2426 vel
2711 2384 2837 2426 non
2865 2369 3202 2426 necessarie
3227 2384 3583 2426 recensean-

1908 2462 2028 2531 tur,
2050 2462 2286 2515 cassato
2313 2457 2483 2532 quod
2509 2457 2751 2516 dixeras
2779 2475 2793 2514 :
2825 2459 3157 2537 Nunquam
3187 2459 3342 2516 enim
3373 2474 3580 2528 respu-

1912 2547 2069 2604 blica
2098 2548 2365 2606 homines
2392 2548 2654 2606 decrevit
2678 2563 2952 2619 peccare,
2995 2548 3272 2605 animum
3300 2548 3578 2604 videndis

1909 2638 2322 2711 sequentibus,
2349 2637 2504 2695 duce
2534 2636 2771 2697 Domini
2794 2637 2982 2696 nostri
3008 2639 3153 2696 Jesu
3201 2637 3412 2696 Christi
3442 2653 3577 2709 gra-

1909 2726 2013 2800 tia,
2046 2727 2458 2785 intendamus.

1981 2820 2212 2875 interea
2261 2832 2656 2891 nequaquam
2691 2817 3064 2889 negligenter
3086 2816 3574 2891 praetereundum

1907 2905 2144 2962 videtur
2169 2906 2358 2980 quod,
2385 2906 2796 2979 quorumdam
2816 2906 3029 2963 favens
3052 2905 3570 2982 improbitatibus,

1907 2993 1988 3050 ad
2025 2996 2141 3052 hoc
2189 3000 2477 3052 terrorem
2523 2994 2729 3066 legum
2774 2995 3186 3052 humanarum
3231 2995 3574 3052 adhibitum

1905 3085 2241 3161 peccaturis
2265 3083 2490 3152 dixisti,
2506 3087 2572 3140 ut
2598 3083 3035 3156 suppliciorum
3049 3084 3360 3140 atrocitate
3385 3083 3575 3140 territi

1906 3175 2354 3234 cohiberentur:
2377 3189 2448 3230 ac
2462 3184 2571 3247 per
2583 3173 2700 3231 hoc
2714 3172 2911 3244 magis
2931 3171 3360 3230 misericordia
3377 3187 3568 3245 quam

1903 3265 2184 3323 vindicta
2228 3263 2776 3334 transgressoribus
2835 3262 2960 3318 suis
3007 3260 3348 3319 efﬁcerent:
3380 3277 3570 3335 quam

1902 3355 2358 3430 perversitatem
2389 3369 2529 3410 cum
2570 3357 2627 3410 et
2649 3351 2801 3409 ﬁdes
2832 3352 3128 3410 catholica
3169 3353 3300 3424 jam
3330 3351 3570 3410 dudum

1905 3463 2173 3504 censura
2223 3444 2532 3501 severitate
2589 3443 2989 3515 damnaverit,
3022 3448 3079 3500 et
3117 3446 3363 3500 Patrum
3399 3459 3570 3498 revec

1902 3536 2094 3594 renda
2109 3534 2354 3592 canities
2383 3533 2710 3606 resciderit,
2727 3532 3071 3590 nullatenus
3090 3532 3268 3589 nobis
3295 3532 3356 3588 in
3379 3548 3449 3588 eo
3470 3532 3572 3588 de-

1903 3623 2188 3683 struendo
2219 3627 2308 3680 est
2332 3622 2557 3679 diutius
2575 3623 3209 3680 imniorandum.Nam
3229 3621 3314 3678 ita
3341 3621 3404 3677 id
3429 3637 3572 3694 pos«

1903 3733 2116 3775 sumus
2137 3733 2168 3772 e
2192 3715 2400 3772 divero
2427 3715 2706 3787 colligere
2729 3733 2744 3772 :
2771 3714 2822 3771 si
2845 3714 3068 3772 falsum
3084 3717 3175 3783 est
3193 3728 3408 3786 poenas
3428 3728 3569 3786 pec-

1903 3808 2204 3867 catoribus
2230 3805 2552 3875 redhiberi,
2598 3805 2821 3861 falsum
2845 3805 2959 3861 erit
2987 3807 3045 3860 et
3091 3803 3271 3875 justis
3319 3802 3570 3876 praemia

1901 3896 2186 3972 rependi:
2216 3895 2266 3952 si
2293 3900 2494 3952 autem
2522 3909 2735 3951 verum
2764 3897 2856 3950 est
2878 3893 3102 3950 sanctis
3126 3892 3569 3949 beatitudinem

1901 3985 2171 4054 retribui,
2202 4000 2415 4040 verum
2448 3986 2542 4040 est
2580 3982 2782 4056 impiis
2809 3997 3024 4055 poenas
3068 3982 3315 4038 meritas
3344 3985 3402 4037 et
3429 3996 3569 4054 sup-

1901 4077 2080 4152 plicia
2108 4074 2298 4131 reddi.
2344 4073 2454 4141 Qui
2485 4071 2649 4129 enim
2677 4072 2863 4130 dixit:
2907 4072 3092 4128 Ibunt
3135 4072 3201 4128 hi
3241 4072 3304 4128 in
3329 4072 3566 4141 suppli-

1900 4167 2056 4224 cium
2110 4169 2424 4234 aternum,
2458 4162 2588 4235 ipse
2639 4160 2806 4230 dixit,
2828 4163 2988 4233 justi
3023 4165 3224 4218 autem
3270 4161 3335 4216 in
3380 4161 3568 4217 vitam

1901 4260 2185 4312 atemam
2217 4251 2460 4324 (Matth.
2492 4267 2632 4322 xxv,
2665 4252 2778 4324 46).
2809 4249 2918 4317 Qui
2947 4249 3129 4307 etiam
3172 4266 3236 4306 se
3264 4249 3569 4308 dicturum

1897 4343 2188 4400 veraciter
2211 4344 2575 4414 protestatus
2604 4344 2692 4398 est
2719 4339 2924 4413 impiis
2959 4339 3247 4414 quidem:
3271 4339 3569 4396 Discedite

133 4420 284 4487 tunc,
322 4421 540 4497 inquit,
599 4424 663 4480 id
711 4429 800 4481 est
840 4425 994 4481 inter
1036 4425 1400 4482 exstinctum
1447 4423 1784 4481 secundum
1817 4485 1861 4503 ἢ
1900 4449 1938 4492 α
1967 4431 2408 4501 me,maledicti,
2430 4431 2495 4487 in
2521 4432 2718 4503 ignem
2746 4431 3182 4502 atemum,qui
3205 4436 3460 4500 paratus
3482 4435 3568 4485 est

134 4511 184 4562 et
237 4485 607 4586 postremum
691 4515 918 4572 bellum
972 4515 1462 4587 Carthaginense,
1516 4515 1642 4573 lata
1699 4485 1862 4573 estD

136 4600 306 4659 etiam
348 4603 443 4662 lex
472 4604 580 4661 illa
629 4605 914 4673 Voconia,
972 4621 1049 4661 ne
1079 4605 1214 4679 quis
1269 4605 1575 4662 haredem
1614 4605 1786 4662 femi-

137 4704 274 4748 nam
317 4693 555 4764 faceret,
612 4711 724 4752 nec
753 4695 996 4752 unicam
1053 4697 1264 4762 tiliam,
1312 4713 1435 4770 qua
1479 4697 1610 4767 lege
1639 4695 1788 4770 quid

137 4777 388 4853 iniquius
414 4785 533 4842 dici
585 4788 690 4842 aut
734 4787 980 4856 cogitari
1010 4787 1221 4859 possit,
1269 4787 1505 4859 ignorO]
1536 4789 1578 4859 ’ξ-
1639 4786 1790 4844 Illud

142 4868 332 4941 etiam,
361 4877 426 4930 ut
448 4875 524 4932 de
555 4874 785 4931 cateris
808 4874 1038 4943 sileam,
1070 4876 1236 4948 quod
1261 4881 1400 4949 post
1439 4877 1788 4950 passionem

145 4957 361 5018 Domini
412 4969 657 5020 senatus
698 4965 951 5035 censuit,
978 4964 1213 5021 nullum
1260 4966 1375 5022 nisi
1412 4967 1505 5022 sui
1549 4967 1788 5024 decreto

145 5043 383 5108 deorum
437 5069 692 5110 numero
738 5054 1198 5127 deputandum:
1253 5071 1490 5112 necnon
1533 5060 1590 5112 et
1617 5054 1786 5120 illud,

145 5137 300 5206 quod
346 5143 514 5200 toties
571 5144 634 5200 in
694 5144 1143 5217 persecutiones
1192 5145 1687 5215 Christianorum,
1735 5148 1794 5202 et

148 5222 516 5291 abolitionem
545 5235 688 5292 ﬁdei
745 5239 802 5293 et
829 5235 1092 5292 nominis
1121 5235 1356 5301 Christi,
1412 5235 1575 5307 leges
1605 5235 1795 5308 impe-

147 5316 400 5376 ratorum
430 5329 486 5379 et
521 5324 843 5382 consulum
872 5329 1064 5382 cautae
1095 5329 1236 5383 sunt
1269 5342 1282 5381 :
1315 5325 1422 5383 sed
1453 5330 1510 5382 et
1538 5325 1792 5382 Semira-

151 5401 256 5457 mis
276 5407 464 5476 prima
492 5415 769 5471 omnium
819 5415 1035 5486 legitur
1084 5415 1421 5472 decrevisse
1465 5415 1620 5472 filios
1667 5432 1786 5473 ma-

152 5489 298 5587 trum
324 5503 622 5560 connubio
667 5505 1014 5573 sociandos,
1043 5522 1178 5579 qua
1232 5506 1360 5577 jam
1415 5505 1632 5562 eodem
1690 5505 1796 5563 ﬂa-

159 5579 288 5644 gitio
343 5586 700 5652 fadabatur.
768 5595 918 5662 Quid
949 5595 1511 5652 Nabuchodonosor
1552 5611 1657 5651 rex
1689 5598 1796 5653 Ba-

157 5662 568 5739 byloniorum?
623 5686 909 5759 Nunquid
959 5702 1085 5744 non
1114 5686 1338 5745 factam
1368 5703 1405 5744 a
1442 5702 1505 5742 se
1535 5689 1797 5745 statuam

225 5760 243 5784 ⁸
271 5760 381 5820 Hoc
408 5767 775 5833 fabulosum.

1900 4523 2140 4581 diabolo
2164 4527 2219 4580 et
2266 4521 2498 4593 angelis
2543 4523 2672 4592 eius
2713 4519 2912 4592 (Ibid.,
2954 4520 3066 4591 41).
3098 4518 3286 4574 Justis
3320 4522 3565 4575 autem:

1909 4612 2432 4683 Venite,benedicti
2443 4612 2652 4668 Patris
2681 4609 3110 4680 mei,percipite
3130 4607 3568 4678 regnum,quod

1899 4704 2060 4761 vobis
2085 4707 2376 4772 paratum
2406 4705 2490 4756 est
2516 4699 2591 4755 ab
2623 4700 2856 4769 origine
2885 4697 3100 4753 mundi
3117 4697 3320 4769 (Ibid.,
3345 4697 3454 4766 34).
3483 4695 3566 4751 Si-

1898 4797 2000 4849 Cut
2027 4807 2171 4862 ergo
2198 4789 2344 4862 justi
2385 4787 2821 4844 beatitudinem
2863 4786 3154 4842 veraciter
3197 4798 3571 4857 consequen-

1900 4887 2016 4952 tur,
2049 4881 2131 4938 ita
2162 4878 2334 4952 impii
2363 4878 2560 4952 panis
2590 4877 2809 4934 debitis
2850 4875 3146 4933 veraciter
3189 4874 3568 4932 addicentur.

1901 4972 2146 5030 Falsum
2176 4976 2266 5027 est
2315 4970 2518 5040 igitur,
2549 4967 2715 5043 quod
2759 4966 3213 5024 mundanarum
3257 4965 3462 5037 legum
3493 4965 3569 5021 si-

1900 5060 2240 5119 militudine
2268 5059 2418 5116 nihil
2445 5057 2612 5115 aliud
2637 5057 2840 5131 appeti
2857 5072 3066 5114 earum
3087 5055 3400 5113 severitate
3419 5054 3571 5111 dixi-

1903 5151 2005 5223 sti,
2053 5166 2241 5224 quam
2288 5165 2518 5223 pronos
2570 5150 2652 5206 ad
2705 5147 3088 5222 peccandum
3133 5146 3572 5221 suppliciorum

1905 5241 2215 5299 atrocitate
2239 5239 2471 5297 territos
2504 5238 2809 5296 cohiberi:
2839 5255 2910 5297 ac
2939 5254 3047 5313 per
3071 5239 3188 5295 hoc
3216 5253 3342 5294 non
3369 5235 3571 5292 minus

1903 5329 2331 5388 misericordia
2355 5345 2544 5403 quam
2567 5328 2850 5386 vindicta
2876 5325 3422 5398 transgressoribus
3444 5323 3571 5380 suis

1905 5418 2098 5476 efﬁci:
2132 5419 2358 5491 quippe
2386 5434 2528 5475 cum
2568 5432 2694 5474 non
2725 5417 2922 5474 solum
2960 5415 3310 5484 mundana,
3359 5428 3572 5470 verum

1907 5508 2087 5566 etiam
2137 5508 2357 5564 divina
2404 5507 2566 5577 leges
2611 5505 2860 5576 multos,
2915 5506 3096 5562 etiam
3145 5502 3570 5576 temporaliter,

1907 5603 2032 5656 tam
2062 5602 2273 5662 morte,
2296 5613 2485 5668 quam
2513 5595 2768 5652 diversis
2786 5594 3224 5668 suppliciorum
3250 5591 3573 5664 generibus

1909 5687 2128 5760 dignos
2153 5686 2331 5761 plecti
2345 5686 2694 5756 decernant,
2710 5685 2936 5760 quibus
2954 5685 3088 5758 jam
3112 5683 3280 5742 nulla
3302 5681 3460 5742 valet
3478 5698 3576 5740 su-
