3936 6372
148 283 284 339 92015

1098 281 1188 335 DE
1219 271 1907 337 ΜΕΒΕΤΈΝΑΤΙΟΝΕ
1946 268 2233 327 CONTRA
2269 273 2322 327 J.
2349 270 2625 329 SCOTUM

3439 252 3576 316 ἰξοῦ

146 412 421 464 temnens
448 421 525 461 ac
546 419 839 476 respuens
862 403 1085 475 iustius
1113 404 1527 461 damnaretur;
1549 396 1807 457 Proinde
1842 400 1888 453 Δ
1920 398 2291 470 praescientia
2309 410 2453 453 vero
2474 399 2531 452 et
2573 388 3020 468 prmdestinatie
3065 383 3144 441 ad
3183 376 3414 456 aliquid
3433 382 3581 439 refe-

143 495 311 571 quod
342 496 583 561 asseris,
610 494 1011 565 Augustinum
1071 495 1495 551 acutissimum
1545 489 1808 548 veritatis

144 586 567 659 inquisitorem
595 589 654 641 et
691 587 1054 640 assertorem
1077 584 1287 641 talium
1329 584 1506 641 nobis
1532 579 1810 652 exempla

144 676 519 733 locutionum
549 674 612 730 in
643 673 769 729 suis
821 673 1271 747 exemplaribus
1313 673 1649 745 relinquere
1675 685 1811 741 pro-

147 778 415 834 curasse,
445 763 533 820 uti
560 778 674 819 nos
711 762 985 835 accipere
1010 778 1133 818 non
1161 764 1365 836 pigeat
1409 762 1470 818 in
1501 758 1809 833 praedesti-

145 854 389 912 natitme
427 858 607 925 atque
638 848 1016 925 praeseientia
1068 853 1274 909 divina
1305 850 1589 909 eumdem
1620 846 1812 904 omni—

146 942 332 999 modo
361 941 749 1011 intellectum,
775 941 913 996 ideo
936 941 1154 997 falsum
1181 941 1593 1007 est.Quoniam
1622 941 1811 993 B.Aus

146 1034 423 1103 gustinus
451 1030 894 1105 praescientiam
917 1035 976 1087 et
993 1031 1589 1104 prmdestinationem
1620 1042 1808 1082 unum

143 1137 275 1180 esse
305 1137 619 1195 nusquam
675 1121 903 1176 dixisse
944 1122 1254 1193 reperitur,
1306 1119 1586 1193 quamvis
1631 1132 1810 1190 prses;

143 1212 427 1269 cientium
470 1224 580 1284 pro
636 1209 1165 1282 praedestinatione
1218 1209 1519 1265 interdum
1549 1208 1806 1281 positam

144 1300 442 1356 veraciter
465 1299 757 1360 docuerit.
789 1299 859 1354 Et
873 1299 1041 1371 quod
1071 1298 1247 1354 addis
1271 1315 1289 1353 .-

719 1436 965 1483 Jomsss
1007 1428 1236 1481 acorrs.

209 1550 389 1620 (Cap.
420 1546 505 1617 15,
536 1563 709 1603 num.
735 1551 788 1615 ϐ,
810 1550 1049 1615 secti).
1073 1552 1114 1603 Θ
1145 1549 1237 1604 Ae
1258 1562 1372 1618 per
1407 1546 1518 1604 hoc
1537 1544 1808 1601 saluber-

138 1638 297 1693 rimo
322 1637 740 1708 verissimoque
767 1653 943 1693 sensu
974 1638 1248 1695 debemus
1274 1637 1512 1705 sentire,
1536 1636 1698 1707 quod
1716 1636 1808 1703 ip-

136 1739 200 1785 se
222 1730 514 1795 tanquam
539 1740 646 1781 nos
677 1725 1004 1782 admonens
1033 1727 1118 1782 ait
1139 1742 1163 1783 -.'
1194 1725 1400 1782 Omnis
1420 1722 1807 1796 prmdestina-

138 1813 219 1870 tio
248 1812 653 1886 praescientia,
688 1813 795 1869 sed
818 1830 945 1870 non
991 1814 1192 1871 omnis
1245 1812 1617 1887 praescientia
1659 1827 1807 1883 prae-

135 1901 455 1960 destinatio
491 1902 765 1973 (August.
787 1903 863 1958 de
886 1904 1248 1961 Prtedestin.
1275 1907 1492 1966 sanet,
1522 1918 1575 1957 c.
1600 1901 1806 1971 10).Ac

135 1992 187 2048 si
230 1997 438 2062 aperte
483 1993 763 2049 diceret:
822 1992 1179 2064 Quanquam
1241 1991 1622 2062 praiscientia
1680 2006 1802 2045 non

136 2082 528 2139 transcendat
583 2082 732 2150 ﬁnes
783 2081 1334 2151 praedestinationis
1382 2081 1627 2150 (quippe
1664 2093 1801 2135 cum

132 2173 251 2227 sint
294 2172 473 2227 unius
503 2172 885 2243 ejusdemque
939 2172 1158 2227 divina!
1207 2170 1481 2226 videlicet
1512 2169 1796 2239 naturae),

131 2261 339 2333 inqua
368 2260 543 2318 aliud
571 2260 693 2316 alio
735 2260 881 2329 plus
929 2261 1201 2316 minusve
1254 2273 1377 2314 non
1409 2262 1529 2312 est:
1585 2258 1797 2314 merito

133 2349 236 2405 ubi
262 2354 349 2407 est
378 2354 621 2407 natura
643 2350 1023 2418 simplicitas,
1051 2353 1267 2405 nonest
1300 2348 1431 2403 ulla
1457 2347 1792 2403 diversitas:

131 2439 414 2513 quoniam
445 2440 508 2494 in
534 2454 603 2495 ea
631 2438 836 2495 omnia
878 2453 1065 2494 unum
1112 2442 1305 2494 sunt:
1363 2441 1601 2492 tantum
1653 2450 1799 2506 ergo

130 2528 195 2584 in
228 2529 353 2585 Deo
380 2528 539 2585 valet
562 2529 973 2598 prwscientia,
993 2532 1289 2600 quantum
1312 2525 1795 2596 przdestinatio,

126 2617 312 2689 plane
339 2619 486 2690 quia
516 2633 704 2674 unum
734 2623 898 2674 sum.

808 2754 1111 2798 CORBECTIO

194 2850 325 2923 {Si
359 2849 759 2907 saluberrimo
810 2830 1245 2925 veris-simoque
1301 2866 1485 2906 sensu
1541 2847 1790 2904 sentires

128 2938 291 3013 quod
321 2940 692 3023 Augustinus
726 2939 843 2995 ait:
876 2939 1107 3011 [Omnis
1129 2937 1577 3011 priedestinatio
1606 2953 1791 3010 praes-

127 3026 361 3094 cientia,
398 3026 506 3082 sed
531 3040 655 3081 non
681 3027 881 3082 omnis
896 3025 1276 3099 pr‘aescientia
1301 3024 1783 3099 praedestinatio],

1916 490 2312 545 runturJleus
2343 504 2406 542 se
2434 500 2542 541 nec
2573 479 2892 557 przescivit,
2923 490 3033 532 nec
3081 470 3536 548 praedestinavit
3561 488 3575 526 :

1919 577 2084 633 aliud
2112 593 2254 646 ergo
2303 574 2533 649 aliquid
2559 578 2728 629 extra
2766 584 2831 625 se
2859 564 3165 634 praeseivit
3187 566 3245 619 et
3272 558 3583 635 praedesti-

1917 668 2099 731 navit,
2119 668 2181 722 id
2207 671 2295 723 est
2324 665 2492 740 quod
2515 664 2643 737 ipse
2671 674 2796 716 non
2818 657 3045 714 sit.Non
3069 656 3207 709 sunt
3228 651 3408 722 igitur
3425 662 3581 724 prm-

1919 757 2163 813 scientia
2184 762 2241 813 et
2272 739 2721 830 praedestinatio
2741 750 2923 813 Deus,
2954 744 3109 800 sicut
3131 740 3354 797 veritas
3388 754 3402 797 :
3435 739 3583 813 quia

1918 846 2133 903 veritas
2162 827 2571 910 essentialiter,
2622 835 2995 913 praescientia
3025 837 3084 889 et
3128 827 3580 906 praedestinatio

1916 936 2161 993 relative
2183 936 2483 991 dicuntur.

1948 1110 1950 1113 τ
1992 1048 2133 1099 item
2155 1043 2319 1116 quod
2349 1035 2787 1109 argumentaris
2812 1032 3004 1105 (num.
3029 1036 3107 1096 8),
3137 1035 3446 1102 peccatum
3460 1041 3581 1084 non

1920 1148 2040 1190 esse
2067 1150 2142 1189 er
2171 1135 2443 1203 veritate,
2469 1143 2589 1188 esse
2614 1131 2812 1183 autem
2848 1124 3026 1193 nihil,
3053 1120 3420 1193 perindeque
3468 1128 3575 1175 nec

1919 1240 1994 1282 ea:
2018 1222 2423 1294 prteseientia,
2452 1235 2558 1275 nec
2588 1231 2663 1273 ea:
2696 1213 3229 1285 prmdestinatione
3263 1209 3382 1273 Dei,
3433 1206 3572 1280 quis

1917 1292 2033 1370 hoc
2063 1312 2157 1369 vel
2182 1312 2432 1368 demens
2462 1302 2937 1364 existimaverit?
2963 1298 3229 1356 Prmsciri
3270 1300 3472 1354 autem
3498 1292 3579 1353 ab

1918 1420 1989 1460 eo
2010 1407 2260 1476 peccata
2288 1399 2486 1457 omnis
2518 1398 2573 1452 et
2618 1391 2963 1462 auctoritas,
3029 1393 3086 1447 et
3140 1388 3294 1445 ratio
3330 1384 3576 1443 edocet:

1917 1474 2182 1566 przesciri
2212 1505 2457 1564 quoque
2488 1492 2545 1543 et
2571 1479 2991 1563 praedestinari
3022 1477 3100 1536 ab
3138 1477 3272 1552 ipso
3321 1474 3579 1548 justissi-

1919 1600 2051 1641 mas
2082 1598 2291 1640 eorum
2317 1571 3035 1641 retributiones,videlicet
3057 1582 3290 1645 poenas,
3312 1569 3578 1623 tormen-

1919 1680 1977 1730 ta
1999 1679 2178 1747 atque
2208 1670 2502 1745 supplicia
2533 1663 2802 1722 similiter
2825 1667 2882 1718 et
2899 1660 3247 1719 auctoritate
3277 1660 3334 1713 et
3346 1653 3578 1712 ratione

1838 1762 1883 1818 Β
1916 1763 2285 1823 instruimur.

1988 1851 2281 1923 Quodque
2312 1844 2634 1912 subnectis,
2659 1828 2819 1899 beati
2842 1837 3174 1910 Augustini
3228 1841 3284 1892 te
3309 1833 3576 1892 auctori-3

1914 1947 2037 1998 tate
2069 1922 2424 2010 przedixisse
2479 1934 2688 1990 divina
2740 1927 3277 2000 prwdestination‘e
3332 1922 3574 1979 nullum

1907 2030 2253 2101 praeparari
2281 2028 2362 2084 ad
2393 2028 2841 2091 tormenta,non
2858 2021 2948 2074 est
2968 2016 3189 2072 mirum
3210 2013 3393 2070 fallax
3405 2011 3572 2069 falsi-

1909 2100 2013 2177 tati
2035 2116 2373 2177 astruendm
2396 2113 2717 2171 falsitatem
2759 2107 3053 2181 injeceris:
3079 2121 3219 2164 cum
3241 2105 3472 2161 constet
3504 2100 3571 2159 li-

1906 2211 2133 2267 bellum
2148 2226 2217 2265 ex
2242 2224 2364 2281 quo
2384 2204 2533 2262 illud
2551 2214 2858 2259 exemeras
2874 2210 3194 2272 nunquam
3229 2194 3308 2251 ab
3337 2195 3571 2264 Augus-

1905 2301 2029 2358 tino
2052 2300 2302 2357 editum:
2321 2295 2546 2369 quipqe
2569 2291 2673 2366 qui
2693 2292 2754 2347 in
2778 2286 2982 2345 multis
3001 2303 3038 2343 a
3059 2282 3567 2369 sensu,locutione

1905 2393 1960 2447 et
1983 2390 2149 2446 libris
2177 2367 2627 2444 illius—nimium
2672 2380 2746 2437 sit
2775 2380 3041 2447 aversus,
3071 2374 3195 2432 imo
3253 2367 3564 2430 adversus.

1902 2484 2127 2554 Nempe
2146 2495 2285 2536 cum
2307 2478 2469 2533 idem
2488 2474 2577 2530 vir
2595 2469 2981 2530 beatissimus
3011 2464 3308 2540 opuscula
3331 2479 3444 2521 sua
3471 2468 3565 2519 re-

1902 2550 2267 2639 tractaret,et
2282 2564 2358 2624 ad
2379 2564 2583 2623 locum
2605 2556 2972 2618 retractandi
2991 2550 3126 2612 libri
3140 2553 3252 2624 sui,
3277 2554 3451 2625 cujus
3474 2555 3566 2609 est

1900 2659 2106 2716 titulus
2135 2657 2210 2715 de
2223 2654 2539 2725 Octoginta
2562 2650 2753 2708 tribus
2768 2640 3208 2716 Quaistionibus
3227 2642 3566 2719 perveniret

1900 2748 2022 2821 (lib.
2048 2765 2089 2817 1,
2114 2763 2246 2821 cap.
2279 2748 2389 2813 26),
2421 2743 2503 2799 ita
2522 2742 2759 2799 locutus
2790 2740 2895 2795 est:
2919 2736 3152 2810 [Utrum
3180 2733 3327 2790 mali
3356 2735 3567 2821 auctor

1898 2816 2023 2894 non
2055 2838 2146 2893 sit.
2181 2816 2291 2893 tibi
2318 2831 2651 2890 videndum
2682 2832 2790 2896 est,
2818 2826 3031 2900 inquit,
3064 2828 3140 2881 ne
3166 2821 3324 2879 male
3350 2816 3565 2878 intelli-

1900 2930 2075 2998 gatur
2098 2925 2265 3000 quod
2294 2923 2455 2980 dixi:
2489 2921 2633 2977 mali
2665 2922 2875 2975 auctor
2913 2928 3039 2973 non
3082 2917 3192 2983 est,
3240 2913 3386 2987 quia
3437 2927 3564 2968 om-

1897 3016 2069 3072 nium
2089 3031 2226 3088 qua
2258 3016 2398 3067 sant
2426 3013 2637 3069 auctor
2662 3009 2770 3071 est,
2792 3004 2936 3087 quia
2965 3004 3027 3059 in
3057 3004 3357 3076 quantum
3399 3002 3562 3065 simi,

125 3086 445 3191 nunquam
474 3120 529 3171 te
560 3115 637 3171 ad
663 3116 775 3171 has
804 3086 1172 3188 imposturas
1210 3086 1491 3178 verteres,
1524 3119 1590 3169 ut
1617 3086 1785 3186 quod
1831 3117 1871 3172 ϐ
1900 3104 1962 3191 in
1992 3086 2225 3159 tant—um
2251 3100 2417 3156 bona
2469 3100 2629 3152 51ml-
2666 3096 2734 3150 Εἴ
2762 3106 2838 3148 ne
2863 3086 3003 3148 hinc
3052 3092 3296 3164 putetur
3329 3103 3453 3146 ΠΟΠ
3485 3086 3563 3145 ab

126 3206 214 3263 ille
246 3221 445 3278 neque
474 3205 658 3261 sensit
684 3214 881 3278 neque
902 3202 1068 3275 dixit,
1090 3204 1150 3259 in
1178 3205 1308 3276 ejus
1333 3203 1506 3259 dictis
1539 3201 1785 3273 efﬁnge-

124 3310 233 3351 res.
264 3293 657 3352 Transcendit
695 3291 993 3366 siquidem
1023 3292 1402 3365 praescientia
1445 3291 1597 3347 ﬁnes
1637 3307 1787 3366 prae-

127 3384 561 3454 destinationis,
594 3384 737 3457 quia
765 3384 1168 3458 prsesciuntur
1196 3383 1292 3440 vel
1345 3383 1423 3440 ab
1482 3381 1613 3457 ipso
1642 3383 1783 3451 Deo,

126 3474 216 3532 vel
234 3472 696 3532 rationabilibus
723 3474 1029 3537 creaturis,
1054 3489 1124 3529 ea
1153 3474 1332 3530 etiam
1362 3487 1494 3546 quae
1526 3472 1603 3529 ab
1635 3471 1784 3545 ipsis

126 3572 245 3620 non
263 3563 417 3620 ﬁunt
439 3581 452 3619 :
478 3563 983 3637 praedestinantur'
1010 3578 1154 3619 vero
1184 3565 1417 3618 tantum
1439 3577 1511 3618 ea
1540 3578 1675 3635 qute
1708 3561 1786 3617 ab

126 3651 266 3726 ipsis
300 3653 391 3709 vel
421 3652 577 3707 ﬁunt
632 3651 729 3708 vel
785 3651 1062 3708 facienda
1111 3650 1535 3725 disponuntur.
1599 3650 1787 3706 Unius’

128 3756 387 3815 quoque,
421 3744 490 3799 ut
545 3741 794 3816 desipis,
839 3741 1238 3814 ejusdemque
1266 3739 1485 3796 divinae
1516 3738 1789 3795 videlicet

130 3833 350 3886 naturae
378 3845 507 3888 non
535 3834 693 3898 sunt,
734 3829 879 3904 quia
906 3828 1074 3886 nulla
1105 3830 1454 3886 auctoritate
1484 3828 1583 3885 Dei
1612 3834 1788 3885 natu-

128 3934 191 3974 ra
217 3920 597 3992 praescientia
620 3916 717 3977 vel
738 3918 1189 3992 praedestinatio
1228 3918 1788 3994 nuncupatur,prae-

130 4009 320 4066 sertim
343 4027 490 4066 cum
531 4009 645 4065 sint
672 4006 942 4077 relativa,
967 4013 1229 4082 quorum
1253 4016 1374 4065 non
1393 4010 1481 4066 est
1502 3996 1784 4064 demons-

130 4102 275 4155 trare
304 4101 904 4174 substantias,neque
928 4099 989 4155 in
1014 4102 1133 4155 Deo
1163 4104 1398 4156 tantum
1426 4097 1583 4155 valet
1607 4102 1787 4173 praes-

132 4187 354 4257 cientia,
384 4195 686 4265 quantum
708 4189 1156 4264 praedestinatio
1189 4189 1463 4256 omnino,
1486 4188 1631 4262 quia
1660 4196 1786 4245 non

130 4292 311 4336 unum
342 4285 515 4337 sunt:
537 4280 774 4355 praescii
798 4279 959 4336 enim
988 4279 1143 4359 Deus
1166 4294 1547 4352 quaecunque
1578 4294 1785 4352 pecca-

127 4368 204 4436 ta,
234 4372 366 4443 (iure
397 4371 529 4446 ipse
556 4386 681 4426 non
706 4369 883 4438 facit;
916 4362 1305 4442 praedestinat
1353 4367 1555 4424 autem
1587 4366 1783 4423 solum

1901 3186 2001 3250 illo
2032 3207 2161 3248 esse
2191 3200 2438 3264 pcenam
2470 3184 2794 3250 malorum,
2826 3195 2963 3254 quae
2994 3177 3200 3251 utique
3223 3175 3456 3233 malum
3476 3175 3565 3232 est

1901 3282 1973 3339 iis
1999 3281 2105 3356 qui
2134 3280 2485 3354 puniuntur:
2516 3273 2621 3331 sed
2636 3273 2752 3329 hoc
2781 3271 2864 3327 ita
2891 3268 3015 3326 dixi
3042 3264 3566 3356 quemadmodum

1903 3353 2270 3437 dict—umest,
2297 3370 2455 3424 Deus
2484 3370 2732 3421 mortem
2755 3368 2876 3417 non
2889 3359 3035 3431 fecit
3059 3358 3218 3429 (Sap.
3245 3364 3285 3423 1,
3313 3353 3566 3427 l3),cum

1901 3460 2042 3521 alibi
2074 3460 2363 3534 scriptum
2388 3457 2497 3514 sit:
2543 3452 2707 3511 Mors
2739 3456 2795 3512 et
2828 3450 2954 3509 vita
2976 3465 3013 3507 α
3037 3447 3289 3504 Domino
3324 3446 3433 3501 Deo
3481 3450 3569 3502 est

1903 3553 2112 3626 (Eccli.
2145 3566 2226 3614 x1,
2254 3550 2359 3616 14).
2384 3546 2670 3604 Malorum
2692 3556 2835 3614 ergo
2863 3553 3049 3615 poena
3078 3553 3215 3611 quas
3246 3549 3283 3626 a
3313 3534 3441 3626 Deo
3448 3536 3560 3626 est,

1900 3620 2133 3698 malum
2162 3643 2250 3696 est
2274 3638 2523 3713 quidem
2546 3631 2858 3705 malis,sed
2882 3630 2943 3687 in
2964 3626 3141 3685 bonis
3168 3624 3266 3682 Dei
3280 3620 3564 3697 operibus

1898 3735 2005 3794 est,
2025 3711 2316 3809 quoniam
2342 3726 2575 3800 justum
2619 3727 2709 3780 est
2725 3725 2797 3809 ut;
2820 3717 2963 3778 mali
2987 3717 3339 3809 puniantur,
3372 3716 3428 3769 et
3449 3711 3562 3769 uti-

1896 3832 2016 3895 que
2042 3800 2280 3875 bonum
2315 3820 2402 3873 est
2431 3829 2611 3871 omne
2635 3806 2803 3885 quod
2817 3810 3053 3881 justum
3077 3800 3213 3876 εει]

1966 3909 2190 3977 ’μάθω
2220 3908 2281 3963 in
2306 3906 2461 3963 libro
2487 3901 2900 3969 Quaestionum
2939 3895 3221 3951 Judicum
3278 3893 3400 3966 (qu.
3443 3893 3555 3961 l3).

1896 4000 2072 4072 [Quid
2096 4002 2186 4054 est
2214 4001 2414 4053 autem
2442 3990 2610 4066 quod
2634 3987 2887 4059 angelus
2910 3984 3145 4042 Domini
3168 3984 3323 4039 inter
3345 3986 3561 4040 caetera

1894 4089 2117 4146 divinae
2141 4080 2634 4143 comminationis
2661 4078 2840 4136 dicit:
2866 4077 3004 4133 Non
3037 4074 3326 4144 adjiciam
3358 4078 3558 4130 trans-

1894 4179 2168 4249 migrare
2188 4176 2506 4247 populum,
2548 4186 2722 4244 quem
2753 4169 2891 4226 dixi
2914 4167 3169 4237 ejicere;
3210 4178 3334 4221 non
3379 4164 3575 4235 aufem

1894 4283 2030 4326 ram
2049 4282 2144 4325 eos
2171 4281 2213 4324 α
2256 4265 2418 4336 faeie
2445 4267 2669 4329 vestra,
2701 4265 2761 4317 et
2805 4261 2985 4317 erunt
3030 4254 3194 4312 vobis
3233 4255 3301 4311 in
3328 4266 3558 4326 ηησωδ

1895 4360 2035 4427 tias,
2066 4362 2121 4413 et
2143 4356 2230 4413 dii
2252 4370 2458 4413 eorum
2479 4356 2658 4411 erunt
2697 4348 2859 4408 vobis
2882 4349 2950 4405 in
2989 4345 3353 4404 scandalum
3383 4342 3554 4415 (luds

129 4432 583 4534 quaiipseiacit
602 4459 697 4518 vel
727 4432 1011 4531 benigne,
1033 4456 1130 4515 vel
1176 4457 1656 4522 misericorditer,
1689 4456 1785 4514 vel
1813 4478 1856 4534 υ
1892 4464 1952 4512 ll,
1986 4450 2063 4517 3);
2093 4445 2209 4503 DiSi
2248 4448 2312 4500 ut
2341 4443 2751 4513 intelligamus
2782 4435 3081 4525 noPnuua
3104 4435 3286 4491 etiam
3339 4433 3415 4489 de
3463 4432 3554 4490 ira

126 4546 295 4617 juste.
323 4551 620 4625 Quodque
652 4549 870 4607 infers:

700 4662 940 4718 Joannes
980 4674 1206 4718 SCOTUS.

192 4763 353 4839 (Cap.
389 4771 469 4837 t5,
494 4783 666 4825 num.
697 4774 755 4834 7,
784 4771 932 4824 sect.
961 4767 1016 4839 5)
1051 4771 1091 4821 Θ
1131 4765 1197 4824 Si
1237 4766 1347 4822 Dei
1396 4766 1780 4835 praiscientza

133 4851 274 4910 Deus
288 4862 392 4928 ωι,
412 4858 748 4916 necessario
773 4863 828 4915 et
854 4857 1232 4915 vem'las.Hoc
1251 4856 1511 4914 (ἐπεφύη
1530 4855 1603 4914 de
1616 4870 1778 4924 pm-

133 4939 532 5006 destiuatione:
555 4948 610 5006 si
626 4954 681 5005 et
704 4948 840 5018 ipsa
866 4948 1049 5017 Deus,
1071 4946 1297 5015 procul
1312 4945 1499 5004 dubie
1533 4947 1773 5005 ueritas.

793 5068 1105 5111 GOIRBCTIO

195 5154 236 5226 1-
257 5155 311 5213 Si
336 5170 487 5231 puro
517 5164 575 5218 et
596 5159 853 5234 simplici
884 5160 1101 5217 mentis
1128 5159 1303 5216 oculo
1333 5159 1769 5233 perspexisses,

131 5243 381 5311 profecto
400 5246 655 5306 vidisses
685 5250 831 5323 quia
858 5248 1078 5305 veritas
1109 5244 1508 5305 substantiam
1537 5249 1639 5304 Dei
1671 5248 1775 5305 de—

132 5340 405 5429 monstret
425 5340 547 5395 tam
579 5339 929 5395 auctoritate
959 5352 1147 5412 quam
1172 5338 1422 5396 ratione.
1453 5341 1582 5411 Ipse
1608 5338 1769 5395 enim

133 5414 304 5478 dixit:
335 5425 461 5497 Ego
491 5444 621 5485 sum
648 5430 869 5486 veritas
898 5429 1098 5501 (Joan.
1131 5444 1244 5493 x1v,
1299 5430 1354 5500 6)
1385 5446 1399 5497 ;
1432 5428 1600 5501 atqui
1629 5443 1769 5484 nus-

133 5518 306 5604 fiuatn
332 5511 501 5573 dixit:
528 5520 650 5588 Ego
680 5533 816 5574 sum
842 5517 1217 5604 praescientia
1256 5518 1351 5574 vel
1374 5515 1767 5591 praedestina-

135 5596 229 5654 tio.
255 5598 475 5662 Veritas
496 5623 621 5664 non
646 5612 737 5664 est
763 5602 1099 5679 relativum,
1129 5608 1281 5665 sicut
1302 5623 1411 5664 nec
1445 5607 1761 5681 sapientia,

135 5689 533 5784 uec-scientia,
558 5712 670 5754 nec
721 5697 975 5769 justitia,
1018 5712 1131 5754 nec
1172 5698 1445 5755 bonitas:
1506 5697 1762 5772 ideoque

133 5777 353 5841 Quoties
374 5781 449 5842 de
477 5784 596 5845 Deo
626 5785 864 5854 dicitur,
912 5786 1304 5847 essentialiter
1359 5786 1761 5864 praedicatur:

1892 4538 1995 4595 Dei
2014 4537 2218 4595 venire
2242 4534 2520 4610 peccata?
2543 4536 2609 4590 Ut
2636 4528 2799 4588 enim
2824 4518 2907 4585 dii
2936 4524 3383 4597 gentium,inter
3399 4538 3555 4596 quas

1889 4642 2147 4684 non‘ase
2169 4624 2593 4682 exterminatus
2608 4618 2886 4676 Israelitm
2903 4614 3179 4673 habitare
3207 4611 3551 4679 voluerunt,

1889 4716 2091 4772 essent
2110 4714 2194 4771 eis
2223 4713 2286 4769 in
2312 4702 2690 4778 scandalum,
2718 4705 2783 4762 id
2811 4707 2917 4771 est,
2942 4701 3207 4758 facerent
3239 4712 3340 4756 eos
3370 4696 3549 4754 Scan-

1888 4803 2134 4861 dalizari
2161 4802 2225 4858 in
2251 4796 2509 4858 Domino
2535 4797 2655 4854 Deo
2686 4810 2817 4863 suo,
2844 4800 3038 4865 eoque
3070 4786 3305 4846 oﬂ‘enso
3319 4788 3546 4859 vivere,

1885 4890 2210 4963 indignans
2239 4890 2355 4945 hoc
2402 4884 2808 4944 comminatus
2837 4884 2930 4938 est
2957 4872 3112 4935 Deus
3137 4895 3150 4947 ;
3194 4872 3362 4963 quod
3391 4878 3547 4933 certe

1884 4958 2273 5038 manifestum
2298 4982 2700 5046 estmagnum
2748 4986 2882 5028 esse
2916 4958 3279 5043 peccatum.)
3303 4968 3340 5035 1-
3380 4965 3546 5023 Idem

1883 5070 1948 5127 in
1969 5069 2125 5126 libro
2151 5067 2568 5135 Quaestionum
2601 5057 3043 5120 Deuteronomii
3068 5058 3196 5132 (qu.
3223 5060 3302 5127 2):
3325 5046 3430 5130 [Et
3444 5072 3545 5137 no-

1884 5161 2001 5217 tuit
2021 5160 2177 5217 SeOn
2209 5162 2322 5215 rex
2349 5155 2583 5213 E’zebon
2603 5154 2866 5211 transire
2886 5162 2992 5208 nos
3015 5164 3130 5221 per
3144 5150 3339 5220 ipsum
3365 5161 3545 5220 :quo»

1881 5251 2047 5307 m'am
2077 5248 2477 5304 induraverat
2506 5245 2795 5300 Dominus
2824 5243 2983 5298 Deus
3021 5234 3225 5296 noster
3259 5238 3541 5308 spiritum

1881 5344 2028 5411 ejus,
2063 5340 2117 5394 e‘t
2149 5337 2348 5407 con/'07
2367 5337 2516 5393 tavit
2558 5350 2662 5392 cor
2688 5337 2839 5405 ejus,
2862 5337 2931 5388 ut
2956 5329 3305 5387 traderetur
3326 5328 3390 5383 in
3415 5336 3540 5383 ma-

1879 5436 1992 5485 nus
2022 5428 2160 5484 tuas
2183 5426 2416 5482 'sicutin
2443 5425 2559 5482 hac
2587 5423 2685 5480 die
2704 5422 2903 5494 (Deut.
2931 5438 2995 5485 ιι,
3024 5421 3136 5487 30).
3161 5414 3301 5471 Haec
3331 5412 3538 5472 dicens

1876 5523 2128 5594 Moyses,
2187 5514 2336 5572 dum
2396 5513 2692 5590 populum
2740 5508 3081 5585 alloquitur,
3131 5500 3249 5563 tale
3309 5496 3540 5579 aliquid

1877 5610 2316 5666 cemmemOrat
2380 5604 2558 5679 quale
2638 5599 2881 5659 dicebat
2951 5599 3014 5655 in
3075 5596 3336 5654 Exodo:
3404 5594 3536 5668 Ego

1874 5698 2166 5756 induram‘
2191 5712 2295 5754 cor
2320 5695 2665 5753 Pharaonis
2712 5690 2933 5767 (Exod.
2978 5705 3038 5753 x,
3070 5687 3162 5761 4)};
3190 5691 3249 5744 et
3268 5684 3535 5762 quodjin

1876 5784 2126 5849 Psalmis
2152 5784 2406 5862 tegitur:
2432 5784 2742 5845 Cunvertit
2769 5795 2874 5840 cor
2916 5788 3143 5851 eorum,
3178 5782 3247 5836 at
3273 5775 3534 5836 odissent
