3936 6410
367 251 504 306 1207

1446 262 1502 318 8.
1543 261 1916 320 PRUDENTII
1953 265 2336 326 TRECENSIS
2375 269 2712 330 EPISCOPI.

3651 273 3672 330 l
3683 277 3788 331 208

361 376 655 468 populum
685 375 814 448 ejus
841 379 1032 451 (Psal.
1063 398 1174 451 (τιν,
1206 389 1320 453 25).
1350 390 1464 444 Nec
1495 392 1721 446 tacetur
1743 390 1838 446 hic
1885 407 2022 447 cau-
2053 397 2100 450 Α
2129 392 2473 466 deputasse.
2505 398 2753 451 Peccata
2778 395 2947 452 aDeo
2977 411 3103 452 non
3129 411 3258 452 esse
3284 396 3486 452 nullus
3514 396 3790 468 ambigit,

366 479 432 519 sa
457 463 856 524 indurationis
885 469 1066 541 hujus
1104 488 1246 530 cum
1293 475 1526 549 dicitur,
1577 485 1643 534 ut
1678 482 2021 538 traderetur

364 555 426 608 in
453 569 667 611 manus
690 561 843 624 tuas,
884 566 1037 615 sicut
1068 562 1131 616 in
1184 563 1299 620 hac
1338 566 1451 634 die,
1481 567 1543 622 id
1573 573 1680 634 est,
1727 574 1789 626 ut
1827 570 2021 626 vince-

362 646 526 698 retur
549 660 586 698 ει
617 648 689 712 te,
718 646 884 717 quod
909 663 1033 704 non
1061 649 1228 707 fieret
1253 652 1366 709 nisi
1398 655 1727 714 resisteret:
1753 675 1875 716 non
1914 676 2019 716 au-

364 735 484 821 tem
514 733 832 804 resisteret,
866 736 982 793 nisi
1013 740 1194 797 corde
1219 742 1542 802 obdurato.
1575 748 1756 819 Cujus
1786 749 1870 805 rei
1885 750 2015 821 jus-

363 820 551 879 titiam
585 821 633 877 si
659 824 1106 895 qumsierimus,
1138 831 1562 892 inscrutabilia
1608 844 1749 894 sunt
1778 820 2016 908 judicia

360 910 473 965 Dei
499 910 687 980 (Rom.
715 928 797 978 xz,
829 915 919 987 33)
945 931 970 985 ;
1015 918 1304 990 iniquitas
1353 930 1547 980 autem
1589 943 1708 982 non
1739 934 1820 984 est
1852 929 2019 998 apud

359 998 547 1055 Deum
593 1002 783 1069 (Rom.
827 1019 906 1073 ix,
944 1006 1051 1077 14).
1096 1009 1250 1064 Sane
1292 1013 1628 1070 notandum
1662 1021 1750 1072 est
1786 1017 2016 1074 confor-

360 1090 548 1144 tatum
586 1106 688 1146 cor
718 1108 903 1165 posse
933 1093 1051 1151 dici
1088 1100 1268 1154 etiam
1309 1099 1371 1156 in
1428 1103 1635 1176 malo.]
1675 1106 1710 1171 ἢ·
1749 1107 1909 1163 Idem
1952 1108 2013 1164 in

360 1179 798 1242 Quaestionibus
826 1183 1010 1239 Exodi
1041 1184 1166 1258 (qu.
1205 1187 1327 1256 143)
1362 1207 1374 1245 :
1408 1192 1509 1262 (Et
1534 1197 1900 1264 propitiatus
1929 1206 2012 1254 est

357 1267 650 1324 Dominus
670 1270 744 1326 de
769 1273 1030 1343 malitia,
1061 1290 1240 1345 quam
1272 1278 1429 1334 dixit
1439 1281 1648 1350 facere
1661 1288 1887 1355 populo
1908 1303 2014 1343 suo

359 1355 602 1446 (Emam,
632 1375 796 1430 xxxx,
844 1360 948 1432 14).
999 1362 1277 1422 Malitiam
1323 1366 1420 1424 hic
1468 1385 1713 1443 poenam
1767 1375 2014 1446 intelligi

358 1443 566 1514 voluit,
600 1446 772 1504 sicuti
792 1453 909 1505 est:
939 1452 1279 1511 AEstimatu
1299 1463 1382 1512 est
1411 1461 1647 1518 malitia
1677 1443 2016 1521 exitusillo-

359 1549 495 1590 rum
522 1535 794 1606 (Sap.1u,
828 1539 1255 1611 2).Secundum
1279 1545 1436 1603 hanc
1453 1547 1668 1607 dicitur
1695 1557 1750 1609 et
1783 1553 2012 1613 bonum

361 1623 674 1716 et-malum
704 1642 741 1682 a
772 1627 892 1683 Deo
917 1643 1036 1685 non
1064 1633 1397 1691 secundum
1425 1638 1737 1710 malitiam,
1767 1659 1889 1716 qua
1904 1645 2013 1702 ho-

2129 497 2344 555 pinnas
2369 483 2790 558 peccatoribus
2821 483 2916 540 vel
2947 484 3134 542 factas
3165 484 3244 540 ab
3290 485 3422 558 ipso
3470 486 3564 543 vel
3593 486 3790 545 illatas

2127 571 2327 628 omnis
2383 578 2439 630 et
2469 573 2792 631 auctoritas
2847 579 2904 630 et
2929 574 3082 631 ratio
3127 574 3504 647 comprobat.
3564 578 3648 632 Ac
3679 593 3792 650 per

2126 661 2262 732 hoc,
2294 660 2446 720 sicut
2468 666 2527 721 et
2554 662 2828 736 superius
2859 678 2934 719 ex
2954 662 3148 720 verbis
3166 663 3329 720 beati
3348 665 3663 736 Augustini
3683 681 3791 738 po-

2126 749 2380 823 suimus,
2411 768 2624 809 omnes
2653 755 3038 826 peccatorum
3068 768 3265 827 pcnnae
3285 752 3460 811 bona
3478 755 3789 828 sunt,quia

2121 839 2299 910 justas
2325 845 2483 898 sunt.
2517 843 2709 899 Omne
2761 841 2922 898 enim
2968 842 3206 913 justum
3257 841 3513 909 bonum,
3544 843 3785 901 nullum

2123 933 2327 986 autem
2351 930 2586 1002 justum
2637 946 2764 987 non
2813 930 3068 988 bonum.
3121 930 3374 988 Proinde
3407 932 3705 1006 quidquid
3751 949 3789 990 a

2125 1034 2362 1076 summe
2389 1019 2554 1077 bono
2577 1024 2634 1077 et
2657 1036 2894 1076 summe
2915 1020 3082 1092 justo
3107 1025 3214 1087 est,
3246 1019 3478 1078 bonum
3512 1027 3619 1079 est.
3647 1023 3788 1078 Jus-

2123 1109 2253 1164 tum
2286 1111 2375 1164 est
2396 1111 2599 1164 autem
2627 1108 2872 1164 retribui
2921 1109 3343 1182 peccatoribus
3386 1110 3786 1182 quemadmo-

2123 1195 2272 1252 dum
2311 1202 2366 1253 et
2405 1196 2582 1254 bonis
2611 1195 2779 1269 quod
2809 1201 3134 1253 merentur.
3167 1197 3319 1253 Vere
3366 1198 3673 1256 enimvero
3719 1216 3786 1257 se

2123 1300 2512 1359 nequaquam
2543 1301 2580 1342 a
2604 1284 2903 1342 contrario
2932 1285 2996 1342 id
3025 1284 3120 1342 vel
3167 1285 3525 1344 intellexisse
3555 1287 3652 1344 vel
3679 1305 3788 1362 po-

2123 1374 2316 1431 suisse
2347 1375 2489 1431 satis
2535 1374 2733 1431 lucide
2763 1374 3144 1448 subindeque
3191 1375 3322 1448 ipse
3375 1376 3628 1448 intimat,
3675 1378 3784 1451 qui

2121 1462 2300 1520 tacito
2330 1462 2871 1536 praedestinationis
2894 1463 3193 1520 vocabulo
3221 1464 3550 1522 identidem
3578 1467 3781 1523 verbis

2122 1553 2254 1609 aliis
2294 1553 2596 1611 evidenter
2613 1553 2892 1610 inculcat.
2929 1554 3104 1625 Quid,
3129 1571 3340 1629 quaeso
3371 1560 3448 1627 te,
3467 1556 3664 1628 majus
3685 1573 3782 1613 es-

2125 1659 2187 1700 se
2242 1660 2454 1700 censes
2511 1643 2938 1717 praedestinare
2991 1661 3070 1700 an
3117 1644 3361 1702 facere?
3418 1649 3641 1719 Nempe
3683 1645 3782 1702 vel

359 1709 554 1810 mines
581 1714 725 1810 mali
754 1721 911 1810 sunt.
927 1717 1108 1810 Malus
1133 1721 1293 1778 enim
1321 1726 1476 1782 Deus
1505 1743 1628 1784 non
1655 1709 1873 1798 esas-ed
1891 1750 2014 1791 ma-
2045 1755 2087 1810 Β
2125 1748 2368 1806 semper
2385 1732 2480 1789 vel
2512 1709 2683 1806 pene
2711 1749 2953 1806 semper
2980 1733 3168 1792 verba
3211 1734 3478 1808 Apostoli
3533 1709 3782 1792 interse-

358 1804 431 1896 l_is
456 1804 882 1896 ingeritmala,
915 1807 1061 1896 quia
1081 1809 1282 1880 justus
1307 1815 1440 1886 est.]
1474 1817 1515 1886 -ι-
1543 1821 1605 1873 ln
1631 1820 1846 1877 eodem
1885 1825 2012 1896 (qu-

363 1892 754 1963 148):[Merito
783 1895 1071 1966 quaeritur
1099 1913 1239 1962 cum
1262 1903 1537 1974 superius
1566 1908 1862 1980 populum
1893 1892 2014 1967 dis-

359 1980 588 2053 sipasse
610 1981 805 2037 dictus
828 1983 902 2039 sit
929 1988 1148 2056 Aaron,
1173 2004 1280 2044 cur
1299 1990 1360 2046 in
1383 1991 1582 2064 ipsum
1604 1995 1864 2056 vindicta
1880 2000 2014 2056 nul-

355 2069 415 2127 la
441 2071 818 2144 processerit,
849 2089 1047 2146 neque
1100 2091 1240 2134 cum
1294 2081 1523 2152 Moyses
1555 2083 1804 2143 interfici
1840 2089 2020 2160 jussit

357 2176 601 2216 omnem
641 2160 747 2234 qui
778 2161 990 2218 Levitis
1021 2166 1302 2224 euntibus
1351 2169 1430 2226 ad
1468 2176 1706 2244 portam
1762 2181 1819 2234 et
1853 2179 2018 2235 rede-

356 2250 607 2306 untibus
631 2251 989 2309 occurrisset
1034 2256 1318 2327 armatis;
1371 2276 1567 2333 neque
1618 2280 1758 2321 cum
1807 2273 2018 2340 postea

357 2338 582 2397 factum
613 2344 702 2396 est
739 2340 906 2414 quod
939 2343 1241 2417 Scriptura
1271 2346 1444 2405 dicit:
1477 2351 1557 2406 Et
1575 2338 1874 2422 percussit
1898 2359 2016 2414 Do-

357 2429 555 2484 minus
575 2431 921 2500 populum‘
956 2439 1211 2504 propter
1256 2437 1566 2507 facturam
1621 2445 1802 2500 vituli
1845 2462 2016 2516 quem

351 2520 500 2592 fecit
529 2520 761 2588 Aaron,
792 2522 1056 2578 maxime
1085 2525 1230 2596 quia
1260 2531 1317 2583 et
1361 2527 1458 2584 hic
1497 2529 1613 2587 hoc
1643 2532 1806 2590 idem
1854 2552 2020 2610 repe-

356 2609 540 2667 tendo
562 2609 931 2669 inculcatum
956 2617 1066 2671 est.
1117 2617 1250 2672 Non
1291 2617 1451 2676 enim
1483 2620 1712 2680 dictum
1759 2630 1884 2682 est:
1927 2609 2020 2684 Et

351 2701 652 2771 percussit
675 2703 957 2758 Dominus
976 2705 1272 2774 populum
1310 2716 1566 2778 propter
1589 2713 1900 2782 facturam
1933 2718 2020 2772 vi-

359 2789 478 2846 tuli
496 2805 667 2862 quem
681 2791 981 2860 fecerunt,
997 2793 1101 2849 sed
1123 2810 1293 2866 quem
1315 2798 1459 2868 fecit
1479 2801 1709 2859 Aaron:
1742 2809 1799 2860 et
1821 2809 2022 2863 tamen

358 2894 482 2966 non
515 2883 605 2934 est
632 2896 960 2966 percussus
987 2891 1184 2940 Aaron
1212 2901 1226 2953 ;
1273 2886 1422 2958 quin
1472 2889 1651 2947 etiam
1683 2891 1829 2949 illud
1855 2895 2022 2966 quod

358 2962 434 3020 de
465 2963 800 3022 sacerdotio
827 2966 959 3037 ejus
982 2971 1118 3024 ante
1149 2976 1466 3042 peccatum
1495 2975 1626 3046 ejus
1671 2978 1827 3034 Deus
1866 2962 2019 3052 prae-

356 3053 620 3128 cipiebat
670 3054 987 3128 impletum
1040 3062 1145 3115 est.
1181 3060 1295 3118 Sed
1338 3063 1517 3134 jussit
1545 3071 1602 3123 et
1631 3066 1830 3141 ipsum
1868 3074 1927 3127 et
1955 3071 2020 3128 ﬁ-

356 3144 469 3201 lios
499 3143 684 3214 ablui,
729 3149 787 3201 et
817 3145 901 3202 sic
943 3146 1202 3206 ordinati
1257 3157 1397 3209 sunt
1452 3154 1514 3210 in
1545 3158 1900 3216 sacerdotio.
1934 3161 2022 3218 Ita

357 3233 523 3290 novit
553 3233 648 3289 ille
676 3233 771 3290 cui
798 3240 1009 3308 parcat
1034 3253 1225 3311 usque
1256 3239 1337 3296 ad
1375 3246 1910 3305 commutationem
1957 3250 2020 3306 in

357 3322 698 3391 melius;et
727 3324 824 3380 cui
875 3330 1084 3398 parcat
1129 3327 1209 3384 ad
1264 3333 1524 3403 tempus,
1555 3337 1838 3407 quamvis
1880 3355 2020 3396 eum

358 3413 683 3487 praescierit
706 3412 768 3468 in
799 3413 1013 3470 melius
1043 3431 1166 3472 non
1188 3421 1434 3476 mutari:
1469 3427 1526 3478 et
1551 3424 1644 3480 cui
1671 3441 1793 3482 non
1813 3435 2023 3501 parcat

361 3505 429 3556 ut
455 3502 719 3555 mutetur
747 3500 808 3555 in
833 3501 1069 3570 melius,
1105 3508 1160 3560 et
1190 3506 1286 3562 cui
1312 3523 1436 3565 non
1468 3517 1696 3584 parcat,
1729 3500 1826 3572 ita
1848 3522 1913 3574 ut
1938 3519 2021 3575 vi-

362 3593 439 3644 tae
479 3589 876 3645 mutationem
907 3590 1038 3661 ejus
1077 3599 1412 3667 exspectet;
1447 3603 1504 3655 et
1549 3600 1665 3657 hoc
1723 3608 1914 3662 totum
1941 3607 2021 3665 ad

361 3678 426 3736 id
445 3678 599 3735 redit
625 3678 792 3752 quod
840 3680 1163 3753 Apostolus
1209 3683 1352 3740 dicit
1401 3688 1778 3749 exclamans:
1832 3694 2020 3761 Quam

364 3769 786 3827 inscrutabilia
815 3775 956 3827 sunt
995 3773 1238 3842 judicia
1293 3777 1422 3846 ejus
1468 3784 1522 3835 et
1582 3781 2023 3854 investigabiles

365 3860 479 3918 viae
507 3861 679 3930 eius!
708 3859 897 3931 (Rom.
930 3876 1012 3930 χι,
1049 3862 1157 3935 33).

934 3985 1186 4028 1οΔΝΝΕ8
1227 3988 1458 4032 SCOTUS.

436 4076 605 4149 (Cap.
644 4075 727 4145 15,
759 4091 932 4134 num.
968 4081 1054 4148 l0,
1082 4084 1224 4136 sect.
1257 4081 1333 4154 6).
1376 4087 1416 4137 Θ
1463 4085 1589 4142 Aut
1613 4102 1726 4157 per
1752 4088 2029 4146 similitu-

367 4166 564 4226 dinem
582 4167 1038 4236 prazdestinatio
1051 4185 1168 4238 pro
1188 4175 1574 4240 prwscientia
1590 4180 1885 4252 ponitur;
1921 4186 2030 4238 aut

363 4271 480 4326 per
507 4256 684 4311 illum
739 4261 1000 4325 tropum,
1035 4261 1141 4330 qui
1171 4261 1397 4317 dicitur
1445 4265 1796 4340 hypallage,
1852 4286 2024 4342 quem

369 4359 682 4417 possumus
711 4347 1026 4404 nominare
1050 4348 1650 4426 subalternationem,
1675 4361 1786 4416 etc.

1013 4492 1344 4534 COBRICTIO.

372 4671 522 4740 ﬁeri,
555 4675 622 4730 ut
650 4671 932 4731 destinati
961 4673 1059 4732 vel
1087 4675 1495 4749 praedestinati
1540 4681 1617 4739 ad
1648 4699 1916 4758 poenam,
1939 4684 2036 4743 vel

375 4779 412 4819 a
442 4763 766 4834 contrario,
821 4764 880 4821 id
915 4769 1007 4823 est
1057 4781 1165 4840 per
1215 4772 1458 4843 tropum
1499 4773 1605 4846 qui
1645 4773 1861 4832 dicitur
1888 4776 2037 4832 anti-

373 4852 637 4925 phrasis,
665 4853 763 4910 vel
783 4869 890 4927 per
925 4855 1095 4913 illum
1116 4857 1222 4931 qui
1242 4864 1492 4917 vocatur
1510 4862 1834 4937 hypallage
1852 4865 2036 4924 debe-

373 4946 507 4999 rent
529 4942 1079 5019 intelligi,nunquid
1098 4951 1222 5004 tam
1241 4949 1432 5008 multa
1449 4951 1565 5008 alia
1584 4958 1764 5027 atque
1776 4955 1856 5011 ad
1873 4955 2038 5013 idem

375 5030 974 5122 pertinentiapassim
987 5040 1110 5092 tam
1128 5053 1236 5110 per
1253 5040 1588 5122 scripturas
1602 5049 1839 5100 sanctas
1849 5062 2037 5119 quam

376 5118 544 5192 apud
558 5120 882 5177 catholicos
893 5122 1170 5182 doctores
1187 5118 1670 5201 inveniuntur,eo
1681 5118 2041 5207 detorquen-

375 5209 455 5264 da
473 5213 631 5278 sunt,
665 5214 730 5266 ut
746 5210 924 5268 simili
949 5213 1200 5272 insaniae
1216 5227 1637 5292 supponantur
1656 5223 1684 5280 Ἰ
1703 5223 1872 5289 Quod
1893 5224 2041 5297 quia

373 5298 503 5356 ﬁeri
522 5298 690 5356 nulla
715 5301 867 5358 ratio
879 5302 1166 5379 nullaque
1189 5307 1328 5365 sinit
1357 5311 1700 5380 auctoritas,
1723 5312 2038 5370 fatendum

377 5393 465 5444 est
494 5395 551 5446 et
578 5389 818 5463 eloquia
842 5392 1048 5451 divina
1086 5401 1144 5453 et
1191 5399 1559 5458 orthodoxos
1586 5405 1936 5460 tractatores
1967 5417 2041 5458 ea

375 5475 458 5566 ita
478 5482 543 5534 ut
572 5485 858 5537 resonant
886 5481 1274 5561 intellexisse,
1317 5490 1561 5565 Deique,
1592 5492 1825 5566 absque
1869 5489 2039 5548 nubi-

375 5563 433 5622 lo
459 5567 827 5640 cujusquam
854 5571 1374 5648 interpretationis,
1413 5563 1764 5654 iustissimis
1790 5579 2037 5654 judiciis

446 5672 598 5756 'Jllic
628 5675 885 5756 scissum
914 5679 1124 5756 folium
1145 5684 1445 5756 integrum
1467 5689 1637 5747 deest
1657 5691 1718 5746 in
1739 5706 1852 5745 ms.
1873 5685 2034 5754 cod.,

381 5738 488 5796 sed
527 5741 837 5801 residuum
861 5753 1168 5809 sententias
1199 5738 1637 5832 s'i‘liiﬁﬁiﬁ"
1657 5738 2032 5834 'i-‘eﬁéiiﬁiil

2123 1838 2260 1878 rens
2282 1823 2471 1892 (Rom.
2503 1827 2585 1891 ix,
2613 1823 2728 1894 22),
2759 1822 2834 1878 de
2859 1823 3019 1878 vasis
3051 1823 3174 1890 irae,
3195 1823 3552 1896 praeparatis
3570 1822 3663 1881 vel
3677 1839 3784 1897 ap-

2124 1911 2196 1967 tis
2227 1911 2305 1967 ad
2329 1911 2656 1982 interitum,
2673 1913 2934 1982 perfecti
2971 1928 3079 1968 seu
3131 1914 3293 1984 facti
3338 1913 3638 1970 vocabulo
3667 1913 3784 1969 uti-

2125 2004 2237 2067 tur,
2267 2004 2331 2056 ut
2360 2000 2636 2056 innueret
2661 2015 2724 2056 se
2770 2014 3090 2074 nunquam
3131 2001 3676 2074 praedestinationis
3703 2003 3788 2057 si-

2125 2090 2576 2160 gniﬁcationem
2606 2105 2642 2146 a
2662 2090 2961 2147 contrario
2988 2090 3244 2148 sensisse
3271 2092 3396 2148 sive
3423 2091 3744 2166 protulisse
3768 2109 3786 2147 :

2128 2179 2284 2235 unde
2305 2183 2360 2236 et
2395 2179 2456 2235 in
2483 2179 2637 2235 libro
2667 2179 2742 2235 de
2773 2179 3016 2236 Civitate
3047 2180 3148 2236 Dei
3175 2180 3388 2254 quinto
3416 2181 3676 2249 decimo,
3704 2180 3790 2236 ita

2122 2267 2357 2324 locutus
2388 2273 2474 2324 est
2501 2268 2871 2340 Augustinus
2899 2269 3053 2341 (cap.
3085 2271 3132 2338 Ι)
3153 2287 3166 2324 :
3187 2269 3374 2342 [Sicut
3394 2269 3554 2326 enim
3583 2269 3646 2325 in
3662 2284 3795 2325 uno

2123 2355 2391 2423 homine,
2441 2357 2608 2429 quod
2646 2356 2795 2412 dixit
2847 2357 3190 2429 Apostolus,
3242 2357 3586 2430 experimur
3639 2355 3794 2430 quia

2126 2461 2246 2500 non
2269 2446 2538 2515 primum
2578 2445 2739 2517 quod
2756 2447 3034 2516 spiritale
3058 2451 3160 2513 est,
3188 2446 3291 2501 sed
3311 2446 3471 2517 quod
3493 2446 3793 2514 animale,

2120 2539 2331 2604 postea
2359 2535 2638 2605 spiritale
2686 2535 2746 2602 (Ι
2769 2534 2908 2591 Cor.
2955 2551 3054 2591 xv.
3086 2537 3208 2602 46);
3242 2534 3402 2590 unde
3456 2533 3799 2604 unusquis-

2127 2639 2266 2696 que,
2310 2623 2601 2696 quoniam
2653 2639 2728 2680 ex
2775 2624 3072 2680 damnata
3117 2622 3451 2698 propagine
3503 2622 3792 2688 exoritur,

2129 2712 2327 2785 primo
2351 2712 2424 2768 sit
2451 2729 2694 2768 necesse
2717 2717 2805 2768 est
2835 2729 2908 2768 ex
2937 2713 3135 2769 Adam
3189 2712 3391 2768 malus
3435 2715 3616 2785 atque
3655 2727 3791 2767 car-

2131 2800 2324 2868 nalis;
2354 2800 2523 2873 quod
2554 2800 2603 2856 si
2648 2800 2711 2856 in
2743 2799 2977 2857 Christo
3023 2801 3401 2857 renascendo
3452 2799 3789 2873 profecerit,

2132 2889 2349 2964 poterit
2401 2905 2530 2946 esse
2559 2889 2666 2961 [al.
2719 2893 2927 2961 postea
2956 2887 3083 2961 erit]
3131 2888 3332 2944 bonus
3376 2893 3433 2944 et
3461 2887 3788 2961 spiritalis:

2134 2981 2218 3036 sic
2247 2979 2309 3035 in
2335 2979 2611 3034 universo
2643 2993 2859 3048 genere
2888 2978 3160 3034 humano
3193 2994 3334 3034 cum
3363 2977 3630 3051 primum
3655 2977 3789 3033 duae

2134 3069 2258 3126 istae
2307 3071 2618 3143 coeperunt
2641 3067 2947 3124 nascendo
2996 3071 3176 3141 atque
3205 3067 3521 3124 moriendo
3550 3083 3791 3140 procur-

2134 3175 2262 3216 rere
2293 3158 2580 3227 civitates,
2613 3156 2780 3230 prius
2805 3160 2894 3212 est
2936 3159 3113 3213 natus
3144 3155 3287 3212 civis
3339 3156 3523 3227 hujus
3571 3154 3786 3223 saeculi,

2133 3247 2430 3321 posterius
2461 3247 2594 3319 [al.,
2621 3245 2938 3320 posterior]
2965 3249 3167 3302 autem
3206 3245 3319 3301 isto
3345 3245 3702 3317 peregrinus
3730 3244 3789 3300 in

2134 3337 2374 3408 saeculo,
2403 3341 2460 3393 et
2487 3337 2794 3410 pertinens
2829 3335 2908 3391 ad
2937 3334 3238 3391 civitatem
3269 3334 3389 3401 Dei,
3424 3334 3614 3405 gratia
3637 3350 3791 3407 pras—

2132 3428 2490 3498 dcstinatus,
2522 3425 2716 3498 gratia
2745 3425 2988 3496 electus,
3022 3423 3213 3495 gratia
3237 3423 3588 3497 peregrinus
3615 3423 3790 3479 deor-

2132 3535 2290 3585 sum,
2320 3516 2510 3588 gratia
2535 3516 2677 3571 civis
2701 3531 2966 3572 sursum.
2994 3517 3141 3570 Nam
3164 3517 3462 3587 quantum
3491 3512 3568 3568 ad
3590 3512 3792 3586 ipsum

2133 3607 2358 3673 attinet,
2392 3622 2466 3661 ex
2497 3603 2712 3661 eadem
2745 3619 2950 3660 massa
3007 3607 3198 3672 ortus,
3230 3618 3368 3674 quas
3424 3600 3795 3669 originaliter

2134 3700 2224 3752 est
2255 3699 2379 3751 tota
2409 3694 2700 3750 damnata
2725 3710 2738 3748 :
2770 3691 2875 3748 sed
2903 3697 3103 3748 tamen
3136 3690 3270 3763 [al.,
3301 3687 3616 3763 tanquam]
3641 3690 3792 3760 ﬁgu-

2132 3784 2226 3841 lus
2258 3785 2412 3840 Deus
2440 3784 2620 3854 (hanc
2642 3782 2804 3839 enim
2833 3781 3306 3848 similitudinem,
3337 3795 3460 3836 non
3480 3779 3794 3852 impuden-

2133 3879 2240 3942 ter,
2275 3872 2380 3929 sed
2401 3872 2727 3945 prudenter
2755 3870 3089 3928 introducit
3114 3869 3466 3944 Apostolus)
3486 3885 3558 3924 ex
3580 3868 3791 3924 eadem

2133 3979 2339 4021 massa
2366 3961 2500 4019 fecit
2529 3961 2696 4018 aliud
2719 3977 2828 4019 vas
2879 3961 2942 4017 in
2992 3961 3309 4027 honorem,
3370 3957 3536 4015 aliud
3564 3958 3627 4014 in
3654 3972 3793 4015 con-

2136 4051 2448 4110 tumeliam
2478 4051 2668 4123 (Rom.
2700 4067 2780 4118 1x,
2817 4052 2928 4124 2t).
2964 4051 3130 4106 Prius
3179 4053 3382 4104 autem
3429 4047 3658 4104 factum
3713 4049 3798 4102 est

2137 4159 2242 4200 vas
2268 4143 2329 4198 in
2360 4141 2812 4211 contumeliam,
2844 4142 3054 4213 postea
3083 4154 3225 4195 vero
3275 4137 3529 4194 alterum
3584 4137 3648 4192 in
3696 4137 3794 4193 ho-

2139 4249 2350 4290 norem
2375 4250 2388 4287 :
2425 4231 2570 4304 quia
2598 4235 2656 4287 et
2684 4229 2745 4286 iu
2774 4229 2907 4302 ipso
2929 4244 3075 4297 uno,
3103 4227 3255 4283 sicut
3274 4226 3403 4298 jam
3434 4225 3578 4292 dixi,
3611 4223 3791 4282 homi-

2139 4338 2216 4378 ne
2245 4321 2412 4396 prius
2442 4325 2532 4378 est
2574 4319 2927 4394 reprobum,
2964 4316 3127 4373 unde
3162 4331 3410 4372 necesse
3441 4318 3530 4371 est
3556 4314 3792 4388 incipia-

2142 4427 2299 4480 mus,
2329 4414 2388 4468 et
2417 4409 2520 4467 ubi
2543 4425 2668 4466 non
2698 4413 2787 4466 est
2814 4422 3059 4464 necesse
3098 4410 3165 4462 ut
3187 4420 3636 4462 remaneamus.
3670 4407 3794 4460 Pos-

2065 4471 2105 4527 Ο
2144 4499 2324 4557 terius
2352 4515 2489 4557 vero
2515 4498 2799 4572 probum,
2831 4512 2955 4570 quo
2980 4494 3358 4568 proﬁcientes
3380 4493 3722 4559 veniamus,
3744 4493 3796 4546 et

2141 4606 2266 4664 quo
2286 4588 2700 4663 pervenientes
2729 4583 3133 4659 maneamus]

2213 4678 2250 4746 ’ἰ-
2278 4677 2442 4734 idem
2471 4677 2533 4733 in
2557 4676 2711 4732 libro
2737 4675 2812 4731 de
2830 4673 3057 4746 Nuptiis
3070 4677 3127 4729 et
3154 4671 3654 4744 Concupiscentia
3676 4667 3789 4741 (lib.

2143 4787 2203 4835 ιι,
2235 4784 2370 4842 cap.
2405 4771 2497 4833 28,
2543 4767 2666 4838 29):
2701 4763 2884 4837 [Quid
2938 4779 3081 4834 ergo
3139 4767 3231 4819 est
3283 4761 3450 4834 quod
3507 4761 3688 4817 dicit:
3736 4758 3794 4813 Si

2145 4865 2374 4918 natura
2427 4872 2575 4928 opus
2606 4864 2692 4914 est
2721 4856 2855 4926 Dei,
2880 4869 2994 4924 per
3033 4869 3180 4924 opus
3221 4853 3335 4909 Dei
3387 4866 3534 4921 opus
3577 4845 3798 4907 diaboli

2147 4950 2410 5007 transire
2438 4963 2561 5003 non
2591 4947 2830 5002 sinitur.
2867 4947 3074 5000 Nonne
3105 4958 3260 5015 opus
3284 4940 3534 5010 diaboli,
3557 4937 3794 5013 quando

2147 5040 2414 5115 primum
2433 5038 2495 5093 in
2544 5035 2781 5106 angelo,
2814 5034 2919 5107 qui
2948 5032 3226 5089 diabolus
3257 5032 3448 5087 factus
3493 5035 3581 5085 est
3609 5034 3790 5085 ortum

2148 5134 2258 5195 est,
2290 5129 2353 5185 in
2373 5142 2554 5201 opere
2577 5124 2677 5181 Dei
2707 5129 2907 5180 ortum
2926 5123 3061 5178 est?
3077 5123 3454 5210 Quapropter
3481 5119 3530 5174 si
3554 5118 3788 5210 malum2

2147 5218 2318 5294 quod
2337 5217 2588 5274 omnino
2615 5229 2920 5287 nusquam
2967 5214 3112 5276 erat,
3170 5211 3229 5265 in
3282 5209 3384 5264 Dei
3431 5223 3612 5280 opere
3672 5203 3791 5261 oriri

2147 5308 2359 5383 potuit,
2393 5321 2500 5362 cur
2526 5303 2779 5372 malum,
2835 5299 3004 5374 quod
3052 5298 3276 5355 alicubi
3330 5297 3460 5367 jam
3511 5301 3658 5366 erat,
3702 5304 3790 5366 per

2147 5414 2304 5470 opus
2335 5395 2437 5451 Dei
2467 5393 2723 5451 transire
2755 5406 2880 5447 non
2908 5388 3123 5462 potuit,
3155 5386 3480 5460 praesertim
3511 5403 3652 5441 cum
3678 5384 3790 5456 ipso

2148 5487 2336 5544 verbo
2393 5489 2594 5542 utatur
2641 5480 2961 5555 Apostolus
3000 5478 3244 5535 dicens:
3296 5478 3376 5532 Et
3431 5478 3518 5532 ita
3571 5478 3636 5532 in
3691 5486 3791 5529 om-

2148 5592 2251 5634 nes
2302 5576 2564 5632 homines
2613 5571 2970 5644 pertransiit
3009 5570 3199 5636 (Rom.
3259 5583 3314 5637 v,
3373 5565 3475 5637 l2).
3531 5555 3790 5636 Nunquid

2155 5699 2295 5738 cum
2325 5682 2606 5811 ptericope
2634 5677 2881 5738 Joannis
2925 5674 3078 5735 Scoti
3125 5690 3262 5749 quae
3310 5673 3372 5730 in
3421 5668 3788 5745 sequentibus

2155 5768 2362 5811 corrigi
2388 5768 2476 5808 ur.

2145 5768 2476 5822 corrigitur.
