3936 6436
717 39 3857 118 -Ὕ-νδ-.--ῇ--ιαρ

182 383 313 438 1209

1105 379 1196 434 DE
1234 373 1931 436 PBIEDESTINATIONB
1969 375 2248 436 CONTRA
2286 378 2334 435 ι.
2375 377 2679 437 SCOTUM.

3475 383 3614 439 1210

175 503 450 560 homines
469 519 593 559 non
625 507 765 559 sunt
794 519 950 576 opus
978 503 1131 560 Dei?
1162 503 1502 560 Pcrtransiit
1529 519 1673 574 ergo
1702 519 1837 576 pec—
1869 503 1918 558 Α
1945 518 2135 559 manu
2165 503 2515 575 gubernatis
2537 507 2696 571 sunt,
2730 504 2837 577 qui
2858 503 3157 576 gubernat
3181 520 3431 577 aquam,
3463 505 3616 563 sicut

177 596 372 649 catum
396 607 504 665 per
527 591 829 659 homines,
852 593 968 648 hoc
999 596 1090 648 est
1111 608 1266 666 opus
1296 591 1520 648 diaboli
1544 608 1654 666 per
1682 607 1837 664 opus

176 682 271 738 Dei
297 700 310 750 ;
344 686 524 754 atque
547 685 614 737 ut
633 681 750 738 alio
776 681 961 738 modo
981 681 1044 737 id
1074 681 1276 756 ipsum
1300 681 1502 738 dicam
1524 681 1694 754 (quia
1715 681 1838 738 dia-

175 771 292 828 boli
324 787 498 844 opus,
530 769 593 826 id
623 774 712 826 est
749 775 1090 844 peccatum,
1133 787 1240 844 per
1277 770 1475 844 ipsum
1521 769 1838 827 diabolum

173 864 462 924 exortum,
502 859 608 932 qui
650 859 882 916 factura
921 860 1016 916 vel
1058 876 1214 933 opus
1259 865 1348 916 est
1377 859 1498 927 Dei,
1539 876 1649 932 per
1674 858 1839 915 aliud

172 966 321 1022 opus
343 949 468 1022 Dei,
493 948 556 1005 id
584 953 672 1005 est
701 949 1035 1014 hominem,
1054 948 1419 1022 pertransit),
1452 965 1609 1021 opus
1640 945 1839 1019 operis

170 1039 268 1094 Dei
300 1055 408 1112 per
437 1054 593 1112 opus
624 1038 746 1094 Dei.
790 1041 858 1094 Et
884 1039 1020 1096 ideo
1056 1043 1206 1096 Deus
1250 1043 1343 1110 est
1366 1038 1530 1095 solus
1558 1039 1841 1094 immuta'

167 1128 319 1195 bilis,
371 1132 429 1184 et
469 1128 904 1200 potentissimae
949 1128 1256 1192 bonitatis,
1290 1127 1396 1200 qui
1425 1132 1481 1184 et
1509 1132 1838 1200 antequam

168 1222 316 1273 esset
345 1215 536 1272 ullum
563 1216 816 1284 malum,
848 1217 1013 1274 bona
1041 1233 1227 1291 opera
1252 1216 1390 1273 fecit
1417 1217 1643 1284 omnia,
1677 1219 1734 1271 et
1762 1215 1837 1270 de

162 1306 339 1364 malis
386 1322 524 1379 quae
554 1306 616 1362 in
646 1305 824 1362 bonis
870 1306 948 1363 ab
991 1322 1063 1363 eo
1107 1305 1280 1364 factis
1320 1311 1450 1363 orta
1493 1309 1650 1372 sunt,
1681 1304 1837 1360 bene

162 1401 447 1470 operatur
475 1411 582 1468 per
607 1395 835 1453 omnia.

233 1491 298 1542 ln
330 1501 473 1550 uno,
505 1485 724 1558 inquit,
752 1485 997 1541 homine
1017 1486 1151 1557 jure
1173 1486 1542 1559 vituperatur
1565 1485 1834 1555 intentio,

160 1582 212 1633 et
239 1576 411 1647 origo
440 1575 742 1644 laudatur,
767 1575 913 1649 quia
929 1576 1052 1632 duo
1077 1581 1218 1632 sunt
1237 1594 1373 1650 quae
1401 1576 1712 1634 contrariis
1733 1593 1838 1650 ap-

158 1664 452 1738 plicentur
476 1682 489 1720 :
518 1665 578 1720 in
601 1665 856 1736 parvulo
881 1669 1082 1720 autem
1106 1682 1298 1722 unum
1327 1672 1434 1736 est,
1460 1670 1681 1723 natura
1704 1670 1836 1723 tan-

160 1763 303 1822 tum,
336 1752 482 1826 quia
511 1751 792 1808 voluntas
820 1769 945 1809 non
973 1757 1082 1810 est.
1128 1754 1276 1810 lllud
1310 1771 1454 1826 ergo
1486 1772 1698 1825 unum,
1741 1756 1836 1811 in-

1947 592 2239 665 scriptum
2279 597 2372 650 est
2411 595 2582 666 (Luc'.
2627 609 2750 659 vui,
2780 595 2871 661 24,
2911 593 3026 665 25),
3073 592 3328 666 qualiter
3374 593 3458 650 illi
3488 593 3616 668 pla-

1945 681 2148 738 cuerit.
2193 682 2404 739 Fluitat
2441 682 2605 739 enim
2646 683 2920 738 humana
2957 682 3254 738 memoria
3282 697 3389 756 per
3412 682 3613 741 varias

1945 771 2356 842 cogitationes,
2390 789 2500 830 nec
2539 773 2600 828 in
2637 773 3002 846 cujusquam
3032 775 3324 845 potestate
3350 776 3441 829 est
3463 763 3612 845 quid

1944 862 2004 916 et
2038 861 2287 933 quando
2317 861 2370 918 ei
2399 862 2600 918 veniat
2626 862 2688 917 in
2716 865 3002 918 mentem.
3035 862 3183 917 Cum
3214 875 3357 932 ergo
3385 861 3439 917 ei
3464 859 3614 917 scili-

1945 955 2039 1006 cet
2063 952 2194 1022 [al.,
2230 952 2419 1009 sancti
2442 952 2519 1023 et]
2539 967 2780 1009 veraces
2804 951 2914 1008 viri
2943 951 3120 1024 quasi
3145 951 3386 1007 fortuita
3412 966 3611 1006 recor-

1945 1039 2264 1097 dationum
2313 1057 2562 1096 suarum
2618 1046 2864 1114 propter
2909 1039 3268 1096 narrationis
3335 1039 3612 1096 ordinem

1945 1129 2194 1209 occultae
2219 1129 2321 1185 Dei
2349 1131 2648 1202 potestati,
2681 1131 2778 1186 cui
2805 1130 2954 1187 nihil
2973 1130 3282 1187 fortuitum
3311 1134 3419 1201 est,
3451 1145 3613 1186 com-

1945 1218 2271 1286 misissent,
2290 1234 2413 1274 non
2435 1223 2669 1291 oportet
2693 1235 3065 1292 quemquam
3081 1220 3398 1275 hominum
3414 1219 3610 1276 dicere

1942 1307 2123 1378 longe
2155 1309 2462 1380 abjectum
2491 1308 2570 1365 ab
2597 1309 2786 1366 oculis
2810 1310 2910 1364 Dei
2940 1315 2997 1366 et
3021 1309 3200 1379 longe
3228 1309 3613 1383 peregrinan-

1946 1402 2086 1454 tem.
2119 1400 2239 1453 Hoc
2265 1397 2401 1453 loco
2432 1397 2576 1471 poni
2599 1397 2826 1467 debuit,
2845 1399 3013 1470 quod
3035 1398 3212 1454 valde
3239 1398 3478 1469 ignorat
3506 1414 3613 1454 cur

1944 1501 2016 1543 eo
2041 1485 2174 1542 loco
2197 1489 2352 1542 Deus
2381 1486 2528 1560 poni
2552 1485 2822 1542 voluerit.
2851 1487 3003 1554 Quia
3029 1487 3140 1543 etsi
3162 1487 3500 1544 obvelatum
3526 1492 3613 1544 est

1943 1577 2345 1646 Evangelium
2376 1582 2670 1644 nostrum,
2703 1581 2768 1631 ut
2797 1577 2880 1631 ait
2909 1575 3228 1647 Apostolus
3266 1578 3330 1632 in
3372 1577 3463 1632 his
3507 1577 3614 1649 qui

1938 1671 2197 1733 pereunt
2251 1666 2590 1722 obvelatum
2652 1670 2735 1721 est
2786 1665 2890 1736 (ΙΙ.
2945 1667 3083 1722 Cor.
3135 1681 3212 1732 iv,
3265 1665 3338 1736 3).
3381 1668 3613 1721 Etcum

1944 1753 2192 1810 dixisset
2223 1771 2236 1810 :
2267 1755 2424 1810 Aliis
2445 1755 2684 1827 quidem
2716 1771 2920 1811 sumus
2951 1755 3100 1811 odor
3129 1756 3262 1811 vita
3299 1755 3363 1811 in
3403 1756 3611 1826 vitam,

158 1843 300 1916 quit,
347 1846 450 1899 aut
490 1843 610 1898 Deo
656 1842 992 1910 ascribitur,
1032 1847 1137 1898 aut
1169 1843 1450 1900 daemoni.
1489 1845 1546 1901 Si
1589 1850 1830 1917 natura,
1865 1859 1906 1914 Β
1945 1845 2082 1899 aliis
2105 1843 2254 1899 odor
2279 1845 2490 1899 mortis
2519 1845 2582 1898 in
2604 1850 2851 1900 mortem
2874 1844 2979 1898 (ΙΙ.
3017 1844 3144 1899 Cor.
3178 1860 3238 1913 11,
3276 1845 3382 1911 16),
3416 1843 3614 1915 subje-

156 1932 366 2005 inquit,
406 1946 514 2004 per
549 1931 739 1986 Deum
770 1936 880 1998 est,
911 1936 1110 2004 potest
1138 1932 1199 1988 in
1246 1949 1320 1989 ea
1367 1949 1498 1989 esse
1544 1933 1833 2004 originale

156 2019 406 2076 malum.
431 2019 489 2076 Si
519 2035 556 2076 a
584 2019 850 2088 diabolo,
879 2019 1030 2076 nihil
1060 2020 1174 2076 erit
1205 2037 1314 2093 per
1342 2021 1510 2093 quod
1541 2022 1728 2077 homo
1749 2021 1835 2077 di-

157 2108 289 2164 vino
316 2108 484 2182 operi
511 2107 871 2165 vindicetur.
905 2107 1163 2165 Perfecte
1190 2109 1396 2181 itaque
1427 2110 1558 2181 [al.,
1601 2112 1831 2187 autem]

155 2197 516 2254 Manichaaus
577 2202 687 2265 est,
737 2197 842 2271 qui
888 2197 1118 2254 malum
1169 2198 1460 2269 originale
1518 2198 1828 2255 defendit:

157 2285 357 2343 audiat
397 2286 601 2359 potius
679 2285 1004 2342 adversum
1042 2285 1156 2342 ista
1183 2286 1352 2359 quod
1380 2304 1593 2343 verum
1625 2292 1732 2343 est.
1765 2289 1831 2344 In

156 2391 274 2431 uno
317 2375 564 2433 homine
604 2377 739 2448 jure
778 2375 1153 2449 vituperatur
1199 2377 1470 2445 intentio,
1519 2383 1575 2433 et
1614 2383 1832 2435 natura

154 2463 451 2533 laudatur,
493 2466 640 2539 quia
683 2466 808 2522 duo
838 2469 978 2522 sunt
1007 2483 1144 2539 quae
1174 2467 1485 2523 contrariis
1527 2467 1830 2541 applicen-

156 2558 246 2610 tur
277 2573 290 2608 :
326 2555 434 2612 sed
466 2557 645 2612 etiam
675 2556 736 2612 in
766 2555 1019 2629 parvulo
1049 2572 1174 2612 non
1212 2573 1406 2613 unum
1450 2562 1539 2614 est
1570 2564 1825 2630 tantum,

155 2643 213 2698 id
240 2650 330 2701 est
359 2649 599 2716 natura,
618 2645 680 2702 in
711 2661 835 2718 qua
863 2651 1098 2702 creatus
1124 2650 1213 2702 est
1230 2647 1417 2702 homo
1440 2663 1476 2704 a
1498 2649 1617 2705 Deo
1637 2648 1824 2719 bono,

154 2732 333 2790 habet
372 2734 536 2790 enim
571 2740 629 2791 et
672 2735 886 2791 vitium
917 2735 1082 2808 quod
1125 2751 1233 2809 per
1269 2752 1462 2794 unum
1505 2737 1566 2792 in
1613 2753 1826 2794 omnes

155 2820 429 2879 homines
457 2823 801 2896 pertransiit
829 2824 1019 2895 (Rom.
1053 2841 1108 2894 v,
1141 2824 1249 2896 12),
1284 2825 1615 2899 sicutsapit
1641 2833 1826 2900 Apos.

160 2913 334 2980 totus,
365 2929 490 2970 non
523 2914 675 2971 sicut
702 2914 920 2986 desipit
947 2914 1240 2985 Pelagius,
1273 2915 1364 2972 vel
1394 2917 1825 2984 Caelestius,vel

155 3014 363 3057 eorum
403 3002 754 3076 quicunque
791 3003 1144 3077 discipulus.
1180 3007 1404 3060 Horum
1434 3005 1638 3078 itaque
1668 3004 1822 3060 duo-

154 3103 306 3159 rum,
339 3104 481 3162 que:
523 3089 585 3145 in
628 3090 886 3162 parvulo
930 3107 1063 3147 esse
1093 3091 1378 3162 diximus,
1419 3109 1610 3147 unum
1641 3092 1823 3148 ascri-

155 3174 310 3232 bitur
359 3179 504 3246 Deo,
552 3175 806 3269 alterum
855 3176 1118 3269 diabolo.
1169 3181 1234 3235 Et
1290 3179 1458 3252 quod
1500 3185 1824 3252 utrumque
1853 3215 1894 3269 ο

154 3269 396 3338 propter
427 3282 620 3322 unum
650 3267 890 3334 horum,
930 3266 995 3323 id
1031 3272 1121 3324 est
1151 3274 1398 3341 propter
1423 3269 1658 3340 vitium,
1686 3269 1826 3325 sub-

152 3354 346 3424 jicitur
369 3356 655 3429 potestati
686 3356 934 3424 diaboli,
962 3357 1098 3413 ideo
1123 3373 1248 3414 non
1279 3363 1369 3414 est
1395 3357 1821 3429 incongruum,

157 3444 296 3515 quia
349 3460 478 3501 non
529 3445 595 3502 ﬁt
650 3446 846 3519 ipsius
904 3445 1132 3503 diaboli
1179 3450 1492 3520 potestate,
1545 3448 1649 3504 sed
1700 3449 1821 3505 Dei.

159 3532 478 3606 Subjicitur
519 3539 724 3592 autem
753 3535 896 3592 vitio
927 3540 1145 3593 natura
1187 3541 1438 3602 naturae,
1487 3536 1633 3609 quia
1670 3543 1727 3594 et
1763 3539 1826 3595 in

158 3620 394 3680 diabolo
439 3628 768 3697 utrumque
814 3629 920 3692 est,
965 3629 1022 3681 et
1069 3626 1200 3697 [al,,
1233 3626 1320 3696 ut]
1353 3641 1492 3682 cum
1532 3626 1730 3683 dilecti
1769 3632 1829 3685 et

159 3711 319 3769 electi
347 3713 423 3769 de
453 3717 748 3787 potestate
779 3714 1167 3771 tenebrarum
1207 3720 1520 3786 eruuntur,
1570 3717 1666 3772 cui
1691 3718 1827 3788 jure

159 3801 516 3870 subduntur,
594 3808 888 3877 appareat
951 3804 1094 3876 quid
1165 3805 1426 3861 donetur
1484 3806 1827 3876 justiﬁcatis

156 3887 324 3947 bonis
351 3908 390 3949 a
420 3893 545 3948 Deo
569 3892 756 3960 bono,
801 3892 959 3950 bene
986 3900 1272 3967 operante
1301 3894 1376 3951 de
1419 3895 1616 3951 malis.
1653 3897 1827 3962 Quod

157 3984 348 4038 autem
389 3981 504 4039 iste
553 3981 666 4038 sibi
708 3983 884 4055 quasi
927 3983 1202 4054 religiose
1240 3983 1437 4040 dicere
1484 3985 1650 4041 visus
1688 3993 1824 4043 est:

154 4067 219 4124 Si
241 4075 465 4127 natura
499 4085 610 4140 per
637 4072 828 4128 Deum
863 4078 970 4140 est,
1010 4087 1130 4128 non
1151 4078 1344 4143 potest
1377 4074 1436 4129 in
1466 4088 1531 4129 eo
1562 4089 1685 4132 esse
1714 4077 1830 4132 ori-

155 4158 351 4225 ginale
387 4160 646 4226 malum,
687 4174 890 4216 nonne
920 4160 1236 4230 religiosus
1267 4161 1380 4216 sibi
1403 4161 1556 4218 alius
1596 4163 1828 4220 videre-

158 4250 247 4301 tur
274 4247 514 4306 dicere:
548 4249 608 4304 Si
647 4254 864 4306 natura
908 4266 1018 4323 per
1066 4254 1251 4306 Deum
1303 4255 1412 4317 est,
1465 4267 1590 4307 non
1632 4255 1832 4325 potest

158 4333 216 4388 in
243 4351 313 4393 ea
354 4337 494 4394 oriri
525 4337 720 4394 ullum
751 4337 985 4395 malum
1012 4340 1040 4394 ‘I
1069 4342 1135 4394 Et
1175 4344 1376 4395 tamen
1423 4339 1642 4396 falsum
1689 4350 1780 4397 est
1812 4373 1825 4411 ε

159 4423 269 4480 hoc
317 4426 476 4483 enim
529 4426 838 4484 Manichaei
887 4443 1155 4484 asserere
1211 4427 1548 4492 voluerunt,
1592 4433 1649 4485 et
1701 4445 1826 4487 non

161 4516 488 4572 creaturam
520 4515 624 4571 Dei
655 4514 878 4572 factam
920 4515 995 4572 de
1024 4515 1234 4583 nihilo,
1281 4515 1388 4572 sed
1423 4516 1626 4590 ipsam
1656 4523 1828 4575 natu-

1943 1931 2021 1987 cit
2047 1931 2248 1988 statim
2279 1949 2292 1988 :
2326 1933 2408 1987 Et
2427 1933 2508 1988 ad
2545 1932 2671 1989 haec
2704 1934 2837 2004 quis
2867 1933 3113 1989 idoneus
3141 1934 3168 1990 ?
3199 1933 3372 2004 (Ibid.
3409 1933 3514 2004 l6.)
3549 1933 3613 1989 ld

1941 2024 2051 2089 est,
2082 2019 2189 2093 qui
2231 2020 2486 2076 idoneus
2525 2025 2614 2076 est
2660 2020 2985 2090 intelligere
3027 2036 3214 2093 quam
3253 2022 3413 2092 juste
3450 2021 3556 2077 ﬁat
3583 2022 3612 2078 ?

1942 2109 2117 2174 Quod
2145 2109 2308 2165 idem
2339 2109 2630 2166 Dominus
2668 2109 2811 2165 dicit
2841 2127 2853 2164 :
2890 2112 3010 2180 Ego
3043 2110 3194 2177 veni,
3238 2117 3303 2166 ut
3342 2111 3449 2182 qui
3488 2127 3610 2166 non

1942 2198 2143 2254 uident
2171 2198 2433 2265 videant,
2475 2205 2531 2254 et
2562 2199 2670 2271 qui
2695 2199 2899 2254 vident
2939 2200 3085 2254 caeci
3104 2199 3259 2267 ﬁant
3301 2199 3496 2270 (Joan,
3527 2215 3608 2267 Ix,

1938 2285 2052 2358 39).
2111 2290 2248 2359 Ipsa
2285 2292 2377 2342 est
2432 2286 2595 2342 enim
2644 2287 2903 2343 altitudo
2951 2288 3302 2344 divitiarum
3349 2289 3610 2344 scientiae

1939 2381 1992 2432 et
2024 2377 2334 2446 sapientia:
2371 2377 2501 2439 Dei,
2554 2391 2678 2450 qua
2721 2375 2788 2432 ﬁt
2831 2392 2908 2432 ex
2951 2377 3154 2432 eadem
3203 2393 3399 2434 massa
3439 2378 3612 2433 aliud

1939 2466 2137 2522 vasin
2184 2466 2490 2532 honorem,
2524 2466 2697 2522 aliud
2739 2467 2804 2522 in
2835 2467 3256 2523 contumeliam
3300 2467 3487 2538 (Rom.
3527 2483 3610 2538 χι,

1937 2560 2062 2628 33);
2095 2560 2153 2612 et
2207 2556 2422 2613 dicitur
2478 2557 2644 2613 carni
2705 2562 2761 2613 et
2813 2557 3096 2627 sanguini
3141 2574 3154 2612 :
3200 2557 3246 2613 Ο
3295 2557 3486 2625 homo,
3544 2563 3610 2614 tu

1937 2646 2068 2717 quis
2099 2661 2158 2703 es
2179 2647 2287 2718 qui
2312 2647 2674 2716 respondeas
2716 2648 2836 2702 Deo
2869 2651 2898 2702 ?
2939 2647 3130 2719 (Rom.
3177 2663 3254 2715 1x,
3299 2647 3412 2718 20).
3467 2647 3608 2714 Quis

1935 2749 2080 2805 ergo
2110 2739 2168 2790 et
2204 2734 2267 2790 in
2305 2737 2421 2791 hac
2465 2751 2529 2792 re
2580 2737 2884 2807 cognoscit
2932 2737 3304 2792 intellectum
3344 2736 3606 2804 Domini,

1934 2831 2039 2881 aut
2070 2827 2202 2897 quis
2252 2826 2638 2882 consiliarius
2678 2827 2778 2882 illi
2811 2827 2932 2898 fuit
2984 2826 3168 2897 (Rom.
3214 2842 3302 2894 x1,
3349 2825 3462 2897 34),
3503 2814 3609 2881 ubi

1937 2913 2020 2970 sic
2052 2915 2417 2985 gubernavit
2444 2915 2630 2972 corda
2660 2915 3180 2972 reminiscentium
3211 2913 3608 2984 evangelista-

1934 3020 2092 3074 rum,
2125 3009 2182 3060 et
2211 3005 2274 3060 in
2309 3004 2583 3060 Ecclesiae
2614 3003 2852 3074 fastigio
2883 3008 3049 3060 tanto
3081 3003 3452 3060 auctoritatis
3483 3001 3607 3058 cul-
3657 2993 3660 2996 ’

1934 3091 2098 3148 mine
2148 3091 2517 3159 sublimavit,
2583 3096 2646 3147 ut
2698 3107 2807 3164 per
2858 3091 2988 3147 haec
3036 3091 3174 3163 ipsa
3215 3107 3352 3163 quae
3404 3090 3465 3146 in
3523 3091 3609 3146 eis

1935 3179 2236 3236 contraria
2265 3179 2451 3235 videri
2482 3182 2756 3250 possunt,
2790 3178 2897 3233 ulti
2932 3182 3394 3245 excaecarentur,
3427 3177 3608 3248 digne

1937 3270 2154 3325 traditi
2179 3269 2243 3323 in
2272 3268 2790 3337 concupiscentias
2830 3267 3029 3323 cordis
3070 3268 3166 3321 sui
3207 3271 3264 3323 et
3301 3268 3364 3322 in
3405 3281 3608 3338 repro-

1937 3358 2073 3414 bum
2095 3373 2331 3415 sensum
2358 3358 2549 3424 (Rom.
2582 3373 2620 3418 1,
2654 3357 2766 3427 28),
2796 3361 2852 3411 et
2882 3355 3054 3412 multi
3083 3359 3500 3411 exercerentur
3529 3356 3608 3412 ad

1936 3447 2308 3505 elimandum
2347 3447 2517 3520 pium
2538 3445 2905 3502 intellectum
2940 3445 3275 3502 secundum
3307 3445 3608 3502 occultam

1937 3536 2376 3610 Omnipotentis
2413 3535 2727 3607 justitiam.
2777 3535 2924 3591 Dicit
2953 3535 3114 3591 enim
3154 3534 3453 3608 Propheta
3492 3537 3606 3591 Do-

1935 3625 2100 3682 mino
2122 3643 2134 3682 :
2155 3627 2349 3682 Nimis
2358 3626 2689 3696 profundw
2698 3627 2885 3696 factae
2895 3631 3036 3680 sunt
3055 3626 3444 3695 cogitationes
3466 3629 3606 3695 tuae,

1937 3717 2032 3772 vir
2057 3715 2410 3784 imprudens
2440 3730 2561 3770 non
2588 3719 2919 3785 cognoscet,
2951 3720 3003 3770 et
3035 3715 3257 3769 stultus
3286 3729 3406 3770 non
3436 3715 3608 3769 intel-

1939 3807 2081 3877 liget
2113 3807 2238 3862 haec
2259 3805 2449 3876 (Psal.
2476 3820 2593 3859 xor.
2617 3808 2691 3874 6).
2715 3807 2855 3860 Peto
2874 3808 3078 3859 autem
3099 3807 3156 3858 et
3175 3801 3470 3858 admones
3502 3817 3606 3857 eos

1936 3895 2042 3968 qui
2068 3894 2196 3950 haec
2226 3894 2454 3963 legunt,
2483 3908 2592 3966 per
2619 3908 2733 3948 nos
2763 3892 3090 3962 adjuvante
3120 3890 3374 3945 Domino
3402 3888 3605 3945 elabo-

1936 3989 2085 4054 rata,
2119 3989 2183 4040 ut
2209 3984 2392 4054 hujus
2421 3981 2718 4038 sermonis
2739 3997 2922 4054 quem
2941 3981 3056 4036 hoc
3075 3980 3208 4036 loco
3228 3980 3607 4052 interponen-

1937 4073 2086 4129 dum
2129 4072 2455 4128 arbitratus
2497 4087 2653 4134 sum,
2686 4071 2746 4125 in
2794 4069 2961 4126 omni
2992 4068 3170 4125 simili
3199 4069 3605 4141 quaestionum

1938 4161 2288 4218 difﬁcultate
2335 4159 2738 4229 meminerint,
2786 4175 2862 4215 ne
2904 4157 3126 4232 saepius
3173 4158 3386 4214 eadem
3436 4172 3606 4230 repe-

1938 4251 2128 4319 tenda,
2145 4250 2306 4321 sint.]

2009 4341 2051 4410 -ι-
2091 4339 2256 4395 Idem
2300 4339 2362 4394 in
2423 4337 2680 4411 epistola
2730 4339 2808 4395 ad
2863 4337 3094 4394 Sixtum
3150 4337 3362 4409 (Epist.
3422 4337 3545 4408 105)
3586 4355 3600 4393 :

1939 4429 2246 4500 [Quamvis
2277 4429 2481 4502 itaque
2514 4431 2669 4485 Deus
2694 4429 2876 4486 faciat
2904 4444 3049 4487 vasa
3077 4430 3185 4484 irae
3223 4430 3288 4484 in
3309 4429 3605 4498 perditio-

1938 4535 2094 4591 nem,
2128 4526 2194 4576 ut
2232 4520 2507 4576 ostendat
2545 4522 2722 4586 iram,
2777 4526 2834 4577 et
2881 4519 3244 4576 demonstret
3270 4519 3602 4586 potentiam

159 4615 282 4657 ram
344 4605 446 4661 Dei
508 4603 691 4662 malis
758 4604 1045 4661 omnibus
1108 4605 1359 4679 implere
1420 4605 1618 4662 conati
1665 4611 1822 4664 sunt.
1866 4580 1909 4635 θ
1938 4625 2132 4681 suam,
2163 4625 2354 4682 quam
2381 4610 2537 4666 bene
2567 4613 2768 4665 utatur
2807 4609 2986 4664 etiam
3018 4605 3216 4673 malis,
3248 4612 3304 4662 et
3337 4611 3402 4660 ut
3429 4611 3605 4664 notas

161 4691 280 4746 Non
310 4693 468 4751 enim
508 4699 714 4752 ortum
763 4699 852 4751 est
887 4694 1121 4751 malum
1149 4695 1266 4750 nisi
1298 4695 1360 4750 in
1389 4695 1576 4766 bono,
1608 4713 1720 4753 nec
1747 4703 1829 4753 ta-

161 4792 292 4834 men
329 4798 577 4840 summo
607 4788 664 4839 et
693 4783 1075 4853 immutabili,
1107 4783 1272 4856 quod
1323 4788 1415 4840 est
1447 4791 1663 4841 natura
1703 4787 1822 4858 Dei,

163 4867 262 4923 sed
293 4869 447 4928 facto
487 4872 567 4928 de
596 4871 785 4928 nihilo
824 4888 933 4945 per
961 4873 1318 4945 sapientiam
1348 4873 1467 4930 Dei.
1502 4877 1597 4931 Est
1625 4875 1829 4949 itaque

163 4971 262 5027 per
311 4962 476 5032 quod
529 4962 719 5018 homo
781 4961 987 5018 divino
1043 4963 1211 5034 operi
1267 4963 1623 5033 vindicetur,
1683 4967 1830 5039 quia

164 5061 278 5104 non
329 5056 483 5109 esset
529 5052 739 5118 homo,
795 5053 913 5108 nisi
957 5052 1165 5108 divino
1223 5067 1405 5125 opere
1463 5060 1766 5112 crearetur
1811 5075 1826 5114 :

168 5137 382 5196 malum
401 5145 620 5197 natura
647 5142 776 5212 [al.,
811 5147 1036 5212 autem,
1060 5141 1120 5196 id
1148 5146 1238 5197 est
1267 5143 1500 5213 natura]
1522 5159 1645 5199 non
1673 5151 1831 5202 esset

168 5223 224 5279 in
254 5229 535 5298 parvulis,
568 5230 685 5286 nisi
715 5231 1024 5288 voluntate
1052 5231 1233 5302 primi
1257 5231 1522 5286 hominis
1554 5249 1830 5305 peccare-

167 5316 272 5379 tur,
292 5322 346 5374 et
365 5335 436 5376 ex
465 5320 695 5393 origine
730 5321 931 5378 vitiata
959 5324 1277 5394 peccatum
1307 5320 1598 5391 originale
1630 5323 1826 5379 trahe-

169 5410 336 5463 retur.
371 5408 388 5480 ]

235 5495 268 5560 'i
306 5497 464 5555 Idem
510 5499 572 5556 in
619 5499 773 5557 libro
820 5500 895 5556 de
955 5501 1269 5557 Consensu
1320 5501 1826 5571 evangelistarum

172 5584 330 5642 tertio
352 5592 503 5663 (cap.
527 5593 615 5662 13)
641 5608 652 5646 :
680 5591 986 5663 [Dignetur
1005 5607 1150 5662 ergo
1177 5591 1426 5648 consilio
1451 5590 1628 5648 Marci
1644 5607 1826 5648 evan-

176 5673 381 5740 gelistze
395 5680 665 5753 superari
695 5679 1017 5737 consilium
1047 5697 1247 5747 suum,
1281 5682 1472 5754 quieo
1498 5681 1631 5737 loco
1651 5681 1826 5754 idpo-

176 5763 429 5823 nendum
469 5769 779 5840 judicavit,
829 5786 951 5842 quo
1001 5769 1134 5826 loco
1181 5770 1384 5827 divina
1430 5769 1823 5843 inspiratione

178 5860 512 5922 suggestum
560 5863 668 5917 est.
725 5859 1186 5918 Recordationes
1229 5859 1392 5918 enim
1439 5875 1650 5918 corum
1694 5860 1826 5930 ejus

1933 4701 2132 4770 faciat
2166 4699 2412 4756 divitias
2454 4701 2666 4769 gloriae
2710 4713 2830 4753 sua
2878 4699 2942 4752 in
2993 4710 3138 4752 vasa
3176 4694 3604 4750 misericordia:

1939 4789 2129 4861 (Rom.
2157 4805 2239 4857 1x,
2275 4792 2383 4856 12),
2417 4804 2554 4860 quae
2584 4787 2721 4842 fecit
2750 4787 2810 4841 in
2844 4787 3159 4846 honorem,
3191 4799 3316 4840 non
3345 4782 3603 4839 damna-

1936 4877 2042 4934 bili
2068 4893 2287 4933 massae
2317 4876 2608 4946 debitum,
2642 4875 2748 4930 sed
2789 4891 2914 4929 sua:
2950 4872 3154 4944 gratiae
3192 4871 3467 4941 largitate
3497 4870 3605 4927 do-

1937 4971 2149 5023 natum
2181 4983 2194 5020 :
2229 4970 2432 5022 tamen
2461 4965 2524 5020 in
2549 4964 2776 5021 eisdem
2819 4963 2922 5019 irte
2951 4962 3112 5018 vasis
3143 4966 3385 5035 propter
3423 4960 3602 5016 meri-

1937 5059 2067 5112 tum
2099 5071 2320 5111 massae
2361 5054 2424 5110 in
2453 5052 2882 5111 contumeliam
2912 5050 3147 5108 debitas
3176 5051 3368 5118 factis,
3407 5049 3469 5106 id
3512 5053 3604 5107 est

1938 5143 1998 5200 in
2030 5145 2138 5215 [al.
2178 5160 2292 5200 om.
2333 5144 2418 5214 in]
2449 5141 2798 5198 hominibus
2827 5145 3074 5214 propter
3093 5145 3322 5197 naturae
3353 5139 3601 5212 quidem

1937 5233 2104 5290 bona
2135 5233 2368 5302 creatis,
2387 5233 2492 5289 sed
2520 5235 2765 5305 propter
2788 5231 2926 5288 vitia
2946 5230 3240 5304 supplicio
3266 5229 3598 5299 destinatis,

1939 5322 2336 5395 iniquitatem,
2388 5338 2576 5394 quam
2631 5322 2957 5378 rectissime
3009 5321 3228 5377 veritas
3273 5316 3598 5390 improbat,

1939 5412 2231 5468 damnare
2259 5412 2424 5468 novit
2452 5411 2601 5484 ipse,
2633 5427 2756 5466 non
2788 5411 3004 5467 facere.
3031 5409 3192 5467 Sicut
3209 5408 3370 5463 enim
3390 5403 3602 5460 volun-

1939 5501 2040 5559 tati
2071 5501 2201 5571 ejus
2231 5500 2507 5556 tribuitur
2535 5501 2809 5556 humana
2845 5504 3063 5555 natura
3091 5497 3256 5553 nullo
3287 5494 3602 5551 dubitante

1935 5590 2267 5660 laudanda,
2323 5590 2406 5646 sic
2462 5589 2726 5646 hominis
2766 5587 3056 5645 voluntati
3107 5585 3287 5658 culpa
3322 5583 3602 5640 tribuitur

1934 5681 2100 5737 nullo
2144 5685 2458 5736 recusante
2498 5679 2894 5749 damnanda]
2924 5679 2966 5748 ’ξ-
3001 5677 3141 5738 Quae
3176 5675 3322 5748 quia
3349 5675 3598 5730 incunc-

1936 5775 2126 5827 tanter
2140 5771 2303 5828 bona
2324 5774 2464 5825 sunt
2487 5774 2543 5826 et
2565 5770 2749 5840 justa,
2785 5783 2908 5824 non
2953 5771 3092 5822 sunt
3114 5767 3173 5822 in
3196 5781 3268 5822 eo
3298 5764 3598 5820 contraria

1935 5876 1972 5918 a
1994 5875 2119 5934 quo
2162 5865 2319 5930 sunt,
2353 5859 2489 5918 licet
2531 5858 2895 5932 patientibus
2941 5856 3034 5914 vel
3070 5871 3195 5916 non
3232 5853 3598 5928 patientibus
