3936 6388
378 290 479 356 Hi
491 292 513 354 ι

378 422 702 481 νίᾶθαιιίιιι*
725 416 1069 491 contraria].

450 526 822 600 Augustinus
850 526 914 584 in
936 520 1091 584 libro
1117 525 1578 584 Confessionum
1603 525 1723 599 (lib.
1756 539 1875 595 vni,
1907 538 2046 597 cap.

377 616 436 694 Β)
457 624 473 677 :
495 616 756 693 [Quippe
775 630 848 673 ex
870 614 1175 674 Voluntate
1198 632 1484 691 perversa
1499 617 1689 674 factus
1714 620 1803 672 est
1822 612 2044 683 libido;

380 710 441 766 et
478 707 625 764 dum
661 705 910 762 servitur
947 700 1203 776 libidini,
1235 706 1394 763 facta
1424 708 1514 763 est
1553 703 1961 772 consuetudo;
1992 708 2049 759 et

379 786 532 854 dum
562 793 982 853 consuetudini
1012 800 1135 852 non
1163 796 1470 865 resistitur,
1499 794 1658 853 facta
1678 798 1766 852 est
1794 793 2047 850 necessi-

380 889 497 944 tas.
540 886 768 952 Quibus
816 886 992 957 quasi
1018 885 1246 941 ansulis
1281 884 1649 959 quibusdam
1697 883 1935 940 sibimet
1962 884 2048 938 in-

379 973 574 1042 nexis,
598 974 760 1030 unde
789 979 1065 1031 catenam
1092 975 1413 1048 appellavi,
1433 974 1672 1031 tenebat
1694 989 1789 1029 me
1810 972 2049 1029 obstric-

380 1066 511 1121 tum
531 1064 687 1120 dura
711 1063 983 1120 servitus.
1007 1063 1291 1121 Voluntas
1315 1070 1516 1120 autem
1536 1078 1715 1131 nova,
1736 1077 1873 1136 qum
1898 1062 2047 1122 mihi

381 1155 516 1210 ésse
547 1155 830 1225 coeperat,
862 1157 931 1209 ut
966 1146 1022 1209 te
1054 1153 1236 1224 gratis
1267 1152 1545 1221 colerem,
1580 1153 1813 1227 fruique
1853 1156 1906 1208 tc
1936 1152 2047 1209 vel-

379 1241 524 1307 lem,
539 1240 695 1298 Deus
713 1241 840 1298 sola
856 1240 1676 1313 certajucunditas,nondum
1692 1241 2048 1299 eratidonea

382 1329 463 1388 ad
490 1328 902 1403 superandam
939 1330 1203 1404 priorem
1247 1324 1531 1388 vetustate
1560 1330 1928 1388 roboratam.
1964 1334 2048 1387 Ita

382 1416 520 1476 dde
566 1418 905 1476 Voluntates
956 1432 1129 1489 mete,
1174 1436 1300 1478 una
1337 1425 1523 1489 vetus,
1566 1421 1685 1477 alia
1725 1430 1905 1489 nova,
1946 1420 2050 1476 illa

383 1507 661 1575 carnalis,
692 1506 795 1565 illa
821 1509 1121 1582 spiritalis,
1148 1508 1554 1580 conﬂigebant
1580 1510 1735 1566 inter
1760 1526 1841 1578 se,
1870 1513 2051 1582 atque

381 1593 798 1654 discordantes
824 1596 1207 1671 dissipabant
1228 1599 1498 1655 animam
1528 1612 1749 1656 meam.
1779 1599 1872 1655 Sic
1893 1599 2057 1670 intel_

379 1684 645 1779 ligebam
676 1690 815 1743 meo
853 1688 993 1779 ipso
1023 1688 1428 1779 experimento
1469 1688 1528 1745 id
1568 1690 1730 1763 quod
1765 1690 2053 1779 legeram,

380 1770 548 1849 quod
575 1780 718 1832 caro
740 1778 1189 1850 concupisceret
1212 1777 1502 1834 adversus
1530 1779 1826 1852 spiritum,
1855 1783 1911 1834 et
1941 1770 2057 1851 spil
2086 1772 2131 1828 Β

380 1864 528 1920 ritus
559 1865 847 1921 adversus
877 1880 1121 1922 carnem
1151 1867 1309 1935 (Gal.
1337 1882 1398 1933 v,
1427 1864 1540 1935 l7).
1570 1870 1691 1937 Ego
1721 1868 1970 1941 quidem
1994 1868 2053 1922 in

381 1958 659 2028 utroque,
685 1954 793 2011 sed
809 1957 1005 2027 magis
1027 1972 1140 2028 ego
1162 1957 1223 2013 in
1255 1973 1326 2014 eo
1356 1957 1522 2031 quod
1552 1958 1613 2014 in
1635 1964 1731 2014 me
1755 1958 2054 2031 approba-

378 2040 549 2113 bam,
594 2048 781 2117 Quam
821 2045 879 2102 in
917 2058 988 2102 eo
1017 2047 1183 2119 quod
1231 2045 1293 2102 in
1340 2060 1436 2103 me
1481 2044 1930 2120 improbabam.
1967 2039 2053 2102 lbi

380 2132 542 2189 enim
569 2134 765 2204 magis
795 2128 925 2206 jam
959 2150 1084 2191 non
1113 2150 1246 2206 ego,
1276 2136 1419 2210 quia
1450 2150 1521 2192 ex
1543 2151 1772 2206 magna
1800 2143 1967 2209 parte
1990 2134 2050 2191 id

379 2221 657 2297 patiebar
684 2222 902 2280 invitus
930 2240 1117 2297 quam
1139 2220 1438 2282 faciebam
1467 2225 1725 2298 volens]

451 2328 493 2400 -[-
523 2320 587 2384 In
609 2327 824 2387 eodem
846 2328 1215 2404 Augustinus
1238 2334 1462 2406 (cap.9,
1484 2330 1568 2407 10)
1594 2351 1606 2389 :
1636 2333 1723 2405 [Ei
1750 2331 1886 2387 ideo
1909 2332 2048 2389 sunt

382 2412 520 2473 duae
550 2416 913 2491 voluntates,
944 2420 1090 2494 quia
1121 2438 1245 2478 una
1282 2439 1492 2478 earum
1534 2424 1659 2479 tota
1688 2438 1809 2478 non
1841 2426 1949 2490 est,
1992 2422 2049 2478 et

380 2502 496 2563 hoc
536 2506 707 2564 adest
734 2506 901 2565 alteri
929 2509 1097 2584 quod
1125 2510 1291 2568 deest
1320 2510 1506 2568 alteri.
1538 2514 1784 2567 Pereant
1815 2528 1851 2567 a
1893 2510 2045 2566 facie

381 2592 503 2664 tua,
528 2596 703 2661 Deus,
730 2597 883 2656 sicut
910 2606 1162 2677 pereunt
1180 2599 1489 2675 vaniloqui
1509 2600 1567 2657 et
1594 2600 1811 2657 mentis
1838 2598 2046 2656 seduc-

380 2686 563 2753 tores,
593 2686 699 2759 qui
728 2704 867 2743 cum
891 2686 1046 2746 duas
1074 2686 1416 2746 voluntates
1435 2691 1495 2745 in
1515 2688 1904 2746 deliberando
1922 2688 2048 2745 ani-

380 2773 826 2843 madverterint,
846 2772 1000 2834 duas
1029 2780 1279 2834 naturas
1304 2778 1567 2835 duarum
1598 2780 1891 2836 mentium
1917 2796 2047 2835 esse

385 2866 753 2933 asseverant,
788 2882 976 2922 unam
1002 2866 1253 2932 bonam,
1287 2868 1536 2925 alteram
1558 2867 1832 2944 malam.]

452 2970 495 3041 -ι-
527 2972 593 3027 Et
620 2970 776 3029 infra
796 2974 1169 3044 Augustinus
1200 2974 1360 3049 (cap.
1389 2981 1469 3044 10)
1508 2994 1522 3032 :
1563 2978 1712 3049 [Ego
1741 2992 1910 3033 eram
1944 2976 2050 3049 qui

1478 288 1535 352 εκ
1566 286 1942 350 PRUDENTII
1980 282 2373 348 TREOENSIS
2410 284 2723 348 EPISODPI

2075 414 2127 491 Α

3697 286 3831 340 1212

2736 428 2977 470 ιοικκιζε
3016 426 3244 468 SCO'I'US.

2234 528 2398 599 (Cap.
2432 525 2516 593 15,
2549 538 2716 579 num.
2756 521 2841 590 ll,
2874 523 3015 577 sect.
3042 519 3120 591 8.)
3150 523 3190 573 Θ
3211 518 3336 574 Aut
3362 520 3467 574 cui
3495 532 3614 574 non
3642 518 3835 587 facile

2153 621 2366 685 pateat
2408 615 2484 671 ab
2533 628 2656 669 una
2707 604 2940 682 origine
2984 610 3155 665 nasci
3207 623 3325 663 non
3356 622 3532 677 posse
3576 607 3835 663 invicem

2158 706 2272 761 sibi
2284 705 2697 761 adversantia.
2735 701 3015 771 Profecto
3039 699 3275 771 quidem
3300 697 3461 754 unde
3492 698 3710 753 bonum
3732 701 3832 769 sit,

2157 778 2297 851 inde
2328 795 2575 849 malum-
2600 807 2719 848 non
2759 791 2905 859 erit;
2943 788 3101 845 unde
3153 785 3484 852 humilitas,
3531 799 3652 841 non
3695 787 3837 844 inde

2156 881 3012 955 superbiaEa-fontejustitiae
3027 891 3339 949 nunquam
3368 879 3577 931 manat
3607 876 3835 948 iniqui-

2159 980 2269 1040 tas,
2325 987 2400 1029 ραν
2456 975 2590 1029 vita?
2639 971 2938 1042 principio
2988 981 3300 1038 nunquam
3342 965 3609 1034 procedit
3646 982 3834 1021 mors.

2159 1062 2462 1118 beatitudo
2495 1076 2614 1117 non
2646 1065 2727 1117 est
2752 1072 2938 1115 causa
2967 1056 3239 1112 miseriae.
3267 1054 3575 1110 Postremo
3597 1070 3835 1111 summa

2156 1153 2407 1208 essentia
2438 1150 2610 1206 nullo
2648 1148 2819 1204 modo
2859 1147 3047 1217 efﬁcit
3088 1160 3222 1217 qua
3249 1159 3371 1199 non
3417 1148 3575 1206 sunt,
3612 1158 3832 1214 pecca-

2156 1243 2279 1293 tum
2311 1253 2469 1294 mors
2499 1236 2989 1308 pgnahfustitiae,
3021 1235 3178 1300 vitae,
3214 1231 3602 1288 beatitudinis
3632 1231 3834 1301 defec-

2159 1333 2252 1383 tus
2275 1334 2454 1384 sunt:
2472 1328 2544 1382 ab
2562 1343 2624 1383 eo
2644 1328 2833 1397 igitur
2851 1326 2954 1396 qui
2968 1330 3074 1389 est,
3092 1337 3212 1377 non
3231 1327 3407 1377 sunt:
3424 1335 3495 1377 ac
3520 1330 3628 1391 per
3644 1312 3840 1391 hoc,si

2160 1416 2234 1473 ab
2250 1432 2313 1473 eo
2328 1432 2449 1473 non
2464 1417 2763 1488 sunt,quis
2787 1413 3007 1470 audeat
3028 1411 3227 1468 dicere
3243 1412 3304 1467 in
3327 1412 3408 1468 eis
3430 1410 3666 1484 aliquid
3687 1425 3830 1468 esse.

2836 1552 3136 1594 CORRECTIO
3145 1577 3158 1589 .

2236 1651 2279 1719 -ι-
2305 1647 2591 1714 Quamvis
2614 1647 2775 1712 satis,
2801 1650 2867 1702 ut
2885 1645 3139 1713 aestimo,
3169 1648 3290 1710 (am
3316 1660 3389 1699 ex
3414 1643 3506 1699 bis
3525 1659 3661 1716 quae
3682 1659 3833 1718 prai-

2168 1738 2442 1794 misimus
2481 1741 2837 1793 evacuatum
2869 1735 2965 1804 sit,
2994 1739 3197 1789 tamen
3225 1732 3371 1805 quia
3407 1732 3483 1788 de
3513 1733 3829 1789 contrariis

2136 1834 2141 1839 '
2168 1832 2271 1883 tua
2299 1828 2657 1882 confirmare
2679 1824 2923 1894 satagis,
2948 1824 3135 1880 miror
3163 1821 3613 1878 dialecticorum
3646 1821 3834 1878 subti-

2163 1916 2461 1972 lissimum
2504 1915 2847 1971 nullatenus
2872 1913 3251 1987 perspexisse
3289 1913 3507 1968 animae
3546 1918 3829 1968 naturam

2163 2010 2289 2062 tam
2314 2005 2458 2061 boni
2479 2021 2666 2076 quam
2689 2004 2833 2059 mali
2859 2019 2988 2059 esse
3010 2018 3321 2074 capacem,
3350 2007 3406 2058 et
3423 2018 3497 2057 ex
3518 2001 3829 2058 voluntate

2162 2110 2298 2168 quae
2330 2094 2409 2150 ab
2451 2110 2523 2149 ea
2560 2093 2849 2165 procedit,
2893 2091 2986 2148 vel
3014 2091 3269 2161 malum,
3301 2090 3395 2146 vel
3424 2090 3653 2147 bonum
3698 2090 3829 2147 sive

2160 2184 2430 2254 cogitari,
2459 2183 2586 2239 sive
2607 2182 2745 2249 dici,
2779 2198 2887 2237 seu
2916 2181 3121 2254 perﬁci
3156 2200 3169 2237 :
3197 2182 3320 2237 imo
3344 2196 3467 2237 uno
3488 2180 3830 2253 eodemque

2158 2277 2469 2329 momento
2507 2272 2675 2328 bona
2718 2278 2776 2328 et
2804 2271 2966 2327 mala
2993 2270 3249 2343 concipi,
3281 2274 3459 2344 atque
3502 2270 3728 2326 diutius
3765 2268 3832 2324 in

2158 2363 2372 2419 eadem
2402 2361 2797 2418 alternatione
2825 2359 3074 2416 versari.

2230 2452 2414 2523 Cujus
2458 2451 2541 2508 rei
2583 2468 2775 2508 unum
2815 2466 2888 2506 ex
2938 2449 3092 2506 libro
3121 2448 3280 2507 beati
3324 2447 3666 2517 Augustini,
3720 2450 3832 2520 qui

2157 2542 2541 2599 Enchiridion
2570 2541 2809 2610 dicitur,
2841 2556 3153 2596 sumamus
3175 2538 3579 2596 testimonium
3604 2558 3620 2594 :
3642 2538 3833 2609 [Quid

2158 2637 2247 2689 est
2274 2636 2496 2699 autem,
2545 2631 2741 2703 inquit
2780 2631 2930 2703 (cap.
2987 2630 3188 2701 13-15),
3237 2627 3433 2684 malus
3470 2627 3661 2683 homo
3708 2627 3829 2683 nisi

2157 2722 2322 2780 mala
2340 2726 2576 2789 natura,
2598 2721 2743 2794 quia
2760 2720 2945 2776 homo
2968 2724 3185 2777 natura
3203 2716 3333 2775 est?
3362 2720 3539 2774 Porro
3563 2717 3617 2773 si
3635 2717 3829 2773 homo

2158 2811 2407 2884 aliquod
2435 2811 2667 2867 bonum
2696 2814 2786 2865 est
2802 2809 2945 2882 quia
2966 2813 3184 2864 natura
3203 2812 3314 2874 est,
3338 2806 3485 2881 quid
3505 2810 3594 2863 est
3622 2806 3828 2865 malus

2159 2902 2345 2957 homo
2384 2900 2503 2956 nisi
2532 2899 2763 2955 malum
2792 2898 3025 2954 bonum
3061 2897 3090 2954 ?
3127 2900 3352 2954 Tamen
3390 2911 3533 2955 cum
3559 2896 3682 2952 duo
3712 2896 3830 2953 ista.

2161 2990 2578 3053 discernimus.
2639 2988 2981 3044 invenimus
3030 3002 3140 3042 nec
3195 2986 3333 3043 ideo
3398 2984 3628 3042 malum
3679 2987 3830 3059 quia

381 3055 690 3151 volebam,
736 3075 847 3131 ego
877 3062 983 3134 qui
1010 3063 1296 3120 nolebam
1329 3082 1342 3121 :
1379 3080 1512 3135 ego,
1552 3081 1665 3135 ego
1709 3081 1897 3132 eram,
1939 3081 2048 3120 nec

2231 3096 2347 3136 imo
2377 3085 2486 3151 est,
2530 3094 2641 3135 nec
2682 3077 2817 3134 ideo
2854 3076 3087 3133 bonum
3117 3076 3262 3149 quia
3288 3076 3535 3149 iniquus
3563 3081 3685 3144 est;
3719 3077 3830 3132 sed

378 3143 558 3217 plene
587 3145 889 3243 volebam,
928 3165 1040 3207 nec
1086 3151 1263 3225 plene
1293 3152 1602 3210 nolebam.
1636 3153 1778 3209 Ideo
1807 3170 2049 3209 mecum
2081 3124 2123 3183 ο
2162 3172 2395 3228 bonum
2426 3124 2571 3243 q’uia
2596 3170 2802 3236 homo,
2827 3168 3060 3225 malum
3080 3124 3226 3240 qlia
3252 3124 3516 3236 mimi“,
3541 3124 3830 3240 ρωέειιιίε

379 3236 844 3305 contendebam,
869 3240 1285 3315 etdissipabar
1297 3258 1335 3299 a
1348 3260 1444 3298 me
1463 3243 1616 3316 ipso.
1643 3246 1709 3299 Et
1726 3243 1863 3316 ipsa
1879 3242 2054 3299 dissi-

378 3324 544 3401 patio
571 3341 670 3382 me
694 3326 881 3385 invito
912 3329 1160 3401 quidem
1184 3330 1388 3401 ﬁebat,
1412 3347 1523 3388 nec
1548 3336 1750 3388 tamen
1766 3331 2047 3388 ostende-

377 3406 483 3469 bat
512 3418 793 3471 naturam
825 3417 1042 3473 mentis
1066 3418 1294 3490 alienae,
1345 3420 1451 3476 sed
1472 3436 1721 3494 poenam
1746 3437 1918 3477 meae.
1980 3423 2051 3476 Et

379 3500 518 3583 ideo
530 3504 659 3572 jam
687 3518 810 3559 non
840 3520 953 3574 ego
986 3507 1288 3579 operabar
1312 3509 1499 3576 illam,
1523 3509 1631 3565 sed
1669 3508 1837 3583 quod
1874 3509 2047 3566 habi-

381 3578 552 3646 tabat
574 3590 637 3645 in
662 3607 759 3647 me
791 3578 1107 3665 peccatum
1143 3598 1331 3663 (Rom,
1366 3614 1464 3665 vn,
1510 3595 1617 3670 14),
1645 3578 1720 3654 de
1753 3598 2048 3671 supplicio

380 3677 672 3736 liberioris
702 3682 952 3753 peccati,
993 3683 1137 3757 quia
1175 3701 1341 3741 eram
1372 3685 1532 3742 ﬁlius
1561 3687 1777 3743 Adam.
1822 3691 1972 3743 Nam
1999 3688 2047 3745 si

381 3771 467 3824 tot
495 3773 636 3826 sunt
660 3772 972 3828 contrariae
993 3778 1223 3831 naturae
1248 3780 1397 3849 quot
1412 3775 1752 3833 voluntates
1776 3776 1890 3833 sibi
1906 3777 2046 3833 resi-

381 3859 564 3926 stunt,
595 3874 721 3916 non
744 3860 876 3932 jam
905 3861 1064 3935 duas,
1092 3864 1199 3941 sed
1226 3864 1429 3938 plures
1454 3866 1673 3939 erunt.]

452 3966 495 4037 -ι-
525 3969 896 4037 Augustinus
932 3976 1141 4030 contra
1164 3973 1589 4032 Adversarium
1618 3975 1788 4045 Legis
1827 3979 1883 4033 et
1912 3978 2049 4032 Pro-

379 4054 701 4126 phetarum
731 4059 857 4129 (lib,
890 4078 929 4116 ι.
964 4078 1099 4135 cap.
1131 4065 1223 4135 22)
1257 4081 1270 4121 :
1308 4064 1444 4130 [Sed
1474 4066 1657 4130 hunc,
1687 4066 1901 4138 inquit,
1930 4069 2046 4123 Do-

380 4144 585 4200 minus
617 4148 882 4204 Christus
899 4152 1227 4223 appellavit
1246 4154 1523 4209 arborem
1552 4155 1801 4225 bonam,
1826 4156 2048 4213 facian.

379 4234 502 4320 tem
526 4231 756 4291 fructus
780 4237 974 4294 malos
1000 4240 1238 4297 (Matth.
1258 4257 1357 4311 vn,
1391 4243 1495 4307 17).
1531 4247 1657 4301 lmo
1686 4262 1829 4303 vero
1861 4248 2044 4320 hujus

381 4319 523 4377 talia
561 4322 890 4396 sentientis,
931 4330 1223 4401 tanquam
1261 4330 1437 4388 malas
1486 4333 1717 4390 arboris
1758 4335 1868 4392 iste
1913 4319 2043 4409 ipse

382 4424 581 4468 sermo
600 4410 999 4485 blasphemus
1021 4416 1248 4475 fructus
1277 4424 1367 4476 est
1387 4420 1587 4479 malus
1619 4441 1633 4479 :
1665 4427 1815 4481 Nam
1844 4426 2043 4483 homi-

380 4512 523 4557 nem
552 4501 784 4559 malum
829 4503 1049 4563 dixisse
1091 4508 1415 4566 Dominum
1462 4510 1744 4569 arborem
1789 4514 2041 4585 malam,
2074 4486 2119 4540 Β

382 4590 556 4661 cujus
584 4590 813 4650 fructus
845 4595 991 4652 mali
1032 4602 1235 4655 essent
1280 4615 1468 4672 opera
1511 4600 1714 4670 mala;
1758 4606 1815 4659 et
1854 4605 2048 4661 homi-

381 4692 525 4736 nem
560 4679 796 4740 bonum
826 4684 1106 4743 arborem
1148 4687 1399 4761 bonam,
1444 4690 1617 4761 cujus
1646 4690 1874 4749 fructus
1896 4693 2046 4750 boni

377 4773 597 4842 essent,
627 4786 811 4846 opera
840 4774 1025 4849 bona,
1063 4777 1127 4834 id
1156 4782 1261 4847 est,
1298 4781 1464 4852 ipsas
1491 4780 1811 4839 hominum
1835 4783 2047 4840 volun-

380 4861 552 4927 tates,
588 4862 684 4919 vel
709 4863 940 4922 malam
980 4867 1126 4924 mali
1168 4869 1452 4933 hominis,
1498 4870 1596 4928 vel
1635 4872 1866 4929 bonam
1895 4873 2044 4929 boni

378 4946 664 5019 hominis,
712 4952 983 5013 diversas
1027 4970 1156 5014 esse
1205 4958 1454 5016 arbores
1500 4960 1769 5018 diversos
1814 4962 2042 5019 fructus

378 5032 656 5108 ferentes,
707 5042 851 5098 satis
904 5044 1211 5101 evidenter
1263 5046 1395 5121 ipse
1453 5052 1701 5105 testatur
1753 5050 1962 5107 dicens
2023 5071 2038 5109 :

378 5124 586 5182 Bonus
613 5125 786 5184 homo
815 5131 889 5188 de
935 5132 1085 5189 bono
1132 5136 1416 5194 thesauro
1457 5139 1655 5195 cordis
1684 5141 1779 5196 sui
1800 5143 2045 5211 profert

381 5214 557 5285 bona,
584 5223 642 5275 et
667 5219 866 5275 malus
910 5221 1084 5280 homo
1123 5224 1196 5281 de
1224 5228 1384 5283 malo
1415 5226 1695 5286 thesauro
1721 5231 1920 5286 cordis
1947 5232 2046 5287 sui

370 5307 612 5375 pro/ert
642 5308 808 5365 mala
836 5310 1079 5380 (Matth.
1100 5327 1202 5383 xu,
1234 5315 1347 5386 35).
1380 5317 1697 5381 Quomodo
1722 5323 1925 5375 autem
1956 5319 2045 5374 di-

380 5400 558 5467 ceret,
590 5401 695 5453 aut
722 5396 898 5455 facite
927 5400 1207 5459 arborem
1236 5403 1487 5469 bonam,
1520 5411 1578 5462 et
1610 5406 1870 5463 fructum
1912 5409 2043 5479 ejus

379 5481 633 5553 bonum,
662 5490 767 5543 aut
794 5487 969 5545 facite
988 5490 1267 5549 arborem
1295 5492 1525 5551 malam
1553 5500 1611 5552 et
1626 5495 1887 5553 fructum
1909 5497 2041 5569 ejus

382 5572 635 5640 malum,
682 5575 796 5632 nisi
834 5577 1019 5635 homo
1061 5588 1284 5652 posset,
1334 5598 1496 5640 nunc
1542 5585 1605 5641 in
1644 5586 1758 5641 hoc
1789 5599 1950 5642 nunc
1980 5586 2044 5642 in

383 5656 556 5815 gini;
602 5668 837 5758 mutata
874 5666 1199 5739 voluntate,
1245 5673 1555 5745 converti.)
1584 5676 1627 5744 σι·
1666 5676 2046 5747 Quapropter

429 5759 473 5801 u
584 5762 715 5804 ais:

429 5759 556 5801 ιιοα
584 5762 715 5804 818:

2162 3277 2307 3333 ergo
2336 3260 2514 3316 dicit:
2539 3258 2757 3317 Malum
2781 3262 2871 3315 est
2894 3258 3204 3314 hominem
3226 3272 3379 3321 esse.
3412 3260 3517 3313 aut
3548 3273 3564 3313 :
3590 3257 3830 3313 Bonum

2162 3355 2253 3407 est
2308 3349 2587 3422 iniquum
2639 3363 2792 3415 esse,
2851 3346 2980 3419 ipse
3029 3346 3236 3403 incidit
3289 3346 3353 3402 in
3407 3346 3830 3420 propheticam

2161 3438 2325 3495 illam
2354 3438 2711 3495 sententiam
2741 3454 2756 3494 :
2796 3438 2891 3494 Vw
2921 3436 3026 3508 qui
3061 3436 3270 3493 dicunt
3310 3436 3470 3508 quod
3495 3436 3714 3492 bonum
3744 3441 3829 3493 est

2157 3528 2409 3595 malum,
2432 3532 2486 3583 et
2506 3527 2668 3597 quod
2686 3526 2911 3582 malum
2934 3531 3019 3581 est
3043 3525 3259 3580 bonum
3283 3525 3424 3592 (Isa.
3442 3528 3639 3588 v.20).
3662 3526 3829 3595 Opus

2158 3618 2320 3673 enim
2352 3617 2451 3673 Dei
2478 3616 2700 3687 culpat,
2732 3615 2899 3688 quod
2929 3619 3017 3671 est
3046 3615 3231 3671 homo
3257 3633 3271 3683 ;
3312 3620 3369 3671 et
3396 3614 3604 3671 vitium
3633 3615 3830 3671 homi-

2156 3706 2251 3762 nis
2268 3705 2498 3774 laudat,
2524 3705 2693 3777 quod
2711 3709 2800 3761 est
2827 3704 3134 3776 iniquitas.
3160 3703 3366 3761 Omnis
3386 3704 3587 3777 itaque
3607 3709 3827 3761 natura

2155 3795 2389 3851 etiamsi
2426 3794 2640 3850 vitiosa
2669 3798 2778 3859 est,
2825 3792 2884 3849 in
2916 3797 3219 3865 quantum
3249 3797 3464 3849 natura
3504 3796 3617 3861 est,
3660 3793 3827 3850 bona

2154 3888 2278 3952 est;
2306 3884 2367 3939 in
2387 3887 2687 3956 quantum
2717 3882 2932 3939 vitiosa
2962 3886 3069 3945 est,
3104 3882 3268 3938 mala
3299 3885 3407 3938 est.

2226 3975 2603 4046 Quapropter
2630 3971 2692 4028 in
2729 3972 2824 4028 his
2865 3972 3178 4028 contrariis
3215 3986 3351 4044 quae
3382 3970 3545 4028 mala
3573 3976 3633 4029 et
3658 3971 3825 4030 bona

2153 4069 2466 4133 vocantur,
2491 4062 2589 4119 illa
2617 4062 3069 4119 dialecticorum
3098 4062 3308 4132 regula
3337 4062 3556 4127 deﬁcit,
3583 4078 3712 4135 qua
3740 4064 3824 4119 di.

2153 4158 2295 4211 cunt
2322 4152 2472 4209 nulli
2509 4152 2594 4208 rei
2626 4152 2750 4208 duo
2791 4152 2975 4208 simul
3017 4152 3214 4207 inesse
3263 4151 3581 4208 contraria.
3614 4152 3820 4209 Nullus

2152 4243 2310 4299 enim
2360 4259 2464 4299 aer
2521 4242 2702 4299 simul
2755 4248 2843 4298 est
2893 4246 2952 4298 et
3010 4241 3365 4297 tenebrosus
3424 4244 3481 4297 et
3536 4240 3820 4310 lucidus;

2151 4334 2352 4389 nullus
2392 4332 2564 4389 cibus
2614 4337 2719 4389 aut
2764 4338 2943 4405 potus
2988 4330 3167 4387 simul
3208 4331 3401 4387 dulcis
3437 4335 3495 4388 et
3536 4334 3821 4388 amarus;

2150 4423 2385 4479 nullum
2436 4434 2656 4496 corpus
2708 4422 2887 4478 simul
2929 4421 3035 4477 ubi
3059 4420 3288 4488 album,
3321 4420 3406 4477 ibi
3434 4425 3493 4477 et
3527 4421 3771 4491 nigrum
3805 4440 3819 4480 :

2150 4512 2389 4569 nullum
2435 4511 2614 4568 simul
2651 4511 2736 4567 ibi
2764 4511 3034 4568 deforme
3072 4510 3180 4567 ubi
3222 4510 3579 4567 formosum.
3612 4512 3681 4567 Et
3706 4511 3821 4567 hoc

2151 4602 2216 4658 in
2258 4601 2462 4657 multis
2509 4617 2581 4658 ac
2618 4616 2773 4672 pene
2813 4600 3100 4657 omnibus
3148 4600 3462 4657 contrariis
3505 4601 3818 4673 reperitur,

2152 4693 2217 4749 ut
2244 4691 2305 4745 in
2336 4706 2460 4746 una
2482 4706 2546 4746 re
2578 4689 2758 4745 simul
2796 4705 2931 4745 esse
2975 4704 3099 4745 non
3128 4689 3384 4762 possint.
3434 4690 3582 4745 Cum
3613 4693 3816 4746 autem

2150 4779 2319 4835 bona
2356 4783 2413 4836 et
2448 4778 2612 4836 mala
2637 4778 2841 4834 nullus
2868 4778 3143 4849 ambigat
3172 4794 3309 4835 esse
3341 4778 3661 4843 contraria,
3694 4795 3816 4834 non

2152 4870 2348 4928 solum
2399 4868 2580 4925 simul
2621 4884 2751 4924 esse
2792 4872 3070 4942 possunt,
3120 4868 3224 4924 sed
3272 4869 3453 4925 etiam
3489 4868 3654 4926 mala
3690 4883 3817 4924 om-

2148 4961 2295 5017 nino
2343 4959 2471 5014 sine
2523 4958 2702 5014 bonis
2752 4965 2808 5014 et
2857 4958 2970 5014 nisi
3018 4958 3078 5013 in
3122 4957 3299 5013 bonis
3341 4973 3474 5014 esse
3520 4971 3645 5014 non
3682 4972 3816 5031 pos-

2153 5053 2316 5111 sunt,
2342 5048 2621 5121 quamvis
2643 5047 2809 5104 bona
2828 5047 2956 5103 sine
2994 5046 3172 5103 malis
3192 5062 3322 5103 esse
3344 5047 3596 5118 possint.
3624 5047 3821 5104 Potest

2150 5139 2312 5195 enim
2340 5138 2525 5193 homo
2569 5136 2661 5193 vel
2691 5136 2943 5207 angelus
2974 5151 3099 5191 non
3127 5151 3260 5192 esse
3300 5135 3561 5207 iujustus
3585 5150 3601 5203 ;
3630 5136 3814 5208 injus-

2150 5233 2245 5286 tus
2279 5232 2481 5285 autem
2500 5242 2625 5283 non
2651 5229 2851 5299 potest
2880 5241 3010 5281 esse
3036 5225 3152 5280 nisi
3182 5225 3368 5281 homo
3396 5224 3488 5281 vel
3516 5226 3771 5297 angelus
3798 5242 3810 5281 :

2150 5324 2208 5375 et
2253 5318 2486 5374 bonum
2533 5316 2700 5390 quod
2755 5316 2963 5383 homo,
3016 5315 3251 5371 bonum
3304 5315 3471 5387 quod
3527 5316 3809 5386 angelus;

2150 5407 2382 5465 malum
2420 5406 2586 5480 quod
2627 5406 2912 5477 injustus.
2957 5407 3024 5461 Et
3063 5404 3192 5460 haec
3226 5404 3350 5460 duo
3397 5403 3697 5463 contraria
3734 5406 3811 5463 ita

2152 5496 2332 5553 simul
2356 5501 2513 5565 sunt,
2559 5498 2625 5552 ut
2647 5496 2696 5551 si
2724 5495 2959 5551 bonum
2995 5510 3121 5551 non
3147 5497 3305 5550 esset
3332 5494 3393 5550 in
3422 5508 3545 5567 quo
3579 5495 3807 5551 malum

2151 5590 2325 5656 esset,
2372 5602 2623 5659 prorsus
2668 5601 2781 5641 nec
2826 5584 3058 5641 malum
3105 5599 3237 5640 esse
3279 5584 3573 5657 potuisset
3614 5601 3627 5640 :
3669 5585 3809 5659 quia

2148 5692 2275 5733 non
2302 5675 2489 5731 modo
2516 5675 2624 5731 ubi
2665 5674 3034 5742 consisteret,
3065 5674 3174 5729 sed
3202 5673 3363 5730 unde
3401 5673 3658 5730 oriretur
3686 5690 3808 5732 cor-

2151 5765 2352 5837 ruptio
2383 5780 2506 5822 non
2544 5765 2811 5835 haberet,
2858 5764 2972 5823 nisi
3012 5768 3171 5825 esset
3195 5764 3363 5838 quod
3403 5779 3808 5839 corrumpere-
