3936 6370
108 277 242 335 1113

1028 287 1118 342 DE
1165 283 1846 344 ΡΗΛΒΒΒΒΤΙΝΑΤΙΟΝΒ
1880 285 2160 342 CONTRA
2209 289 2257 344 J.
2287 288 2587 354 BCOTUM,

3398 299 3537 356 ηιι

103 406 232 471 tur;
261 403 450 476 quod,
489 405 604 462 nisi
627 407 861 466 bonum
891 414 1070 478 esset,
1100 427 1214 468 nec
1233 413 1752 484 corrumperetur:
1787 423 1837 481 Α
1876 413 1934 465 et
1958 409 2127 483 impii
2149 412 2326 470 aDeo
2354 414 2632 486 prmsciti,
2682 418 2787 472 aut
2841 415 3038 488 panis
3085 417 3306 476 debitis
3350 421 3535 480 destia

102 493 388 564 quoniam
431 496 580 552 nihil
610 503 700 555 est
735 499 898 556 aliud
937 501 1243 575 corruptio
1271 517 1462 576 quam
1488 500 1635 557 boni
1663 515 1761 556 ex-

102 583 546 641 terminatiodix
571 586 746 644 bonis
787 589 968 658 igitur
1012 591 1175 648 mala
1205 597 1336 649 orta
1364 595 1524 659 sunt,
1557 594 1615 646 et
1642 589 1761 645 nisi

100 669 160 726 in
181 671 484 745 aliquibus
513 674 692 732 bonis
724 693 849 735 non
880 685 1021 737 sunt
1061 699 1074 737 :
1117 698 1229 738 nec
1259 687 1387 738 erat
1416 681 1566 737 alias
1597 678 1761 736 unde

101 759 349 818 oriretur
378 762 500 820 ulla
535 765 679 822 mali
729 773 968 826 natura.
1014 772 1161 827 Nam
1195 771 1243 827 si
1276 775 1452 838 esset,
1481 770 1540 826 in
1569 783 1761 841 quan-

100 851 227 908 tum
259 856 478 911 natura
505 862 684 922 esset,
707 859 974 930 profecto
1003 859 1168 918 bona
1215 866 1371 918 esset
1403 878 1416 916 :
1449 865 1507 916 et
1536 863 1643 916 aut
1669 859 1759 914 ina

98 941 497 1012 corruptibilis
537 949 753 1003 natura
798 955 1092 1018 magnum
1141 957 1298 1007 esset
1344 950 1601 1018 bonum,
1653 951 1758 1005 aut

96 1027 273 1085 eu‘am
316 1036 535 1090 natura
567 1037 969 1110 corruptibilis
1008 1040 1174 1097 nullo
1204 1041 1389 1097 modo
1436 1043 1594 1095 esset
1643 1037 1758 1093 nisi

94 1116 340 1191 aliquod
368 1121 624 1187 bonum,
653 1127 824 1198 quod
848 1126 1079 1185 bonum
1127 1129 1579 1204 corrumpendo
1618 1143 1756 1201 pos.

93 1211 183 1263 set
209 1207 263 1264 ei
279 1219 498 1267 nocere
519 1214 847 1287 corruptio.

165 1325 282 1388 Sed
307 1340 447 1389 cum
473 1331 636 1392 mala
658 1342 730 1393 ex
768 1339 945 1396 bonis
988 1345 1119 1398 orta
1150 1359 1282 1399 esse
1313 1342 1592 1414 dicimus,
1631 1349 1755 1397 non

86 1423 334 1491 putetur
357 1423 471 1479 hoc
501 1425 824 1484 Dominicae
854 1432 1162 1488 sententias
1179 1433 1487 1504 refragari,
1518 1446 1640 1506 qua
1670 1429 1755 1486 di-

85 1507 170 1563 xit
199 1514 212 1564 ἑ
254 1510 390 1566 Non
411 1513 607 1582 potest
639 1517 825 1574 arbor
860 1519 1012 1577 bona
1048 1519 1290 1592 fructus
1317 1522 1505 1579 malos
1529 1521 1752 1592 faCere,

87 1607 276 1670 neque
296 1593 483 1683 arbor
501 1603 665 1661 mata
681 1605 924 1676 fructus
949 1609 1126 1665 bonos
1142 1612 1367 1681 facere.
1403 1613 1531 1667 Non
1561 1601 1757 1683 potest

87 1681 670 1753 enim,slcutVeritas
690 1695 792 1766 ait,
822 1697 1020 1768 colligi
1049 1709 1166 1755 uva
1196 1697 1271 1756 de
1295 1699 1486 1772 spinis
1511 1681 1752 1770 (Matth.

87 1777 546 1854 vn,l6,18),quia
575 1800 698 1841 non
725 1791 920 1858 potest
942 1794 1059 1845 uva
1085 1789 1252 1846 nasci
1275 1789 1349 1845 de
1380 1789 1569 1863 spinis
1604 1805 1618 1858 ;
1649 1786 1754 1842 sed
1785 1775 1830 1838 Β

87 1879 159 1921 ex
183 1865 348 1926 bona
374 1869 530 1929 terra
560 1878 617 1929 et
641 1875 789 1931 Vites
826 1875 996 1933 nasci
1020 1895 1201 1950 posse
1232 1878 1511 1935 videmus
1543 1882 1600 1934 et
1631 1874 1750 1948 spi-

84 1950 302 2013 nas.Eo
326 1957 508 2018 modo
527 1959 664 2106 Lat”
693 1963 749 2020 et
779 1963 994 2022 eodem
1023 1959 1226 2039 modo]
1250 1971 1542 2041 tanquam
1571 1965 1753 2022 arbor

85 2041 246 2102 mala
271 2041 498 2104 fructus
572 2052 811 2106 onos.id
843 2057 936 2106 est
975 2071 1160 2106 onera
1189 2057 1374 2106 bona.
1405 2069 1526 2106 non
1560 2053 1753 2106 potest

85 2041 246 2102 mala
271 2041 498 2104 fructus
527 2041 811 2121 bonos,id
843 2057 936 2110 est
975 2071 1160 2127 opera
1188 2057 1374 2126 bona,
1405 2069 1526 2112 non
1560 2053 1753 2128 potest

83 2129 276 2191 facere
300 2137 578 2195 voluntas
607 2139 770 2198 mala
797 2161 808 2198 :
847 2144 954 2200 sed
976 2161 1048 2201 ex
1085 2141 1252 2202 bona
1289 2141 1552 2201 hominis
1573 2148 1748 2200 natu-

82 2230 148 2280 ra
173 2226 312 2282 oriri
338 2217 618 2286 voluntas
659 2236 715 2288 et
746 2220 910 2289 bona
940 2233 1139 2306 potest
1164 2239 1220 2291 et
1260 2222 1422 2291 mala
1456 2253 1469 2303 ;
1501 2251 1611 2290 nec
1641 2231 1751 2288 fuit

82 2329 330 2386 prorsus
356 2319 517 2375 unde
541 2319 820 2393 primitus
849 2324 1103 2380 oriretur
1134 2325 1409 2381 voluntas
1442 2324 1624 2392 mala,
1656 2323 1746 2378 ni-

84 2404 130 2459 si
151 2420 225 2461 ex
255 2408 456 2478 angeli
485 2414 544 2466 et
568 2410 832 2469 hominis
869 2420 1084 2470 natura
1114 2417 1299 2472 bona.
1338 2414 1510 2482 Quod
1535 2416 1592 2470 et
1619 2412 1748 2486 ipse

84 2492 376 2552 Dominus
408 2497 620 2555 eodem
638 2501 772 2558 loco
793 2501 898 2558 ubi
928 2501 1002 2559 de
1021 2501 1236 2561 arbore
1263 2508 1320 2560 et
1350 2495 1639 2560 fructibus
1658 2501 1747 2558 lo-

82 2585 406 2656 quebatur,
455 2583 829 2662 apertissime
873 2591 1131 2649 ostendit
1181 2613 1194 2663 ;
1245 2594 1326 2650 ait
1380 2597 1582 2649 autem
1612 2585 1744 2664 (aL,

83 2673 265 2748 enim]
298 2691 312 2731 :
344 2671 469 2734 Aut
496 2677 683 2756 facite
705 2681 980 2739 arborem
1005 2681 1217 2740 bonam
1233 2685 1287 2740 et
1313 2685 1586 2755 fructum
1617 2684 1747 2753 ejus

84 2759 324 2837 bonum,
356 2773 463 2823 aut
480 2769 669 2838 facite
688 2769 962 2830 arborem
989 2774 1212 2829 malam
1243 2777 1296 2830 et
1311 2776 1585 2844 fructum
1616 2773 1746 2841 ejus

79 2854 308 2933 malum
340 2847 575 2927 (Matth.
607 2863 801 2933 xu,33)
839 2879 850 2916 :
887 2863 1030 2918 satis
1061 2863 1401 2920 admonens
1425 2878 1497 2917 ex
1523 2861 1745 2917 arbore

79 2931 329 3015 quidem
349 2945 515 3003 bona
544 2931 868 3013 malosaut
897 2968 969 3006 ex
995 2949 1155 3008 mala
1172 2951 1368 3007 bonos
1395 2951 1562 3006 nasci
1588 2947 1745 3005 fruc-

79 3035 167 3089 tus
197 3040 329 3090 nOn
354 3049 532 3108 posse
556 3056 570 3104 ;
594 3053 667 3094 ex
687 3038 1039 3112 ipsatamen
1068 3045 1226 3098 terra
1255 3041 1352 3098 cui
1384 3031 1747 3114 quuebatur

79 3125 402 3196 utramqhe
425 3125 704 3184 arborem
736 3125 874 3184 oriri
913 3130 1136 3204 posse.]

145 3270 188 3338 1-
213 3267 393 3324 Vides
431 3276 706 3328 eversam
743 3285 988 3330 omnem
1041 3279 1159 3330 tum
1202 3270 1746 3344 argumentationis

82 3357 582 3433 machinam,qua
602 3377 639 3417 a
667 3362 834 3418 bona
852 3363 1081 3433 origine
1101 3365 1272 3419 nasci
1304 3377 1427 3419 non
1447 3376 1629 3436 posse
1660 3361 1746 3415 ins

81 3445 271 3503 vicem
297 3448 414 3504 sibi
438 3449 822 3508 adversantia
844 3453 1166 3510 conabaris
1195 3458 1461 3510 astruere
1489 3453 1517 3508 ‘I
1539 3449 1748 3506 Docuit

85 3533 331 3590 omnino
361 3534 452 3589 vir
471 3535 898 3592 disertissimus
919 3537 998 3593 ab
1029 3553 1150 3594 una
1170 3536 1489 3607 origine,id
1517 3540 1606 3590 est
1635 3545 1744 3590 na-

84 3624 213 3677 tura
241 3623 342 3680 vel
361 3625 558 3694 angeli
579 3626 675 3682 vel
698 3627 960 3682 hominis
983 3628 1223 3700 prodire
1252 3626 1564 3683 contraria.
1579 3625 1744 3681 Unde

83 3723 220 3780 ergo
252 3713 585 3777 humilitas,
638 3715 778 3772 inde
822 3718 1128 3791 superbia,
1185 3718 1247 3773 id
1297 3722 1388 3773 est
1441 3732 1507 3772 ex
1530 3720 1748 3770 natura

85 3801 277 3871 angeli
305 3803 403 3858 vel
418 3803 680 3860 hominis
706 3807 979 3873 bona,ex
998 3823 1124 3880 qua
1151 3807 1430 3863 voluntas
1461 3805 1550 3861 vel
1580 3805 1746 3860 bona

83 3889 170 3944 vel
189 3892 355 3949 mala
387 3911 401 3962 ;
433 3893 516 3950 ita
545 3899 611 3950 ut
627 3896 935 3954 humilitas
957 3897 1241 3953 voluntas
1268 3895 1746 3968 bona,superbia

84 3976 311 4036 dicatur
340 3981 618 4038 voluntas
637 3984 801 4040 mala
857 4001 871 4039 :
929 4001 1066 4058 qua:
1094 3989 1296 4041 tamen
1325 3984 1606 4041 voluntas
1638 3983 1746 4038 bo~

83 4081 322 4138 na,cum
355 4071 637 4143 primitus
671 4080 901 4130 natura:
932 4075 1206 4132 rationali
1242 4075 1406 4130 dono
1450 4073 1743 4131 Creatoris

83 4154 250 4215 fuerit
271 4160 726 4235 insita,propria
745 4164 1173 4236 depravatione
1189 4168 1492 4236 corrupta,
1513 4177 1742 4234 nequa-'-

83 4260 263 4316 quam
292 4265 369 4304 ex
397 4265 460 4305 se
498 4251 591 4306 vel
618 4267 725 4324 per
755 4268 818 4308 se
850 4252 1016 4308 bona
1047 4252 1210 4308 valet
1237 4251 1514 4319 existere,
1547 4251 1742 4306 donec

84 4343 350 4405 sanetur,
382 4345 713 4413 reparatur,
747 4347 928 4415 atque
968 4341 1322 4397 infundatur
1361 4341 1439 4397 ab
1483 4340 1603 4411 illo,
1636 4340 1741 4412 qui

86 4439 318 4499 semper
351 4445 588 4486 summe
615 4436 672 4486 et
699 4432 1092 4487 essentialiter
1121 4435 1210 4486 est
1229 4430 1512 4486 voluntas
1535 4430 1736 4485 bona:

1871 501 2164 570 nati,cum
2196 507 2520 578 utrumque
2552 509 2610 562 et
2637 505 2793 562 ratio
2816 510 2874 562 et
2893 507 3216 566 auctoritas
3256 509 3387 567 fieri
3415 514 3534 570 Deo

1863 589 2067 660 judice
2095 596 2474 664 protestetur.

1943 679 2166 736 Verum
2196 682 2272 737 de
2302 684 2500 755 poenis
2551 701 2589 741 a
2626 687 2748 742 Deo
2802 686 2986 742 etiam
3036 688 3445 760 temporaliter
3471 691 3534 747 in

1866 773 2214 840 peccatores
2237 775 2292 828 et
2313 772 2532 844 impios
2560 773 2865 846 irrogatis,
2894 791 3088 830 unum
3122 791 3196 831 ex
3225 779 3534 850 prophetis

1865 858 2277 917 testimonium
2308 863 2660 920 adhibuisse
2691 864 2952 920 sufficiat
2983 883 2997 932 ;
3031 871 3175 921 nam
3206 866 3268 921 in
3299 883 3371 924 eo
3397 867 3533 926 loco

1865 947 1970 1002 ubi
1993 951 2288 1022 propheta
2315 952 2440 1007 Joel
2470 953 2554 1009 ait
2583 971 2595 1008 :
2619 954 2697 1008 Et
2730 955 2979 1011 reddam
2995 956 3157 1011 vobis
3186 969 3376 1013 annos
3388 961 3532 1029 quos

1865 1039 2115 1092 comedit
2147 1040 2396 1103 locusta,
2425 1041 2688 1098 bruchus
2712 1049 2767 1098 et
2793 1043 3088 1114 rubigo,et
3113 1059 3296 1102 eruca
3319 1061 3341 1100 :
3358 1046 3535 1116 forti-

1866 1125 2010 1180 tudo
2035 1142 2163 1183 mea
2195 1143 2439 1198 magna,
2473 1139 2656 1200 quam
2688 1133 2828 1187 misi
2870 1133 2936 1188 in
2966 1147 3065 1188 vos
3115 1133 3286 1204 (Joei.
3326 1149 3387 1200 ιι,
3414 1135 3529 1207 24).

1939 1217 2192 1271 Sanctus
2216 1217 2612 1290 Hieronymus
2640 1235 2960 1292 exponens
2996 1222 3279 1277 eumdem
3305 1223 3529 1292 locum,

1862 1302 1947 1358 ita
1973 1309 2114 1376 post
2146 1306 2431 1378 quasdam
2463 1308 2677 1364 effatus
2706 1309 2793 1380 (in
2821 1311 2980 1365 ἄορι.
3026 1325 3160 1380 cap.
3190 1311 3256 1383 ιι)
3292 1327 3306 1365 :
3337 1312 3532 1377 [Quae-

1861 1391 2053 1448 rimus
2073 1409 2180 1449 cur
2209 1407 2392 1452 eruca
2417 1398 2717 1466 fortitudo
2739 1397 2831 1453 vel
2859 1397 3047 1453 virtus
3069 1399 3306 1455 Domini
3328 1399 3532 1473 appel-

1862 1480 1985 1539 lata
2012 1483 2108 1554 sit,
2141 1488 2198 1540 et
2225 1499 2352 1541 non
2405 1486 2605 1542 solum
2653 1487 2868 1558 virtus,
2909 1486 3016 1543 sed
3063 1488 3250 1544 virtus
3280 1505 3528 1560 magna,

1864 1573 2180 1635 Quomodo
2210 1575 2478 1646 potentia
2508 1575 2608 1630 Dei
2653 1575 2716 1632 in
2757 1576 3049 1649 Egyptiis
3073 1575 3270 1649 plagis
3289 1580 3533 1634 ostensa

1865 1663 1954 1715 est
1977 1677 2084 1732 per
2102 1678 2291 1734 parva
2312 1663 2682 1732 animalia,et
2693 1666 2994 1738 prmcipue
3017 1666 3285 1738 ciniphes
3308 1667 3527 1734 (Exod.

1868 1765 1990 1814 vui,
2029 1751 2110 1820 16,
2146 1754 2256 1822 17),
2288 1752 2394 1824 Qui
2422 1757 2547 1808 tam
2577 1753 2749 1824 parvi
2772 1760 2915 1810 sunt
2935 1755 3176 1822 culices,
3202 1760 3267 1810 ut
3285 1756 3382 1810 vix
3405 1763 3530 1810 cer-

1862 1842 2086 1894 nantur
2114 1839 2305 1896 oculis
2328 1857 2341 1896 :
2361 1841 2454 1896 sic
2475 1846 2532 1896 et
2563 1856 2725 1898 nunc
2753 1843 2815 1898 in
2845 1858 3039 1915 parvo
3079 1844 3376 1916 tardoque
3406 1859 3532 1899 veru-

1861 1926 2107 1993 miculo,
2134 1928 2239 2000 qui
2270 1929 2370 1985 vix
2398 1931 2630 1986 moveri
2667 1935 2883 2002 potest,
2911 1937 2967 1988 et
2994 1932 3108 1988 levi
3138 1937 3301 1988 tactu
3329 1938 3532 1990 conte-

1858 2015 2133 2085 ritur,Dei
2160 2019 2428 2090 potentia
2455 2024 2513 2075 et
2533 2021 2806 2078 humana
2835 2021 3130 2091 fragilitas
3153 2022 3529 2079 demonstra-

1859 2108 1975 2162 tur.
2024 2110 2151 2163 Non
2197 2108 2367 2181 quod
2403 2110 2559 2166 Deus
2585 2109 2663 2167 ad
2699 2115 2916 2166 nutum
2949 2128 3127 2167 suum
3158 2117 3216 2168 et
3247 2112 3526 2184 potentia:

1856 2197 2236 2267 majestatem
2269 2204 2535 2272 nequeat
2564 2203 2785 2256 terram
2814 2200 3183 2266 subvertere,
3207 2205 3264 2258 et
3291 2203 3526 2274 operire

1857 2287 2074 2338 cuncta
2099 2283 2343 2350 diluvio,
2379 2284 2472 2340 vel
2501 2284 2752 2341 fulmine
2792 2301 3217 2355 concremare;
3271 2287 3381 2344 sed
3419 2305 3526 2360 per

1855 2385 2069 2442 parva,
2097 2377 2172 2440 et,
2207 2378 2274 2429 ut
2293 2373 2376 2429 ita
2400 2373 2624 2443 dicam,
2655 2381 2882 2448 puncta
2905 2386 3229 2449 corporum
3264 2378 3526 2435 ostendit

1856 2462 2195 2520 humanam
2258 2463 2662 2534 fragilitatem.
2732 2466 2898 2523 Unde
2930 2470 2989 2523 et
3042 2465 3192 2522 illud
3254 2467 3524 2524 solemus

1857 2551 2136 2608 Marcioni
2164 2557 2221 2608 et
2242 2553 2468 2609 caeteris
2496 2554 2867 2627 reSpondere
2885 2555 3314 2628 hereticis,qui
3340 2557 3522 2612 Vetus“

1855 2639 2091 2696 laniant
2122 2641 2599 2707 Testamentum,
2631 2643 2800 2716 quod
2829 2650 2886 2700 et
2915 2643 3163 2717 pulices,
3195 2650 3253 2701 et
3274 2644 3519 2712 culices,

1857 2732 1914 2785 et
1945 2729 2208 2800 cimices,
2233 2734 2290 2786 et
2315 2731 2740 2802 hujuscemodi
2765 2733 3100 2790 animantia
3124 2733 3349 2789 idcirco
3370 2732 3522 2789 iace.

1826 2817 1932 2874 rit
1969 2821 2148 2886 Deus,
2193 2823 2256 2874 ut
2287 2819 2671 2891 fragilitatem
2707 2826 2766 2878 et
2797 2821 3268 2879 imbecillitatem
3297 2826 3520 2878 nostris

1855 2908 2055 2964 carnis
2077 2909 2439 2980 ostenderet,
2487 2926 2626 2982 quas
2668 2912 2730 2968 in
2771 2917 3006 2969 tantum
3035 2913 3185 2970 nihil
3209 2917 3316 2980 est,
3349 2917 3416 2969 ut
3441 2912 3522 2969 ab

1853 2996 1948 3052 his
1973 3013 2108 3069 quae
2140 3013 2330 3070 parva
2371 3004 2513 3055 sunt
2541 3001 2909 3058 vulneretur.
2974 3003 3033 3058 Si
3082 3006 3288 3058 autem
3339 3011 3523 3058 eruca

1853 3099 2201 3158 parvusque
2253 3087 2616 3143 vermiculus
2665 3087 2874 3144 {artior
2914 3090 3160 3146 homine
3205 3094 3316 3158 est,
3370 3089 3522 3162 quid

1795 3175 1815 3197 ’
1855 3174 2144 3245 gloriatur
2165 3180 2322 3232 terra
2350 3181 2408 3234 et
2439 3177 2588 3234 cinis
2621 3179 2835 3250 (Eccti.
2859 3178 2962 3250 ιι),
3014 3183 3072 3235 et
3097 3179 3257 3235 elata
3284 3194 3393 3251 per
3425 3195 3521 3234 su-

1854 3263 2130 3336 perbiam
2155 3265 2319 3336 (cum
2340 3274 2415 3322 ex
2434 3266 2623 3323 humo
2641 3268 2734 3335 sit,
2758 3284 2794 3324 a
2815 3283 2942 3340 qua
2957 3267 3144 3324 homo
3157 3267 3519 3341 appellatur)

1853 3352 2127 3409 humana
2146 3355 2476 3411 cantemnit
2503 3356 2531 3411 ‘I
2580 3356 2840 3421 Quidam
2867 3361 3071 3413 autem
3099 3356 3303 3412 locum
3333 3357 3517 3413 istum

1855 3442 1939 3498 sic
1960 3443 2426 3516 interpretantur
2463 3463 2477 3502 :
2517 3451 2565 3502 Α
2591 3446 2813 3502 dextris
2838 3451 2896 3502 et
2926 3462 2965 3502 a
2989 3447 3244 3502 sinistris
3271 3446 3518 3503 virtutes

1855 3537 1913 3588 et
1957 3532 2334 3589 fortitudines
2375 3535 2471 3590 Dei
2515 3534 2793 3604 legimus,
2839 3551 2994 3608 quas
3039 3536 3224 3592 Graeci
3269 3532 3518 3609 δυνάμεις

1853 3627 2092 3678 vocant.
2125 3627 2172 3679 A
2200 3623 2424 3680 dextris
2455 3625 2760 3698 seraphim
2789 3630 2848 3683 et
2873 3626 3212 3697 cherubim,
3234 3633 3518 3683 cunctas-

1853 3725 1973 3783 que
1992 3713 2296 3781 angelicas
2325 3718 2676 3787 potestates,
2709 3731 2746 3772 a
2766 3715 3017 3770 sinistris
3046 3715 3380 3772 contrarias
3402 3715 3518 3771 for-I

1854 3801 2158 3865 titudines,
2193 3803 2268 3858 de
2319 3804 2542 3876 quibus
2596 3804 2885 3876 scriptum
2927 3809 3020 3860 est
3068 3820 3081 3858 ι
3119 3805 3285 3860 Misit
3315 3805 3378 3860 in
3419 3820 3515 3861 eos

1852 3892 2010 3948 iram
2030 3893 2468 3963 indignationis
2489 3909 2634 3960 sua,
2661 3894 2934 3962 furorem
2951 3899 3007 3951 et
3036 3895 3215 3963 iram,
3247 3900 3300 3950 et
3323 3895 3516 3950 tribue

1856 3981 2159 4048 tationem,
2192 3983 2610 4038 immissionem
2650 3997 2768 4052 per
2813 3985 3058 4054 angelos
3092 3985 3284 4040 malos
3319 3987 3514 4053 (Psat.

1852 4085 2066 4137 Lxxvu,
2101 4074 2211 4141 49),
2248 4074 2327 4126 De
2355 4071 2581 4143 quibus
2602 4075 2658 4127 et
2697 4071 2967 4129 Michaaas
2993 4073 3056 4127 in
3089 4075 3319 4142 Regum
3352 4074 3515 4130 volu-

1852 4161 2014 4216 mine
2038 4159 2337 4233 loquitur:
2385 4161 2518 4217 Vidi
2547 4164 2865 4219 Dommum
2880 4165 3069 4220 Deum
3089 4164 3284 4220 Israel
3312 4165 3516 4220 seden-

1854 4254 1966 4305 tem
1995 4259 2177 4319 super
2206 4251 2492 4308 thronum
2521 4267 2717 4319 suum,
2745 4258 2800 4308 et
2839 4253 3030 4310 omnis
3061 4254 3359 4310 exercitus
3382 4255 3519 4310 caeli

1842 4341 2034 4408 juxta
2048 4355 2181 4396 eum
2210 4355 2248 4396 a
2269 4341 2498 4397 dextris
2525 4345 2581 4397 et
2607 4357 2644 4399 a
2673 4342 2935 4398 sinistris
2965 4343 3083 4414 (III
3101 4345 3513 4414 Reg.xm,l9).

1854 4431 1976 4499 Ego
2001 4435 2148 4502 puto
2175 4429 2483 4486 sinistrum
2518 4429 2704 4486 fuisse
2734 4432 3030 4502 spiritum,
3084 4433 3189 4504 qui
3238 4447 3514 4502 egressus

87 4527 155 4568 ex
181 4495 343 4574 fonte
357 4518 606 4589 justitise
631 4535 951 4593 nunquam
977 4536 1227 4576 manare
1250 4520 1653 4591 iniquitatem,
1679 4518 1739 4572 id
1768 4495 1817 4552 Π
1854 4495 1962 4589 est,
1985 4495 2043 4575 et
2072 4520 2227 4576 stetit
2251 4535 2456 4576 coram
2501 4495 2852 4576 Domino-et
2879 4520 2962 4576 ait
2993 4495 3024 4576 τ’
3057 4495 3188 4590 Εῇο
3218 4495 3515 4591 decipiam

87 4608 173 4659 est
201 4621 274 4662 ex
304 4609 448 4675 Deo,
481 4608 684 4664 nullus
711 4609 971 4680 ignorat,
1011 4612 1155 4681 quia
1183 4624 1305 4666 non
1336 4615 1421 4666 est
1452 4609 1741 4679 iniquitas

87 4696 245 4762 apud
272 4699 454 4754 Deum
481 4699 669 4770 (Rom.
696 4715 772 4770 1x,
806 4699 889 4770 14)
937 4717 950 4755 :
994 4705 1258 4756 attamen
1285 4700 1444 4771 juste
1472 4698 1744 4755 retribuit

86 4787 495 4853 peccatoribus
522 4788 817 4861 supplicia
841 4806 979 4861 quae
1005 4788 1486 4855 merentur.Quia
1517 4794 1581 4844 tu
1612 4789 1744 4845 red-

88 4873 182 4928 des
215 4875 434 4949 inquit,
462 4879 787 4950 unicuique
826 4880 1152 4935 secundum
1183 4894 1367 4949 opera
1395 4894 1527 4943 sua,
1562 4894 1636 4934 ex
1665 4878 1746 4934 vi-

89 4966 154 5017 tas
183 4967 500 5041 principio,
531 4967 594 5023 id
623 4973 712 5024 est
744 4969 886 5038 Deo,
932 4968 1181 5025 infertur
1222 4986 1387 5025 mors
1416 4970 1742 5041 peccatori-

1851 4608 2064 4665 Achab
2086 4615 2140 4665 et
2169 4610 2467 4679 egrediar,
2501 4614 2555 4665 et
2605 4625 2706 4666 ero
2735 4610 2986 4678 spiritus
3033 4610 3298 4665 mendax
3321 4612 3386 4664 in
3412 4624 3516 4665 ore

1851 4701 2115 4754 omnium
2161 4699 2597 4769 prophetarum
2646 4701 2776 4769 ejus
2816 4699 3014 4770 (Ibid.,
3046 4699 3155 4769 21).
3189 4699 3280 4754 Ad
3325 4713 3514 4771 quam

1852 4788 2174 4851 sinistram,
2205 4792 2262 4843 et
2281 4787 2644 4845 contrariam
2673 4791 3051 4860 potestatem,
3065 4801 3202 4860 quae
3224 4792 3367 4859 apta
3386 4791 3516 4843 erat

1853 4878 1931 4934 ad
1961 4877 2408 4950 decipiendum,
2437 4883 2494 4934 et
2521 4878 2845 4935 exercitata
2873 4877 2954 4933 ad
2979 4877 3207 4948 ruinas,
3261 4879 3319 4934 et
3362 4875 3515 4932 mul-

1849 4971 1944 5023 tos
1969 4971 2108 5023 ante
2151 4968 2490 5041 deceperat,
2544 4967 2812 5041 loquitur
2860 4970 3016 5024 Deus
3071 4983 3084 5020 :
3141 4967 3410 5038 Decipies
3457 4973 3512 5024 et

86 5049 220 5120 bus,
249 5057 396 5130 quia
420 5061 678 5114 testante
711 5059 1006 5132 scriptura
1065 5078 1078 5115 :
1125 5059 1218 5115 Ab
1249 5061 1376 5129 ipso
1405 5065 1489 5116 est
1531 5061 1655 5116 vita
1684 5066 1740 5117 et
1841 5058 2530 5130 pravatebis,egredere,
2553 5065 2608 5115 et
2621 5060 2727 5128 fac
2754 5057 3118 5131 sit.Spiritus
3138 5071 3384 5131 quoque
3405 5058 3512 5131 qui

89 5157 234 5200 mors
272 5147 489 5213 (Eccti.
508 5164 589 5211 χι,
618 5149 726 5220 14).
760 5148 1072 5205 Beatitudo
1097 5163 1222 5204 non
1243 5153 1332 5204 est
1358 5163 1542 5204 causa
1570 5149 1741 5204 misea

87 5231 197 5301 riae,
224 5237 368 5307 quia
397 5239 554 5294 Deus
585 5253 709 5294 non
757 5242 850 5295 est
887 5255 1072 5295 causa
1118 5239 1481 5310 cujusquam
1510 5239 1740 5309 peccati

89 5333 153 5378 ac
181 5340 372 5396 poma:
389 5346 402 5396 ;
418 5336 509 5384 est
524 5333 730 5384 tamen
746 5329 1022 5400 irrigator
1048 5334 1226 5402 atque
1244 5328 1442 5384 illator
1456 5328 1735 5395 miseriae,

90 5415 290 5470 mortis
313 5421 370 5474 et
399 5434 618 5490 pinnae:
639 5434 773 5492 quas
802 5435 939 5476 cum
971 5436 1006 5475 a
1027 5423 1177 5487 Deo;
1202 5419 1552 5475 auctoritate
1585 5420 1738 5475 sacri

91 5499 320 5576 eloquii,
336 5507 430 5564 vel
445 5509 896 5581 praesentialiter
915 5509 1007 5564 vel
1035 5509 1429 5582 postmodum
1449 5508 1736 5564 teternali-

92 5592 172 5645 ter
191 5595 411 5652 meritis
436 5599 598 5670 juste
620 5599 1330 5672 rependantur,prasscita
1345 5603 1402 5654 et
1427 5598 1734 5671 praedesti-

91 5686 226 5736 nata
255 5685 329 5741 ab
357 5688 488 5760 ipso
513 5689 843 5746 rectissime
868 5695 1336 5763 censentur,quo
1362 5688 1563 5762 judice
1591 5687 1736 5744 infe-

91 5775 312 5831 runtur.
338 5778 466 5844 Qua
493 5793 638 5837 vero
664 5779 1043 5854 impudentia
1069 5785 1370 5851 negantur
1389 5784 1736 5853 peccatores

1848 5148 2189 5205 suffocabat
2217 5148 2460 5218 Sau1,de
2479 5164 2604 5222 quo
2630 5147 2910 5204 dixerunt
2931 5147 3010 5204 ad
3033 5160 3173 5203 eum
3196 5148 3366 5220 pueri
3394 5148 3507 5202 sui:

1846 5240 2002 5295 Ecce
2019 5241 2268 5308 spiritus
2289 5241 2400 5296 Dei
2419 5241 2617 5295 matus
2640 5245 2694 5295 te
2707 5238 3115 5308 obstupescere
3132 5240 3281 5309 facit
3299 5239 3352 5310 (Ῑ
3365 5239 3508 5307 Reg.

1845 5345 1964 5396 xvi,
2018 5328 2103 5400 14,
2141 5331 2245 5401 15),
2278 5329 2352 5384 de
2390 5329 2646 5385 sinistris
2694 5328 2970 5401 partibus
3020 5331 3147 5382 erat
3193 5327 3299 5399 qui
3345 5325 3512 5381 missi

1845 5425 2015 5474 erant
2043 5435 2078 5474 a
2097 5419 2351 5474 Domino
2369 5418 2971 5491 [at.,quiministrant
2996 5415 3271 5486 Domine]
3302 5413 3381 5469 ad
3406 5429 3515 5487 pus

1845 5509 2100 5565 niendos
2113 5525 2217 5564 eos
2231 5509 2334 5580 qui
2350 5508 2602 5564 cruciari
2615 5507 2963 5564 meruerunt
2980 5509 3227 5578 propter
3239 5509 3511 5577 peccata.

1845 5602 1973 5656 Non
2005 5597 2201 5653 solum
2231 5598 2394 5653 enim
2433 5599 2710 5654 homines
2740 5595 2994 5653 ministri
3027 5599 3168 5650 sunt
3206 5599 3262 5650 et
3291 5592 3513 5650 ultores

1843 5702 1945 5760 irae
1987 5687 2118 5758 eius
2161 5686 2222 5741 in
2255 5685 2349 5741 his
2371 5687 2475 5759 qui
2497 5687 2730 5742 malum
2761 5688 3108 5758 operantur,
3139 5687 3197 5740 et
3224 5693 3349 5740 non
3385 5681 3513 5740 sine

1847 5793 2036 5838 causa
2050 5775 2713 5851 portantghdiummed
2738 5775 2921 5833 etiam
2951 5773 3267 5832 contraria
3286 5772 3514 5834 fortitu-
