3936 6436
367 382 505 438 1215

1469 381 1529 438 S.
1555 378 1927 437 PRUDENTII
1948 377 2331 438 TBECENSIS
2370 379 2688 439 EPISCOPI

3652 369 3797 427 1216

367 507 560 575 dines,
589 523 722 580 quae
745 506 1125 581 appellantur
1149 506 1316 562 furor
1341 510 1396 562 et
1424 505 1511 562 ira
1538 506 1658 576 Dei,
1691 520 1845 578 quos
1880 508 2018 562 Pro-
2049 507 2097 563 Α
2137 521 2172 562 a
2196 505 2465 563 Patribus
2489 509 2646 562 recte
2673 502 3036 560 intellectum
3065 503 3246 574 atque
3277 500 3596 557 tractatum
3621 500 3800 554 tuam

367 596 554 670 pheta
578 596 886 653 declinans
913 596 1024 652 ait:
1058 597 1327 665 Domine,
1359 612 1432 653 ne
1461 597 1522 653 in
1556 600 1770 668 furore
1791 602 1891 653 tuo
1920 612 2024 653 ar-

369 704 521 758 guas
535 703 644 752 me,
684 702 874 759 neque
897 687 960 742 in
972 687 1068 742 ira
1091 691 1193 742 tua
1209 688 1504 757 corripias
1524 703 1618 745 me
1637 688 1826 760 (Psal.
1848 703 1929 756 v1,
1950 686 2020 758 I).

371 775 734 842 Istiusmodi,
768 779 833 830 ut
850 775 930 830 ita
945 774 1169 838 dicam,
1201 776 1641 848 quaestionariis
1655 781 1835 850 atque
1847 779 2025 832 torto-

370 865 538 920 ribus
571 862 811 920 tradidit
839 863 1162 935 Apostolus
1182 868 1561 936 peccatorem
1602 867 1666 921 in
1715 866 2025 922 interitum

370 953 664 1020 carnis,ut
686 951 938 1020 spiritus
961 953 1167 1008 salvus
1197 954 1364 1021 fieret
1389 955 1437 1025 (1
1468 953 1604 1010 Cor.
1624 971 1679 1025 v,
1707 953 1780 1024 5):
1805 951 2027 1024 dequi-

367 1039 484 1095 bus
504 1043 563 1094 et
603 1040 861 1096 Satanas
894 1043 1004 1103 est,
1028 1039 1127 1095 cui
1153 1040 1400 1097 tradidit
1423 1040 1598 1111 alios,
1621 1048 1689 1098 ut
1730 1042 2029 1098 discerent

366 1143 489 1183 non
519 1127 936 1196 blasphemare
967 1129 1011 1195 (Ι
1044 1130 1191 1186 Tim.
1215 1134 1380 1197 1,20).
1416 1133 1551 1186 Haec
1583 1130 1658 1187 de
1687 1145 1889 1197 eruca,
1923 1145 2031 1186 cur

369 1215 471 1271 Dei
503 1215 808 1288 appellata
839 1216 916 1274 sit
944 1217 1170 1290 virtus].
1196 1217 1232 1284 ’ἰ-
1252 1218 1475 1274 Deinde
1504 1217 1719 1275 infers:

951 1322 1206 1364 JOANNES
1246 1324 1448 1364 SCOTUS

441 1391 610 1466 (Cap.
645 1397 730 1465 l5,
758 1408 928 1449 num.
963 1398 1051 1461 t2,
1085 1399 1224 1452 sect.
1258 1396 1334 1468 9).
1367 1400 1406 1449 Θ
1432 1397 1776 1467 Peccatum,
1816 1396 1884 1450 ni
1905 1395 2031 1465 fal-

373 1482 486 1549 lor,
519 1489 574 1537 et
600 1489 870 1552 peccata,
904 1489 960 1539 et
985 1499 1214 1554 paenae,
1248 1500 1355 1542 nec
1401 1501 1438 1542 a
1469 1487 1589 1542 Deo
1635 1486 1788 1555 ﬁeri,
1820 1500 1928 1541 nec
1953 1485 2030 1541 ab

370 1584 436 1626 eo
456 1573 754 1639 praesciri,
796 1573 890 1629 vel
922 1575 1377 1643 prazdestinari:
1430 1575 1652 1633 Delicta
1707 1575 1869 1631 enim
1894 1574 2032 1647 quis

369 1657 690 1732 intelligit?
718 1661 910 1733 (Psal.
932 1680 1100 1733 XVIII,
1137 1664 1221 1736 l3)
1247 1682 1260 1720 :

1053 1769 1354 1809 CORRECTIO

2134 595 2490 668 pravitatem
2515 593 2786 651 funditus
2807 591 3035 648 evertit.

2206 684 2605 758 Hieronymus
2631 683 2692 740 in
2731 681 2994 754 Epistola
3023 680 3102 737 ad
3123 678 3411 754 Ephesios
3431 677 3589 750 (cap.
3623 695 3692 744 ιι,
3725 681 3796 745 I):

2137 772 2462 848 [Manifeste
2487 777 2691 831 autem
2718 787 2883 828 mors
2909 770 3131 827 animas
3176 769 3392 826 dicitur
3418 783 3551 824 esse
3578 782 3800 840 pecca-

2139 867 2286 928 tum,
2321 863 2384 919 in
2411 879 2482 920 eo
2509 861 2674 936 quod
2705 860 2816 916 ait:
2842 860 2922 916 Et
2947 874 3048 917 vos
3069 874 3204 916 cum
3234 858 3431 915 essetis
3451 856 3682 913 mortui
3706 855 3804 911 de-

2139 952 2298 1008 lictis
2327 958 2380 1008 ct
2399 951 2666 1022 peccatis
2695 949 2928 1018 vestris,
2954 947 3128 1019 juxta
3157 946 3305 1003 illud
3334 961 3578 1019 quoque
3625 942 3802 1017 quod

2138 1038 2201 1096 in
2232 1039 2497 1096 Ezechiel
2527 1037 2819 1110 scriptum
2848 1039 2936 1092 est
2957 1053 2970 1092 :
2994 1035 3218 1092 Anima
3247 1049 3378 1105 qua
3427 1039 3800 1104 peccaverit,

2138 1129 2270 1198 ipsa
2299 1129 2593 1185 morietur
2622 1124 2859 1196 (Ezech.
2910 1141 3082 1193 xvm,
3112 1123 3223 1196 20).
3260 1126 3328 1179 Et
3372 1121 3519 1195 quia
3571 1121 3804 1178 delicta

2137 1233 2276 1290 quae
2310 1220 2506 1275 Graece
2536 1235 2941 1290 παραπτωματα
2968 1215 3419 1286 nuncupantur,
3437 1211 3612 1283 juxta
3639 1210 3804 1282 ejus-

2137 1307 2276 1363 dem
2331 1306 2554 1376 linguaa
2605 1303 3035 1378 etymologiam
3111 1300 3353 1375 proprie
3405 1299 3664 1356 verbum
3716 1303 3807 1355 est

2138 1395 2579 1468 Scripturarum
2643 1394 2800 1463 (licet
2873 1392 3089 1449 delicta
3156 1388 3506 1464 πλημμελειαι
3578 1387 3805 1444 rectius

2141 1485 2622 1556 transferantur),
2654 1498 3002 1558 quaeramus
3027 1480 3178 1554 quid
3211 1478 3571 1551 significent,
3598 1493 3802 1551 quove

2140 1574 2363 1630 distent
2388 1590 2424 1629 a
2449 1572 2732 1646 peccatis,
2768 1571 2830 1627 id
2849 1575 2943 1626 est
2982 1569 3132 1643 quid
3161 1568 3394 1625 intersit
3416 1567 3568 1623 inter
3590 1586 3804 1640 παραπ-

2141 1669 2360 1737 τώματα
2386 1669 2443 1719 et
2463 1663 2743 1737 ἁμαρτὶας.
2777 1660 2965 1716 Aiunt
2988 1658 3148 1715 enim
3179 1657 3347 1732 quod
3373 1662 3800 1732 παραπτώματα,

2142 1753 2319 1826 quasi
2347 1752 2517 1808 initia
2545 1754 2934 1825 peccatorum
2975 1748 3112 1817 sint,
3143 1763 3283 1804 cum
3311 1745 3590 1816 cogitatio
3620 1745 3804 1802 tacita

447 1840 489 1909 -ι-
514 1841 682 1912 Saepe
704 1841 969 1897 diximus
999 1846 1248 1915 peccata
1293 1859 1329 1898 a
1361 1846 1478 1899 Deo
1507 1842 1850 1899 nullatenus
1881 1841 2030 1910 ﬁeri,
2063 1858 2104 1913 Β
2143 1841 2435 1916 subrepit,
2476 1845 2533 1897 et
2560 1840 2765 1912 aliqua
2819 1855 2893 1894 ex
2920 1842 3089 1912 parte
3141 1833 3637 1893 convenientibus
3667 1835 3802 1906 [al.,

372 1931 641 2001 praesciri
687 1937 889 1988 autem
946 1933 1298 1988 auctoritate
1344 1933 1759 2006 probavimus,
1800 1933 2033 1989 dicente

370 2017 551 2074 beato
590 2021 733 2077 Job:
770 2025 895 2091 Ipse
939 2026 1105 2078 novit
1150 2029 1204 2079 et
1233 2024 1646 2093 decipientem,
1680 2029 1737 2080 et
1767 2039 1900 2080 eum
1931 2025 2036 2095 qui

371 2108 693 2178 decipitur,
721 2111 971 2167 adducit
1001 2113 1378 2168 consiliarios
1403 2114 1466 2168 in
1504 2114 1756 2168 stultum
1784 2114 1963 2182 ﬁnem
1977 2117 2033 2169 et

361 2197 599 2266 judires
626 2200 686 2254 in
717 2201 1284 2271 stuporem(Jobxn,
1312 2201 1758 2274 l6).Gregorius
1791 2201 2030 2273 (Morel.

369 2288 435 2342 in
464 2287 598 2354 Job,
625 2287 728 2344 lib.
756 2305 839 2360 ιιι,
865 2305 1001 2362 cap.
1031 2291 1307 2362 7):[Cum
1336 2292 1536 2347 omnis
1554 2291 1658 2364 qui
1687 2291 2033 2363 proximum

373 2391 554 2430 suum
584 2375 860 2450 decipere
899 2383 1152 2435 conatur
1181 2379 1426 2453 iniquus
1448 2380 1540 2446 sit,
1561 2385 1616 2436 et
1643 2381 1865 2453 iniquis
1884 2379 2036 2435 Veri-

373 2467 466 2519 tas
495 2463 690 2520 dicat:
739 2468 1071 2539 Nunquam
1099 2470 1239 2526 novi
1266 2485 1388 2538 vos,
1421 2470 1706 2526 discedite
1734 2484 1771 2526 a
1799 2484 1891 2525 me
1918 2474 2040 2524 om-‘

372 2567 478 2608 nes
505 2555 613 2622 qui
639 2557 975 2624 operamini
992 2558 1370 2628 iniquitatem
1395 2557 1744 2625 (Matt/Lvn,
1768 2561 2037 2630 23),qua-

373 2640 506 2696 liter
534 2642 648 2698 hoc
679 2644 742 2698 in
774 2643 904 2700 loco
919 2645 1134 2702 dicitur
1153 2646 1299 2719 quia
1322 2647 1612 2702 Dominus
1635 2646 2033 2719 decipientem

373 2730 573 2786 novit?
587 2732 702 2788 Sed
732 2734 877 2806 quia
909 2734 1062 2791 scire
1090 2736 1190 2791 Dei
1221 2735 1550 2807 aliquando
1563 2751 1929 2806 cognoscere
1949 2737 2036 2792 di-

376 2817 548 2885 citur,
567 2819 897 2892 aliquando
929 2823 1291 2895 approbare,
1325 2829 1383 2879 et
1411 2823 1520 2880 scit
1565 2824 1844 2897 iniquum
1889 2825 2035 2897 quia

377 2909 801 2975 cognoscendo
817 2910 1337 2985 dijudicat(neque
1357 2913 1519 2968 enim
1537 2912 1813 2986 iniquum
1827 2930 2037 2986 quem-

373 2994 540 3068 piam
583 2997 936 3072 judicasset,
988 3001 1037 3056 si
1091 3017 1484 3074 nequaquam
1524 3003 1952 3075 cognosceret),
1979 3007 2036 3060 et

373 3087 578 3141 tamen
605 3085 882 3159 iniquum
903 3089 1116 3159 nescit,
1138 3091 1283 3163 quia
1311 3092 1442 3162 ejus
1471 3091 1630 3148 facta
1659 3107 1784 3148 non
1815 3108 2034 3166 appro-

371 3171 498 3270 bat.
532 3176 596 3270 lit
624 3175 786 3270 novit
810 3192 952 3246 ergo
979 3178 1124 3270 quia
1146 3179 1574 3270 deprehendit;
1611 3185 1667 3236 et
1690 3195 1812 3236 non
1845 3181 2030 3250 novit,
2061 3213 2102 3270 ο

372 3263 518 3335 quia
537 3264 698 3321 hunc
730 3267 790 3322 in
823 3284 946 3323 suae
978 3268 1284 3342 sapientiae
1324 3270 1522 3342 specie
1577 3285 1701 3326 non
1744 3286 2034 3340 recogno-

373 3350 482 3407 scit
508 3368 521 3406 :
545 3352 695 3410 sicut
725 3354 800 3410 de
825 3357 1020 3412 veraci
1039 3356 1309 3429 quolibet
1331 3357 1453 3413 viro
1474 3358 1690 3414 dicitur
1709 3359 1852 3431 quia
1872 3359 2034 3414 falsi-

373 3443 556 3497 tatem
585 3445 833 3512 nesciat,
878 3461 1002 3501 non
1032 3447 1177 3519 quia
1205 3463 1345 3502 cum
1377 3446 1467 3503 vel
1495 3446 1574 3502 ab
1633 3448 1765 3503 aliis
1809 3447 2034 3504 falsum

373 3527 611 3600 dicitur,
658 3532 774 3587 hoc
824 3534 1262 3606 reprehendere
1301 3534 1560 3606 ignorat,
1599 3537 1705 3592 sed
1753 3537 2034 3593 eamdem

372 3616 570 3688 ipsam
596 3619 896 3677 fallaciam
927 3627 984 3678 et
1041 3623 1150 3678 scit
1195 3622 1259 3678 in
1309 3625 1605 3693 examine,
1661 3629 1720 3681 et
1760 3626 1949 3682 nescit
1971 3625 2033 3682 in

374 3721 601 3774 amore,
634 3711 701 3764 ut
729 3708 1002 3766 videlicet
1036 3710 1165 3783 ipse
1195 3712 1353 3767 hanc
1399 3729 1521 3768 non
1552 3718 1694 3783 agat
1717 3730 1904 3786 quam
1931 3731 2031 3771 ac-

373 3798 496 3852 tam
529 3796 608 3853 ab
637 3797 767 3853 aliis
789 3797 1061 3855 damnat.
1097 3803 1161 3856 Et
1188 3800 1253 3857 tit
1280 3800 1636 3874 plerumque
1666 3808 1733 3858 ut
1757 3804 2033 3860 nonnulli

371 3884 604 3942 insidiis
633 3892 917 3944 vacantes
947 3887 1157 3945 alienae
1183 3890 1319 3946 vitae
1369 3891 1770 3963 perversitatis
1804 3907 1926 3948 suae
1948 3892 2032 3950 la-

371 3991 561 4048 queos
591 3977 875 4047 tendant;
908 3984 965 4034 et
988 3995 1126 4035 cum
1159 3980 1296 4052 quis
1334 3980 1609 4037 nesciens
1663 3981 1889 4038 eisdem
1942 3982 2030 4038 la-

371 4064 543 4136 queis
567 4066 703 4138 eapi
718 4067 1311 4141 conspicitur,utrum
1331 4070 1460 4126 haec
1481 4069 1765 4127 divinitus
1785 4071 2034 4129 videan-

371 4158 467 4209 tur
497 4154 748 4211 fortasse
774 4157 1160 4225 dubitantur;
1213 4159 1627 4232 miranturque
1656 4159 1934 4216 homines
1983 4161 2033 4217 si

371 4242 486 4298 hoc
513 4243 641 4313 [al.,
673 4245 825 4315 hinc]
850 4247 1002 4300 Deus
1022 4247 1243 4319 videat,
1277 4263 1383 4303 cur
1411 4249 1539 4304 ﬁeri
1570 4251 1873 4322 permittat
1895 4251 2034 4320 ;sed

371 4329 498 4397 ipse
517 4331 680 4386 novit
701 4331 1085 4400 decipientem
1111 4339 1163 4390 et
1194 4350 1325 4390 eum
1374 4337 1480 4406 qui
1507 4337 1826 4407 decipitur.
1850 4339 2034 4395 Novit

372 4417 596 4474 etenim
617 4418 1174 4493 decipientem,quia
1198 4423 1554 4496 plerumque
1584 4427 1883 4483 anteriora
1900 4429 2032 4499 ejus

371 4506 535 4564 mala
561 4508 868 4581 conspicit,
902 4514 959 4566 et
985 4511 1148 4566 hunc
1168 4512 1332 4583 justo
1349 4514 1580 4584 judicio
1608 4515 1823 4572 cadere
1850 4517 2033 4574 etiam

2143 1929 2629 1992 conniventibus]
2653 1927 2848 1995 nobis,
2875 1927 3136 1982 necdum
3158 1929 3368 1982 tamen
3398 1939 3510 1980 nos
3562 1923 3806 1997 impulit

2143 2020 2223 2077 ad
2248 2019 2509 2076 ruinam.
2537 2017 2702 2074 Unde
2734 2021 2791 2073 et
2809 2016 2871 2072 in
2890 2020 3102 2072 octavo
3123 2014 3361 2071 decimo
3399 2012 3639 2087 psalmo
3664 2012 3803 2068 scri-

2141 2109 2320 2166 bitur:
2345 2108 2580 2164 Delicta
2609 2107 2747 2178 (hoc
2769 2109 2857 2162 est
2881 2102 3301 2180 παραπτώματαὶ
3325 2103 3455 2174 quis
3485 2102 3804 2173 intelligit?

2141 2199 2287 2271 quia
2336 2197 2559 2254 scilicet
2591 2194 2831 2251 difﬁcile
2897 2193 2949 2250 si
3004 2193 3238 2250 radices
3295 2195 3353 2249 et
3416 2191 3585 2248 initia
3637 2190 3807 2247 intel-

2140 2287 2324 2358 ligere
2382 2288 2794 2360 peccatorum.
2848 2286 3169 2339 Peccatum
3232 2297 3376 2338 vero
3441 2296 3596 2352 esse,
3663 2296 3808 2336 eum

2143 2376 2292 2450 quid
2377 2390 2556 2449 opere
2655 2376 3144 2431 consummatum
3219 2369 3488 2445 pervenit
3576 2369 3658 2426 ad
3741 2369 3808 2425 ﬁ-

2141 2465 2328 2540 nem].

2213 2555 2249 2622 ’ἰ-
2279 2553 2598 2624 Gregorius
2651 2549 2972 2608 Moralium
3011 2548 3114 2606 lib.
3153 2565 3215 2605 xx
3261 2549 3420 2622 (cap.
3451 2547 3571 2619 21):
3623 2547 3808 2618 [Inter

2143 2645 2371 2702 scelera
2400 2648 2456 2700 et
2484 2642 2700 2700 delicta
2743 2642 2861 2698 hoc
2910 2640 3111 2708 distat,
3157 2637 3324 2712 quod
3376 2637 3570 2695 scelus
3621 2637 3808 2694 etiam

2140 2735 2382 2810 pondus
2412 2732 2642 2806 peccati
2674 2735 2906 2795 transnt,
2939 2729 3225 2786 delictum
3262 2743 3400 2784 vero
3420 2727 3653 2801 peccati
3683 2742 3809 2783 non

2142 2819 2374 2884 transit,
2399 2819 2546 2892 quia
2571 2823 2788 2875 etcum
2819 2817 3020 2874 offerri
3056 2815 3418 2874 sacriﬁcium
3449 2831 3558 2889 per
3603 2815 3806 2886 legem

2137 2908 2402 2981 jubetur,
2431 2908 2715 2964 nimirum
2737 2908 3082 2981 praecipitur
3105 2907 3258 2962 sicut
3275 2921 3386 2979 pro
3417 2908 3693 2980 peccato,
3724 2906 3805 2962 ita

2143 2999 2321 3056 etiam
2349 3015 2460 3073 pro
2480 2997 2716 3055 delicto.
2746 3001 2812 3054 Et
2839 3013 3283 3072 nonnunquam
3305 2996 3500 3053 scelus
3526 2995 3590 3052 in
3617 3012 3804 3070 opere

2144 3093 2252 3160 est,
2285 3088 2571 3145 delictum
2597 3103 2742 3144 vero
2771 3087 3130 3161 plerumque
3160 3086 3223 3143 in
3258 3085 3389 3143 sola
3418 3085 3804 3156 cogitatione.

2147 3179 2311 3234 Unde
2333 3183 2391 3235 et
2417 3195 2524 3252 per
2553 3178 2939 3234 Psalmistam
2970 3176 3222 3233 dicitur:
3256 3177 3490 3234 Dilecta
3531 3176 3668 3249 quis
3719 3179 3806 3231 in-

2147 3269 2366 3338 telligit
2399 3267 2590 3334 (Psul.
2631 3267 2764 3339 I8)?
2796 3266 2947 3332 Quia
2991 3265 3267 3322 videlicet
3315 3268 3566 3338 peccata
3605 3265 3806 3337 operis

2145 3361 2311 3414 tanto
2333 3356 2506 3413 citius
2535 3361 3011 3426 cognoscuntur,
3041 3359 3270 3428 quanto
3313 3353 3576 3412 exterius
3597 3354 3807 3411 viden-

2144 3451 2258 3503 tur:
2291 3451 2538 3519 peccata
2566 3462 2710 3504 vero
2733 3446 3115 3517 cogitationis
3136 3462 3208 3503 eo
3239 3445 3319 3502 ad
3344 3444 3806 3516 intelligendum

2142 3536 2408 3593 difﬁcilia
2436 3541 2595 3604 sunt,
2627 3553 2751 3610 quo
2782 3536 3161 3593 invisibiliter
3180 3535 3650 3610 perpetrantur.]

2211 3628 2254 3697 -l-
2276 3625 2665 3684 Cassiodorus
2685 3626 2743 3681 in
2771 3625 3009 3699 psalmo
3051 3625 3287 3682 decimo
3316 3628 3529 3682 octavo
3561 3625 3639 3696 (v.
3677 3625 3762 3695 15)
3792 3643 3805 3680 :

2141 3715 2316 3788 [Illud
2350 3720 2552 3772 tamen
2572 3715 2868 3772 debemus
2910 3715 3244 3782 advertere,
3289 3714 3586 3788 quoniam
3614 3713 3807 3770 multa

2139 3809 2388 3878 peccata
2417 3810 2557 3861 sunt
2579 3821 2716 3878 quae
2737 3805 3110 3862 omnimodis
3139 3805 3517 3875 ignoramus,
3540 3819 3807 3877 quorum

2138 3911 2249 3952 nec
2275 3895 2536 3965 origines
2594 3911 2921 3967 possumus
2951 3911 3060 3952 nec
3110 3894 3531 3968 subreptiones
3582 3909 3806 3964 agnos-

2140 4000 2292 4041 cere.
2322 3985 2488 4040 Unde
2513 3984 3006 4041 subaudiendum
3026 3985 3366 4054 estdelicta,
3385 3982 3616 4049 omnia,
3638 3985 3807 4039 intel-

2143 4075 2346 4144 ligit.N
2354 4089 2454 4129 am
2475 4090 2614 4129 cum
2631 4073 2900 4130 dicturus
2917 4073 2991 4130 sit
3017 4073 3080 4130 in
3107 4073 3619 4146 quinquagesimo
3638 4073 3801 4143 (v.5):

2143 4163 2440 4220 Delictum
2483 4178 2679 4219 meum
2729 4179 2932 4220 coram
2961 4178 3056 4220 me
3083 4168 3167 4219 est
3213 4174 3486 4232 semper;
3516 4165 3577 4217 et
3622 4160 3801 4218 alibi:

2141 4253 2442 4308 Delictum
2473 4267 2665 4309 meum
2698 4253 2999 4323 cognitum
3029 4253 3142 4308 tibi
3164 4253 3289 4323 feci
3311 4251 3503 4321 (Psal,
3534 4267 3703 4314 xxxn,
3729 4250 3802 4314 ὅ),

2143 4341 2454 4413 quomodo
2483 4357 2609 4397 non
2635 4346 2834 4413 potest
2871 4341 3138 4413 intelligi,
3172 4341 3336 4415 quod
3362 4355 3627 4412 peccans
3648 4339 3807 4409 cogi-

2144 4438 2240 4486 tur
2271 4430 2585 4487 conﬁteri?
2627 4431 2741 4487 Sed
2773 4431 2823 4488 si
2872 4431 3186 4503 adjeceris,
3215 4429 3442 4499 omnia,
3483 4434 3628 4487 tunc
3677 4429 3805 4486 haec

2142 4519 2394 4592 quaestio
2420 4519 2714 4592 probatur
2741 4520 3028 4592 exclusa.]

372 4596 434 4652 in
461 4596 578 4653 alia
607 4579 859 4670 peccata
883 4579 1187 4672 permittit:
1219 4579 1400 4658 Novit
1451 4603 1859 4673 decipientem,
1891 4607 2035 4677 quia
2067 4579 2110 4633 Β
2160 4579 2182 4592 ⁵
2213 4609 2248 4675 Ἰ·
2279 4579 2650 4679 Augustinus
2674 4609 2735 4665 in
2764 4579 3207 4676 Quaestidnibus
3243 4608 3479 4666 Levitici
3534 4608 3659 4680 (qu.
3693 4609 3802 4678 20):

368 4685 432 4743 in
461 4702 652 4744 manu
682 4704 931 4745 suorum
981 4705 1236 4762 operum
1267 4691 1587 4748 dimissum
1619 4693 1780 4750 hunc
1837 4702 1905 4750 ut
1955 4695 2034 4752 ad

367 4777 577 4849 pejora
593 4783 841 4850 proruat
871 4778 1108 4847 deserit,
1145 4780 1297 4836 sicut
1322 4781 1612 4854 scriptum
1645 4788 1768 4839 est:
1797 4784 2032 4852 Quina-

368 4873 475 4936 cst,
516 4873 727 4924 noceat
759 4868 960 4925 adhuc
983 4885 1006 4940 ,ο
1034 4875 1089 4926 et
1143 4872 1249 4942 qui
1275 4875 1339 4926 in
1367 4872 1642 4928 sordibus
1670 4879 1773 4941 est,
1805 4875 2033 4932 sordes-

367 4962 453 5012 cet
495 4957 697 5012 adhuc
724 4957 933 5027 (Apoc.
968 4975 1115 5026 xxii,
1155 4959 1260 5030 ll).
1316 4961 1494 5017 Novit
1535 4977 1780 5034 quoque
1810 4969 1867 5019 et
1896 4979 2027 5020 eum

369 5045 474 5113 qui
501 5045 825 5114 decipitur,
855 5048 1002 5119 quia
1019 5065 1182 5121 saepe
1209 5050 1883 5108 committunthomines
1905 5070 2032 5110 ma-

366 5129 426 5186 la
453 5146 590 5202 quae
620 5133 847 5201 sciunt;
898 5140 955 5191 et
996 5136 1220 5193 idcirco
1267 5139 1691 5210 permittuntur
1718 5142 1937 5215 decipi,
1964 5147 2030 5200 ut

367 5219 592 5276 cadant
618 5221 800 5277 etiam
822 5222 883 5278 in
923 5224 1083 5280 mala
1115 5242 1250 5298 quae
1278 5228 1574 5284 nesciunt.
1625 5231 1798 5295 Quod
1824 5236 2028 5288 tamen

365 5308 631 5381 deceptis
659 5309 993 5382 aliquando
1024 5315 1102 5369 ad
1132 5317 1912 5392 purgationem,aliquando
1926 5337 2028 5378 ve-

364 5414 432 5456 ro
462 5398 542 5456 ad
568 5398 812 5456 ultionis
840 5401 1074 5459 initium
1102 5403 1229 5460 ﬁeri
1255 5405 1444 5477 solet.)
1467 5407 1502 5472 τι
1527 5413 1858 5481 Astpmnas
1888 5427 2028 5467 eum

364 5489 680 5560 praescisse
711 5495 770 5546 et
794 5492 1280 5565 praedestinasse,
1313 5496 1605 5567 quoniam
1628 5499 1708 5554 ad
1726 5499 2027 5570 judicium

359 5577 606 5646 justitiae
629 5578 788 5634 illius
814 5580 1092 5652 pertinet,
1128 5587 1186 5638 et
1217 5584 1540 5640 auctoritas
1588 5591 1645 5643 et
1693 5588 1849 5644 ratio
1888 5605 2026 5644 con-

364 5664 570 5720 vincit.

398 5833 408 5843 ι
440 5751 876 5812 Testimonium
903 5775 1046 5816 sane
1076 5760 1495 5833 propheticum
1515 5764 1682 5836 quod
1721 5765 2031 5823 adhibuis-

371 5836 414 5887 ti
437 5848 689 5904 prorsus
708 5843 788 5901 ad
806 5858 937 5901 rem
963 5847 1038 5902 de
1066 5863 1191 5919 qua
1211 5847 1408 5916 agitur
1428 5864 1551 5910 non
1580 5852 2027 5926 pertinet,quod

2141 4697 2293 4763 Quid
2318 4702 2408 4754 est
2435 4698 2602 4770 quod
2633 4699 2707 4754 de
2733 4699 2914 4755 ariete
2943 4715 3054 4772 pro
3085 4698 3304 4755 delicto
3343 4714 3484 4754 cum
3527 4697 3801 4759 dixisset,

2137 4787 2457 4860 legemque
2471 4787 2749 4844 sacriﬁcii
2767 4789 3164 4861 exposuisset,
3185 4789 3268 4844 ait
3290 4805 3303 4844 :
3330 4787 3632 4856 Quomodo
3647 4785 3804 4858 quod

2139 4882 2223 4934 est
2252 4893 2364 4947 pro
2407 4884 2679 4948 peccato,
2711 4880 2798 4935 ita
2829 4885 2883 4934 et
2924 4879 2988 4934 id
3032 4879 3194 4950 quod
3223 4894 3340 4948 pro
3388 4878 3652 4944 delicto;
3707 4878 3805 4932 lea:

2138 4983 2262 5023 una
2283 4973 2368 5023 est
2394 4983 2601 5023 eorum
2628 4967 3282 5038 (Lev.vn,7).Quaeritur
3309 4967 3462 5023 inter
3483 4970 3803 5040 peccatum

2137 5062 2194 5113 et
2222 5056 2509 5113 delictum
2538 5073 2676 5128 quae
2697 5057 2772 5115 sit
2800 5058 3138 5114 differentia
3163 5075 3176 5126 ;
3205 5056 3499 5131 quoniam
3551 5055 3602 5111 si
3634 5054 3800 5111 nulla

2137 5150 2331 5214 esset;
2367 5145 2533 5202 nullo
2565 5146 2750 5203 modo
2790 5147 3128 5204 diceretur:
3162 5147 3462 5214 Quomodo
3516 5145 3680 5218 quod
3721 5150 3803 5200 est

2129 5252 2246 5306 pro
2267 5241 2538 5306 peccato,
2559 5237 2646 5293 ita
2676 5242 2729 5292 et
2761 5237 2921 5309 quod
2931 5252 3044 5306 pro
3069 5237 3306 5299 delicto,
3339 5233 3629 5301 Quamvis
3645 5234 3804 5290 enim

2135 5325 2228 5381 lex
2256 5325 2508 5398 ejusque
2537 5325 2898 5381 sacrificium
2927 5325 3077 5382 nihil
3106 5324 3302 5394 distet,
3334 5323 3480 5397 quia
3535 5325 3636 5380 lex
3682 5338 3805 5378 una

2138 5421 2496 5484 esteorum;
2529 5420 2736 5472 tamen
2781 5416 2936 5489 ipsa,
2984 5416 3108 5472 duo
3167 5431 3430 5488 quorum
3484 5430 3679 5470 unum
3717 5418 3806 5468 est

2139 5504 2499 5560 sacrificium
2530 5505 2592 5560 id
2643 5510 2734 5560 est
2758 5510 3075 5577 peccatum
3106 5509 3164 5561 et
3215 5503 3524 5574 delictum,
3557 5503 3606 5558 si
3655 5503 3804 5558 inter

2138 5610 2201 5648 se
2234 5593 2384 5649 nihil
2412 5593 2739 5662 differrent,
2773 5595 2880 5650 etsi
2911 5595 3091 5650 unius
3122 5593 3206 5650 rei
3237 5593 3360 5649 duo
3411 5593 3668 5649 nomina
3709 5607 3799 5646 es-

2138 5687 2288 5752 sent,
2321 5697 2445 5739 non
2476 5687 2710 5740 curaret
2760 5683 3065 5756 Scriptura
3108 5688 3232 5741 tam
3289 5683 3607 5751 diligenter
3638 5697 3804 5738 com-

2138 5771 2426 5828 mendare
2456 5789 2649 5830 unum
2687 5789 2822 5830 esse
2861 5774 3170 5847 utriusque
3228 5772 3612 5830 sacrificium.
3660 5774 3798 5828 For-

2137 5860 2318 5919 tassis
2343 5875 2486 5932 ergo
2515 5866 2832 5935 peccatum
2851 5867 2941 5922 est
2954 5864 3316 5937 perpetratio
3330 5861 3497 5930 mali,
3520 5861 3804 5920 delictum
