  <div class='ocr_page' id='page_1' title='image "/cluster/home/n/w/nwhite01/storage/ocr_20150623/115-116/uc1.31175006916467/616.png"; bbox 0 0 3936 6388; ppageno 0'>
   <div class='ocr_carea' id='block_1_1' title="bbox 107 285 234 342">
    <p class='ocr_par' dir='ltr' id='par_1_1' title="bbox 107 285 234 342">
     <span class='ocr_line' id='line_1_1' title="bbox 107 285 234 342; baseline 0 0"><span class='ocrx_word' id='word_1_1' title='bbox 107 285 234 342; x_wconf 81' lang='grc'><strong>1217</strong></span> 
     </span>
    </p>
   </div>
   <div class='ocr_carea' id='block_1_2' title="bbox 1017 277 2570 345">
    <p class='ocr_par' dir='ltr' id='par_1_2' title="bbox 1017 277 2570 345">
     <span class='ocr_line' id='line_1_2' title="bbox 1017 277 2570 345; baseline 0.003 -6"><span class='ocrx_word' id='word_1_2' title='bbox 1017 287 1107 342; x_wconf 86' lang='lat' dir='ltr'><strong>DE</strong></span> <span class='ocrx_word' id='word_1_3' title='bbox 1149 279 1815 342; x_wconf 67' lang='lat' dir='ltr'><strong>PREDESTINATIONE</strong></span> <span class='ocrx_word' id='word_1_4' title='bbox 1853 277 2144 337; x_wconf 82' lang='lat' dir='ltr'><strong>CONTRA</strong></span> <span class='ocrx_word' id='word_1_5' title='bbox 2186 285 2240 341; x_wconf 85' lang='lat' dir='ltr'><strong>J.</strong></span> <span class='ocrx_word' id='word_1_6' title='bbox 2275 286 2570 345; x_wconf 81' lang='lat' dir='ltr'><strong>SCOTUM.</strong></span> 
     </span>
    </p>
   </div>
   <div class='ocr_carea' id='block_1_3' title="bbox 3397 299 3532 360">
    <p class='ocr_par' dir='ltr' id='par_1_3' title="bbox 3397 299 3532 360">
     <span class='ocr_line' id='line_1_3' title="bbox 3397 299 3532 360; baseline 0.03 -4"><span class='ocrx_word' id='word_1_7' title='bbox 3397 299 3532 360; x_wconf 82' lang='lat' dir='ltr'><strong>l2i8</strong></span> 
     </span>
    </p>
   </div>
   <div class='ocr_carea' id='block_1_4' title="bbox 103 363 3534 492">
    <p class='ocr_par' dir='ltr' id='par_1_4' title="bbox 103 404 3534 492">
     <span class='ocr_line' id='line_1_4' title="bbox 103 404 3534 492; baseline 0.004 -26"><span class='ocrx_word' id='word_1_8' title='bbox 103 414 298 466; x_wconf 90' lang='lat' dir='ltr'><strong>autem</strong></span> <span class='ocrx_word' id='word_1_9' title='bbox 324 409 578 466; x_wconf 90' lang='lat' dir='ltr'><strong>desertio</strong></span> <span class='ocrx_word' id='word_1_10' title='bbox 609 409 752 466; x_wconf 90' lang='lat' dir='ltr'><strong>boni</strong></span> <span class='ocrx_word' id='word_1_11' title='bbox 788 427 800 466; x_wconf 92' lang='lat'>:</span> <span class='ocrx_word' id='word_1_12' title='bbox 831 414 913 479; x_wconf 91' lang='lat' dir='ltr'><strong>ut,</strong></span> <span class='ocrx_word' id='word_1_13' title='bbox 972 410 1498 484; x_wconf 84' lang='lat' dir='ltr'><strong>quemadmodum</strong></span> <span class='ocrx_word' id='word_1_14' title='bbox 1545 407 1607 463; x_wconf 91' lang='lat' dir='ltr'><strong>in</strong></span> <span class='ocrx_word' id='word_1_15' title='bbox 1632 405 1758 461; x_wconf 91' lang='lat' dir='ltr'><strong>lau-</strong></span> <span class='ocrx_word' id='word_1_16' title='bbox 1788 404 2102 471; x_wconf 79' lang='lat' dir='ltr'><strong>Asanitas,</strong></span> <span class='ocrx_word' id='word_1_17' title='bbox 2133 411 2236 464; x_wconf 91' lang='lat' dir='ltr'><strong>aut</strong></span> <span class='ocrx_word' id='word_1_18' title='bbox 2254 411 2698 480; x_wconf 86' lang='lat' dir='ltr'><strong>gaudium,aut</strong></span> <span class='ocrx_word' id='word_1_19' title='bbox 2713 413 2904 486; x_wconf 89' lang='lat' dir='ltr'><strong>quies,</strong></span> <span class='ocrx_word' id='word_1_20' title='bbox 2932 420 3036 474; x_wconf 90' lang='lat' dir='ltr'><strong>aut</strong></span> <span class='ocrx_word' id='word_1_21' title='bbox 3058 419 3371 492; x_wconf 85' lang='lat' dir='ltr'><strong>sapientia,</strong></span> <span class='ocrx_word' id='word_1_22' title='bbox 3391 427 3534 481; x_wconf 91' lang='lat' dir='ltr'><strong>tunc</strong></span> 
     </span>
    </p>
   </div>
   <div class='ocr_carea' id='block_1_5' title="bbox 103 496 1761 569">
    <p class='ocr_par' dir='ltr' id='par_1_5' title="bbox 103 496 1761 569">
     <span class='ocr_line' id='line_1_5' title="bbox 103 496 1761 569; baseline -0.004 -13"><span class='ocrx_word' id='word_1_23' title='bbox 103 499 287 556; x_wconf 89' lang='lat' dir='ltr'><strong>dabili</strong></span> <span class='ocrx_word' id='word_1_24' title='bbox 314 499 438 556; x_wconf 88' lang='lat' dir='ltr'><strong>vita</strong></span> <span class='ocrx_word' id='word_1_25' title='bbox 466 499 635 556; x_wconf 86' lang='lat' dir='ltr'>aliud</span> <span class='ocrx_word' id='word_1_26' title='bbox 664 505 753 556; x_wconf 90' lang='lat' dir='ltr'><strong>est</strong></span> <span class='ocrx_word' id='word_1_27' title='bbox 780 499 1082 557; x_wconf 80' lang='lat' dir='ltr'><strong>declinare</strong></span> <span class='ocrx_word' id='word_1_28' title='bbox 1111 517 1147 556; x_wconf 89' lang='lat' dir='ltr'><strong>a</strong></span> <span class='ocrx_word' id='word_1_29' title='bbox 1168 500 1352 569; x_wconf 91' lang='lat' dir='ltr'><strong>malo,</strong></span> <span class='ocrx_word' id='word_1_30' title='bbox 1381 497 1546 555; x_wconf 80' lang='lat' dir='ltr'><strong>aliud</strong></span> <span class='ocrx_word' id='word_1_31' title='bbox 1568 496 1761 552; x_wconf 88' lang='lat' dir='ltr'><strong>facere</strong></span> 
     </span>
    </p>
   </div>
   <div class='ocr_carea' id='block_1_6' title="bbox 105 588 1764 664">
    <p class='ocr_par' dir='ltr' id='par_1_6' title="bbox 105 588 1764 664">
     <span class='ocr_line' id='line_1_6' title="bbox 105 588 1764 664; baseline -0.004 -17"><span class='ocrx_word' id='word_1_32' title='bbox 105 590 349 662; x_wconf 92' lang='lat' dir='ltr'><strong>bonum,</strong></span> <span class='ocrx_word' id='word_1_33' title='bbox 379 591 546 664; x_wconf 93' lang='lat' dir='ltr'><strong>quod</strong></span> <span class='ocrx_word' id='word_1_34' title='bbox 577 591 981 648; x_wconf 89' lang='lat' dir='ltr'><strong>admonemur</strong></span> <span class='ocrx_word' id='word_1_35' title='bbox 1020 591 1256 648; x_wconf 82' lang='lat' dir='ltr'><strong>dicente</strong></span> <span class='ocrx_word' id='word_1_36' title='bbox 1293 590 1634 663; x_wconf 88' lang='lat' dir='ltr'><strong>Scriptura:</strong></span> <span class='ocrx_word' id='word_1_37' title='bbox 1659 588 1764 641; x_wconf 89' lang='lat' dir='ltr'><strong>De-</strong></span> 
     </span>
    </p>
   </div>
   <div class='ocr_carea' id='block_1_7' title="bbox 103 675 1760 752">
    <p class='ocr_par' dir='ltr' id='par_1_7' title="bbox 103 675 1760 752">
     <span class='ocr_line' id='line_1_7' title="bbox 103 675 1760 752; baseline -0.004 -15"><span class='ocrx_word' id='word_1_38' title='bbox 103 683 259 738; x_wconf 85' lang='lat' dir='ltr'><strong>clina</strong></span> <span class='ocrx_word' id='word_1_39' title='bbox 280 696 319 738; x_wconf 90' lang='lat' dir='ltr'><strong>a</strong></span> <span class='ocrx_word' id='word_1_40' title='bbox 344 683 528 748; x_wconf 88' lang='lat' dir='ltr'><strong>malo,</strong></span> <span class='ocrx_word' id='word_1_41' title='bbox 555 687 608 738; x_wconf 86' lang='lat' dir='ltr'><strong>et</strong></span> <span class='ocrx_word' id='word_1_42' title='bbox 629 683 735 752; x_wconf 84' lang='lat' dir='ltr'><strong>fac</strong></span> <span class='ocrx_word' id='word_1_43' title='bbox 754 682 970 737; x_wconf 89' lang='lat' dir='ltr'><strong>bonum</strong></span> <span class='ocrx_word' id='word_1_44' title='bbox 992 682 1184 751; x_wconf 89' lang='lat' dir='ltr'><strong>(Psal.</strong></span> <span class='ocrx_word' id='word_1_45' title='bbox 1206 697 1409 750; x_wconf 75' lang='lat' dir='ltr'><strong>xxxvr,</strong></span> <span class='ocrx_word' id='word_1_46' title='bbox 1441 681 1532 747; x_wconf 83' lang='lat'><strong>27)</strong></span> <span class='ocrx_word' id='word_1_47' title='bbox 1561 694 1575 744; x_wconf 84' lang='lat'><strong>;</strong></span> <span class='ocrx_word' id='word_1_48' title='bbox 1605 678 1686 732; x_wconf 89' lang='lat' dir='ltr'><strong>ita</strong></span> <span class='ocrx_word' id='word_1_49' title='bbox 1702 675 1760 729; x_wconf 93' lang='lat' dir='ltr'><strong>in</strong></span> 
     </span>
    </p>
   </div>
   <div class='ocr_carea' id='block_1_8' title="bbox 101 765 1764 835">
    <p class='ocr_par' dir='ltr' id='par_1_8' title="bbox 101 765 1764 835">
     <span class='ocr_line' id='line_1_8' title="bbox 101 765 1764 835; baseline -0.005 -9"><span class='ocrx_word' id='word_1_50' title='bbox 101 768 429 826; x_wconf 87' lang='lat' dir='ltr'><strong>damnabili</strong></span> <span class='ocrx_word' id='word_1_51' title='bbox 463 769 629 825; x_wconf 90' lang='lat' dir='ltr'><strong>aliud</strong></span> <span class='ocrx_word' id='word_1_52' title='bbox 657 770 733 826; x_wconf 88' lang='lat' dir='ltr'><strong>sit</strong></span> <span class='ocrx_word' id='word_1_53' title='bbox 757 769 1062 826; x_wconf 87' lang='lat' dir='ltr'><strong>declinare</strong></span> <span class='ocrx_word' id='word_1_54' title='bbox 1091 786 1128 825; x_wconf 92' lang='lat' dir='ltr'><strong>a</strong></span> <span class='ocrx_word' id='word_1_55' title='bbox 1148 770 1333 835; x_wconf 91' lang='lat' dir='ltr'><strong>bono,</strong></span> <span class='ocrx_word' id='word_1_56' title='bbox 1378 767 1543 824; x_wconf 90' lang='lat' dir='ltr'><strong>aliud</strong></span> <span class='ocrx_word' id='word_1_57' title='bbox 1568 765 1764 822; x_wconf 89' lang='lat' dir='ltr'><strong>facere</strong></span> 
     </span>
    </p>
   </div>
   <div class='ocr_carea' id='block_1_9' title="bbox 99 857 1766 933">
    <p class='ocr_par' dir='ltr' id='par_1_9' title="bbox 99 857 1766 933">
     <span class='ocr_line' id='line_1_9' title="bbox 99 857 1766 933; baseline -0.004 -17"><span class='ocrx_word' id='word_1_58' title='bbox 99 859 325 916; x_wconf 91' lang='lat' dir='ltr'><strong>malum</strong></span> <span class='ocrx_word' id='word_1_59' title='bbox 345 877 358 928; x_wconf 91' lang='lat'><strong>;</strong></span> <span class='ocrx_word' id='word_1_60' title='bbox 377 863 434 915; x_wconf 89' lang='lat' dir='ltr'><strong>et</strong></span> <span class='ocrx_word' id='word_1_61' title='bbox 448 859 598 915; x_wconf 92' lang='lat' dir='ltr'><strong>illud</strong></span> <span class='ocrx_word' id='word_1_62' title='bbox 619 859 926 930; x_wconf 80' lang='lat' dir='ltr'><strong>delictum,</strong></span> <span class='ocrx_word' id='word_1_63' title='bbox 943 860 1059 916; x_wconf 93' lang='lat' dir='ltr'><strong>hoc</strong></span> <span class='ocrx_word' id='word_1_64' title='bbox 1077 865 1393 933; x_wconf 89' lang='lat' dir='ltr'><strong>peccatum</strong></span> <span class='ocrx_word' id='word_1_65' title='bbox 1417 859 1509 914; x_wconf 93' lang='lat' dir='ltr'><strong>sit.</strong></span> <span class='ocrx_word' id='word_1_66' title='bbox 1535 861 1684 913; x_wconf 81' lang='lat' dir='ltr'><strong>Nam</strong></span> <span class='ocrx_word' id='word_1_67' title='bbox 1709 857 1766 910; x_wconf 89' lang='lat' dir='ltr'><strong>et</strong></span> 
     </span>
    </p>
   </div>
   <div class='ocr_carea' id='block_1_10' title="bbox 99 947 1769 1022">
    <p class='ocr_par' dir='ltr' id='par_1_10' title="bbox 99 947 1769 1022">
     <span class='ocr_line' id='line_1_10' title="bbox 99 947 1769 1022; baseline -0.003 -18"><span class='ocrx_word' id='word_1_68' title='bbox 99 949 295 1022; x_wconf 91' lang='lat' dir='ltr'><strong>ipsum</strong></span> <span class='ocrx_word' id='word_1_69' title='bbox 315 947 707 1005; x_wconf 89' lang='lat' dir='ltr'><strong>vocabubum</strong></span> <span class='ocrx_word' id='word_1_70' title='bbox 730 949 778 1004; x_wconf 91' lang='lat' dir='ltr'><strong>si</strong></span> <span class='ocrx_word' id='word_1_71' title='bbox 796 949 1178 1017; x_wconf 82' lang='lat' dir='ltr'><strong>discutiatur,</strong></span> <span class='ocrx_word' id='word_1_72' title='bbox 1203 949 1354 1022; x_wconf 91' lang='lat' dir='ltr'><strong>quid</strong></span> <span class='ocrx_word' id='word_1_73' title='bbox 1396 947 1561 1003; x_wconf 87' lang='lat' dir='ltr'><strong>aliud</strong></span> <span class='ocrx_word' id='word_1_74' title='bbox 1594 947 1769 1001; x_wconf 87' lang='lat' dir='ltr'><strong>sonat</strong></span> 
     </span>
    </p>
   </div>
   <div class='ocr_carea' id='block_1_11' title="bbox 111 1035 1768 1111">
    <p class='ocr_par' dir='ltr' id='par_1_11' title="bbox 111 1035 1768 1111">
     <span class='ocr_line' id='line_1_11' title="bbox 111 1035 1768 1111; baseline -0.001 -17"><span class='ocrx_word' id='word_1_75' title='bbox 111 1037 414 1105; x_wconf 87' lang='lat' dir='ltr'><strong>delictum,</strong></span> <span class='ocrx_word' id='word_1_76' title='bbox 444 1037 562 1094; x_wconf 93' lang='lat' dir='ltr'><strong>nisi</strong></span> <span class='ocrx_word' id='word_1_77' title='bbox 591 1037 939 1093; x_wconf 87' lang='lat' dir='ltr'><strong>derelictum</strong></span> <span class='ocrx_word' id='word_1_78' title='bbox 963 1039 990 1092; x_wconf 89' lang='lat'><strong>?</strong></span> <span class='ocrx_word' id='word_1_79' title='bbox 1048 1043 1103 1094; x_wconf 89' lang='lat' dir='ltr'><strong>et</strong></span> <span class='ocrx_word' id='word_1_80' title='bbox 1127 1038 1275 1111; x_wconf 89' lang='lat' dir='ltr'><strong>quid</strong></span> <span class='ocrx_word' id='word_1_81' title='bbox 1303 1035 1621 1107; x_wconf 88' lang='lat' dir='ltr'><strong>dereliquit</strong></span> <span class='ocrx_word' id='word_1_82' title='bbox 1662 1038 1768 1105; x_wconf 89' lang='lat' dir='ltr'><strong>qui</strong></span> 
     </span>
    </p>
   </div>
   <div class='ocr_carea' id='block_1_12' title="bbox 109 1123 1770 1200">
    <p class='ocr_par' dir='ltr' id='par_1_12' title="bbox 109 1123 1770 1200">
     <span class='ocr_line' id='line_1_12' title="bbox 109 1123 1770 1200; baseline -0.004 -16"><span class='ocrx_word' id='word_1_83' title='bbox 109 1127 356 1200; x_wconf 88' lang='lat' dir='ltr'><strong>deliquit</strong></span> <span class='ocrx_word' id='word_1_84' title='bbox 373 1128 506 1200; x_wconf 82' lang='lat' dir='ltr'><strong>[al.,</strong></span> <span class='ocrx_word' id='word_1_85' title='bbox 532 1126 640 1200; x_wconf 88' lang='lat' dir='ltr'><strong>qui</strong></span> <span class='ocrx_word' id='word_1_86' title='bbox 658 1126 954 1200; x_wconf 85' lang='lat' dir='ltr'><strong>delinquit</strong></span> <span class='ocrx_word' id='word_1_87' title='bbox 972 1127 1120 1200; x_wconf 89' lang='lat' dir='ltr'><strong>quid</strong></span> <span class='ocrx_word' id='word_1_88' title='bbox 1137 1126 1519 1199; x_wconf 82' lang='lat' dir='ltr'><strong>derelinquit]</strong></span> <span class='ocrx_word' id='word_1_89' title='bbox 1539 1123 1770 1180; x_wconf 88' lang='lat' dir='ltr'><strong>nisibo-</strong></span> 
     </span>
    </p>
   </div>
   <div class='ocr_carea' id='block_1_13' title="bbox 95 1213 1764 1285">
    <p class='ocr_par' dir='ltr' id='par_1_13' title="bbox 95 1213 1764 1285">
     <span class='ocr_line' id='line_1_13' title="bbox 95 1213 1764 1285; baseline -0.002 -13"><span class='ocrx_word' id='word_1_90' title='bbox 95 1231 241 1272; x_wconf 91' lang='lat' dir='ltr'><strong>num</strong></span> <span class='ocrx_word' id='word_1_91' title='bbox 261 1216 289 1270; x_wconf 72' lang='lat' dir='ltr'><strong>‘I</strong></span> <span class='ocrx_word' id='word_1_92' title='bbox 323 1215 509 1272; x_wconf 70' lang='lat' dir='ltr'><strong>Graeci</strong></span> <span class='ocrx_word' id='word_1_93' title='bbox 537 1215 718 1271; x_wconf 88' lang='lat' dir='ltr'><strong>etiam</strong></span> <span class='ocrx_word' id='word_1_94' title='bbox 739 1215 863 1271; x_wconf 86' lang='lat' dir='ltr'><strong>duo</strong></span> <span class='ocrx_word' id='word_1_95' title='bbox 909 1217 1162 1272; x_wconf 90' lang='lat' dir='ltr'><strong>nomina</strong></span> <span class='ocrx_word' id='word_1_96' title='bbox 1185 1217 1404 1271; x_wconf 88' lang='lat' dir='ltr'><strong>usitata</strong></span> <span class='ocrx_word' id='word_1_97' title='bbox 1450 1213 1591 1270; x_wconf 89' lang='lat' dir='ltr'><strong>huic</strong></span> <span class='ocrx_word' id='word_1_98' title='bbox 1614 1213 1764 1285; x_wconf 88' lang='lat' dir='ltr'><strong>pesti</strong></span> 
     </span>
    </p>
   </div>
   <div class='ocr_carea' id='block_1_14' title="bbox 92 1304 1767 1379">
    <p class='ocr_par' dir='ltr' id='par_1_14' title="bbox 92 1304 1767 1379">
     <span class='ocr_line' id='line_1_14' title="bbox 92 1304 1767 1379; baseline -0.005 -18"><span class='ocrx_word' id='word_1_99' title='bbox 92 1305 534 1378; x_wconf 89' lang='lat' dir='ltr'><strong>imposuerunt.</strong></span> <span class='ocrx_word' id='word_1_100' title='bbox 556 1309 707 1361; x_wconf 86' lang='lat' dir='ltr'><strong>Nam</strong></span> <span class='ocrx_word' id='word_1_101' title='bbox 726 1304 1011 1361; x_wconf 86' lang='lat' dir='ltr'><strong>delictum</strong></span> <span class='ocrx_word' id='word_1_102' title='bbox 1035 1305 1201 1379; x_wconf 90' lang='lat' dir='ltr'><strong>apud</strong></span> <span class='ocrx_word' id='word_1_103' title='bbox 1223 1322 1327 1362; x_wconf 91' lang='lat' dir='ltr'><strong>eos</strong></span> <span class='ocrx_word' id='word_1_104' title='bbox 1352 1310 1406 1361; x_wconf 89' lang='lat' dir='ltr'><strong>et</strong></span> <span class='ocrx_word' id='word_1_105' title='bbox 1429 1307 1767 1379; x_wconf 81' lang='grc' dir='ltr'><strong>παραπτώμα</strong></span> 
     </span>
    </p>
   </div>
   <div class='ocr_carea' id='block_1_15' title="bbox 93 1390 1769 1468">
    <p class='ocr_par' dir='ltr' id='par_1_15' title="bbox 93 1390 1769 1468">
     <span class='ocr_line' id='line_1_15' title="bbox 93 1390 1769 1468; baseline -0.002 -18"><span class='ocrx_word' id='word_1_106' title='bbox 93 1394 312 1451; x_wconf 91' lang='lat' dir='ltr'><strong>dicitur</strong></span> <span class='ocrx_word' id='word_1_107' title='bbox 339 1399 397 1451; x_wconf 91' lang='lat' dir='ltr'><strong>et</strong></span> <span class='ocrx_word' id='word_1_108' title='bbox 415 1393 763 1468; x_wconf 79' lang='grc' dir='ltr'><strong>πλημμέλεια.</strong></span> <span class='ocrx_word' id='word_1_109' title='bbox 802 1399 915 1451; x_wconf 87' lang='lat' dir='ltr'><strong>Isto</strong></span> <span class='ocrx_word' id='word_1_110' title='bbox 950 1395 1087 1468; x_wconf 91' lang='lat' dir='ltr'><strong>ipso</strong></span> <span class='ocrx_word' id='word_1_111' title='bbox 1117 1395 1345 1468; x_wconf 87' lang='lat' dir='ltr'><strong>quippe</strong></span> <span class='ocrx_word' id='word_1_112' title='bbox 1367 1394 1502 1449; x_wconf 92' lang='lat' dir='ltr'><strong>loco</strong></span> <span class='ocrx_word' id='word_1_113' title='bbox 1527 1390 1769 1448; x_wconf 67' lang='lat' dir='ltr'><strong>Levitici</strong></span> 
     </span>
    </p>
   </div>
   <div class='ocr_carea' id='block_1_16' title="bbox 92 1483 1769 1558">
    <p class='ocr_par' dir='ltr' id='par_1_16' title="bbox 92 1483 1769 1558">
     <span class='ocr_line' id='line_1_16' title="bbox 92 1483 1769 1558; baseline -0.001 -21"><span class='ocrx_word' id='word_1_114' title='bbox 92 1483 421 1558; x_wconf 80' lang='grc' dir='ltr'><strong>πλημμέλεια</strong></span> <span class='ocrx_word' id='word_1_115' title='bbox 440 1489 548 1541; x_wconf 89' lang='lat' dir='ltr'><strong>est.</strong></span> <span class='ocrx_word' id='word_1_116' title='bbox 568 1484 889 1558; x_wconf 83' lang='lat' dir='ltr'><strong>Apostolus</strong></span> <span class='ocrx_word' id='word_1_117' title='bbox 904 1490 1106 1541; x_wconf 89' lang='lat' dir='ltr'><strong>autem</strong></span> <span class='ocrx_word' id='word_1_118' title='bbox 1132 1485 1233 1541; x_wconf 89' lang='lat' dir='ltr'><strong>ubi</strong></span> <span class='ocrx_word' id='word_1_119' title='bbox 1253 1485 1398 1540; x_wconf 88' lang='lat' dir='ltr'><strong>dicit</strong></span> <span class='ocrx_word' id='word_1_120' title='bbox 1421 1501 1434 1539; x_wconf 90' lang='lat'><strong>:</strong></span> <span class='ocrx_word' id='word_1_121' title='bbox 1456 1485 1521 1539; x_wconf 88' lang='lat' dir='ltr'><strong>Si</strong></span> <span class='ocrx_word' id='word_1_122' title='bbox 1543 1496 1769 1553; x_wconf 65' lang='lat' dir='ltr'><strong>praeoc-</strong></span> 
     </span>
    </p>
   </div>
   <div class='ocr_carea' id='block_1_17' title="bbox 93 1569 1762 1646">
    <p class='ocr_par' dir='ltr' id='par_1_17' title="bbox 93 1569 1762 1646">
     <span class='ocr_line' id='line_1_17' title="bbox 93 1569 1762 1646; baseline -0.001 -17"><span class='ocrx_word' id='word_1_123' title='bbox 93 1579 346 1643; x_wconf 87' lang='lat' dir='ltr'><strong>cupatus</strong></span> <span class='ocrx_word' id='word_1_124' title='bbox 371 1575 564 1644; x_wconf 84' lang='lat' dir='ltr'><strong>fuerit</strong></span> <span class='ocrx_word' id='word_1_125' title='bbox 593 1573 764 1630; x_wconf 86' lang='lat' dir='ltr'><strong>homo</strong></span> <span class='ocrx_word' id='word_1_126' title='bbox 796 1575 857 1630; x_wconf 87' lang='lat' dir='ltr'><strong>in</strong></span> <span class='ocrx_word' id='word_1_127' title='bbox 884 1575 1090 1646; x_wconf 86' lang='lat' dir='ltr'><strong>aliquo</strong></span> <span class='ocrx_word' id='word_1_128' title='bbox 1119 1575 1337 1630; x_wconf 88' lang='lat' dir='ltr'><strong>delicto</strong></span> <span class='ocrx_word' id='word_1_129' title='bbox 1371 1574 1529 1641; x_wconf 89' lang='lat' dir='ltr'><strong>(Gal.</strong></span> <span class='ocrx_word' id='word_1_130' title='bbox 1559 1587 1634 1639; x_wconf 86' lang='lat' dir='ltr'><strong>v1,</strong></span> <span class='ocrx_word' id='word_1_131' title='bbox 1663 1569 1762 1638; x_wconf 67' lang='lat'><strong>1,),</strong></span> 
     </span>
    </p>
   </div>
   <div class='ocr_carea' id='block_1_18' title="bbox 94 1661 1741 1738">
    <p class='ocr_par' dir='ltr' id='par_1_18' title="bbox 94 1661 1741 1738">
     <span class='ocr_line' id='line_1_18' title="bbox 94 1661 1741 1738; baseline -0.001 -25"><span class='ocrx_word' id='word_1_132' title='bbox 94 1668 481 1738; x_wconf 77' lang='grc' dir='ltr'><strong>παραπτώματι</strong></span> <span class='ocrx_word' id='word_1_133' title='bbox 511 1664 747 1719; x_wconf 69' lang='lat' dir='ltr'><strong>Graecus</strong></span> <span class='ocrx_word' id='word_1_134' title='bbox 785 1663 970 1719; x_wconf 91' lang='lat' dir='ltr'><strong>habet</strong></span> <span class='ocrx_word' id='word_1_135' title='bbox 1000 1680 1012 1718; x_wconf 92' lang='lat'><strong>:</strong></span> <span class='ocrx_word' id='word_1_136' title='bbox 1040 1679 1303 1736; x_wconf 90' lang='lat' dir='ltr'><strong>quorum</strong></span> <span class='ocrx_word' id='word_1_137' title='bbox 1361 1661 1680 1718; x_wconf 90' lang='lat' dir='ltr'><strong>nominum</strong></span> <span class='ocrx_word' id='word_1_138' title='bbox 1715 1675 1741 1712; x_wconf 86' lang='lat' dir='ltr'><strong>s</strong></span> 
     </span>
    </p>
   </div>
   <div class='ocr_carea' id='block_1_19' title="bbox 1870 497 3534 568">
    <p class='ocr_par' dir='ltr' id='par_1_19' title="bbox 1870 497 3534 568">
     <span class='ocr_line' id='line_1_19' title="bbox 1870 497 3534 568; baseline 0.012 -19"><span class='ocrx_word' id='word_1_139' title='bbox 1870 508 2080 551; x_wconf 89' lang='lat' dir='ltr'><strong>eorum</strong></span> <span class='ocrx_word' id='word_1_140' title='bbox 2109 497 2204 553; x_wconf 87' lang='lat' dir='ltr'><strong>vel</strong></span> <span class='ocrx_word' id='word_1_141' title='bbox 2229 499 2538 565; x_wconf 67' lang='lat' dir='ltr'><strong>absentiae,</strong></span> <span class='ocrx_word' id='word_1_142' title='bbox 2571 502 2666 558; x_wconf 85' lang='lat' dir='ltr'><strong>vel</strong></span> <span class='ocrx_word' id='word_1_143' title='bbox 2692 502 2963 560; x_wconf 90' lang='lat' dir='ltr'><strong>defectus</strong></span> <span class='ocrx_word' id='word_1_144' title='bbox 2987 507 3206 564; x_wconf 86' lang='lat' dir='ltr'><strong>talibus</strong></span> <span class='ocrx_word' id='word_1_145' title='bbox 3220 511 3534 568; x_wconf 89' lang='lat' dir='ltr'><strong>vocabulis</strong></span> 
     </span>
    </p>
   </div>
   <div class='ocr_carea' id='block_1_20' title="bbox 1871 589 3534 669">
    <p class='ocr_par' dir='ltr' id='par_1_20' title="bbox 1871 589 3534 669">
     <span class='ocr_line' id='line_1_20' title="bbox 1871 589 3534 669; baseline 0.013 -32"><span class='ocrx_word' id='word_1_146' title='bbox 1871 590 2248 642; x_wconf 87' lang='lat' dir='ltr'><strong>censeantur.</strong></span> <span class='ocrx_word' id='word_1_147' title='bbox 2279 589 2581 661; x_wconf 86' lang='lat' dir='ltr'><strong>Scriptura</strong></span> <span class='ocrx_word' id='word_1_148' title='bbox 2598 596 2808 648; x_wconf 89' lang='lat' dir='ltr'><strong>sancta</strong></span> <span class='ocrx_word' id='word_1_149' title='bbox 2830 609 2866 649; x_wconf 93' lang='lat' dir='ltr'><strong>a</strong></span> <span class='ocrx_word' id='word_1_150' title='bbox 2889 596 3007 651; x_wconf 91' lang='lat' dir='ltr'><strong>Deo</strong></span> <span class='ocrx_word' id='word_1_151' title='bbox 3026 602 3306 669; x_wconf 86' lang='lat' dir='ltr'><strong>paratum</strong></span> <span class='ocrx_word' id='word_1_152' title='bbox 3329 600 3534 669; x_wconf 80' lang='lat' dir='ltr'><strong>ignem</strong></span> 
     </span>
    </p>
   </div>
   <div class='ocr_carea' id='block_1_21' title="bbox 1872 673 3534 758">
    <p class='ocr_par' dir='ltr' id='par_1_21' title="bbox 1872 673 3534 758">
     <span class='ocr_line' id='line_1_21' title="bbox 1872 673 3534 758; baseline 0.013 -32"><span class='ocrx_word' id='word_1_153' title='bbox 1872 673 2165 742; x_wconf 65' lang='lat' dir='ltr'><strong>gehennae</strong></span> <span class='ocrx_word' id='word_1_154' title='bbox 2193 676 2438 734; x_wconf 87' lang='lat' dir='ltr'><strong>diabolo</strong></span> <span class='ocrx_word' id='word_1_155' title='bbox 2465 684 2520 735; x_wconf 93' lang='lat' dir='ltr'><strong>et</strong></span> <span class='ocrx_word' id='word_1_156' title='bbox 2577 681 2808 752; x_wconf 82' lang='lat' dir='ltr'><strong>angelis</strong></span> <span class='ocrx_word' id='word_1_157' title='bbox 2839 684 2970 754; x_wconf 85' lang='lat' dir='ltr'><strong>ejus</strong></span> <span class='ocrx_word' id='word_1_158' title='bbox 3001 701 3071 740; x_wconf 90' lang='lat' dir='ltr'><strong>ac</strong></span> <span class='ocrx_word' id='word_1_159' title='bbox 3111 689 3534 758; x_wconf 85' lang='lat' dir='ltr'><strong>peccatoribus</strong></span> 
     </span>
    </p>
   </div>
   <div class='ocr_carea' id='block_1_22' title="bbox 1871 763 3533 844">
    <p class='ocr_par' dir='ltr' id='par_1_22' title="bbox 1871 763 3533 844">
     <span class='ocr_line' id='line_1_22' title="bbox 1871 763 3533 844; baseline 0.013 -29"><span class='ocrx_word' id='word_1_160' title='bbox 1871 763 2186 835; x_wconf 86' lang='lat' dir='ltr'><strong>perspicue</strong></span> <span class='ocrx_word' id='word_1_161' title='bbox 2243 766 2485 835; x_wconf 89' lang='lat' dir='ltr'><strong>clamat,</strong></span> <span class='ocrx_word' id='word_1_162' title='bbox 2543 769 2776 827; x_wconf 90' lang='lat' dir='ltr'><strong>dicente</strong></span> <span class='ocrx_word' id='word_1_163' title='bbox 2829 772 2962 844; x_wconf 91' lang='lat' dir='ltr'><strong>ipso</strong></span> <span class='ocrx_word' id='word_1_164' title='bbox 3012 776 3269 833; x_wconf 93' lang='lat' dir='ltr'><strong>Domino</strong></span> <span class='ocrx_word' id='word_1_165' title='bbox 3303 795 3315 833; x_wconf 93' lang='lat'>:</span> <span class='ocrx_word' id='word_1_166' title='bbox 3348 780 3442 836; x_wconf 90' lang='lat' dir='ltr'><strong>Ite</strong></span> <span class='ocrx_word' id='word_1_167' title='bbox 3468 781 3533 835; x_wconf 88' lang='lat' dir='ltr'><strong>in</strong></span> 
     </span>
    </p>
   </div>
   <div class='ocr_carea' id='block_1_23' title="bbox 1872 851 3534 940">
    <p class='ocr_par' dir='ltr' id='par_1_23' title="bbox 1872 851 3534 940">
     <span class='ocr_line' id='line_1_23' title="bbox 1872 851 3534 940; baseline 0.013 -36"><span class='ocrx_word' id='word_1_168' title='bbox 1872 851 2068 920; x_wconf 82' lang='lat' dir='ltr'><strong>ignem</strong></span> <span class='ocrx_word' id='word_1_169' title='bbox 2091 860 2400 928; x_wconf 70' lang='lat' dir='ltr'><strong>aeternum,</strong></span> <span class='ocrx_word' id='word_1_170' title='bbox 2436 861 2541 930; x_wconf 86' lang='lat' dir='ltr'><strong>qui</strong></span> <span class='ocrx_word' id='word_1_171' title='bbox 2556 867 2813 929; x_wconf 89' lang='lat' dir='ltr'><strong>paratus</strong></span> <span class='ocrx_word' id='word_1_172' title='bbox 2840 868 2925 918; x_wconf 87' lang='lat' dir='ltr'><strong>est</strong></span> <span class='ocrx_word' id='word_1_173' title='bbox 2950 865 3190 922; x_wconf 80' lang='lat' dir='ltr'><strong>diabolo</strong></span> <span class='ocrx_word' id='word_1_174' title='bbox 3217 871 3273 923; x_wconf 84' lang='lat' dir='ltr'><strong>et</strong></span> <span class='ocrx_word' id='word_1_175' title='bbox 3299 870 3534 940; x_wconf 79' lang='lat' dir='ltr'><strong>angelis</strong></span> 
     </span>
    </p>
   </div>
   <div class='ocr_carea' id='block_1_24' title="bbox 1875 942 3534 1026">
    <p class='ocr_par' dir='ltr' id='par_1_24' title="bbox 1875 942 3534 1026">
     <span class='ocr_line' id='line_1_24' title="bbox 1875 942 3534 1026; baseline 0.013 -33"><span class='ocrx_word' id='word_1_176' title='bbox 1875 942 2004 1009; x_wconf 86' lang='lat' dir='ltr'><strong>ejus</strong></span> <span class='ocrx_word' id='word_1_177' title='bbox 2031 943 2270 1012; x_wconf 81' lang='lat' dir='ltr'><strong>(Matth.</strong></span> <span class='ocrx_word' id='word_1_178' title='bbox 2300 963 2435 1017; x_wconf 77' lang='lat' dir='ltr'><strong>xxv,</strong></span> <span class='ocrx_word' id='word_1_179' title='bbox 2469 949 2580 1018; x_wconf 72' lang='grc'><strong>41).</strong></span> <span class='ocrx_word' id='word_1_180' title='bbox 2617 952 2682 1005; x_wconf 86' lang='lat' dir='ltr'><strong>Et</strong></span> <span class='ocrx_word' id='word_1_181' title='bbox 2713 951 2899 1006; x_wconf 87' lang='lat' dir='ltr'><strong>Isaias</strong></span> <span class='ocrx_word' id='word_1_182' title='bbox 2929 955 3223 1026; x_wconf 87' lang='lat' dir='ltr'><strong>propheta</strong></span> <span class='ocrx_word' id='word_1_183' title='bbox 3257 974 3269 1011; x_wconf 94' lang='lat'>:</span> <span class='ocrx_word' id='word_1_184' title='bbox 3298 958 3534 1015; x_wconf 82' lang='lat' dir='ltr'><strong>Parata</strong></span> 
     </span>
    </p>
   </div>
   <div class='ocr_carea' id='block_1_25' title="bbox 1875 1033 3534 1112">
    <p class='ocr_par' dir='ltr' id='par_1_25' title="bbox 1875 1033 3534 1112">
     <span class='ocr_line' id='line_1_25' title="bbox 1875 1033 3534 1112; baseline 0.012 -27"><span class='ocrx_word' id='word_1_185' title='bbox 1875 1034 1961 1085; x_wconf 88' lang='lat' dir='ltr'><strong>est</strong></span> <span class='ocrx_word' id='word_1_186' title='bbox 1990 1033 2143 1088; x_wconf 87' lang='lat' dir='ltr'><strong>enim</strong></span> <span class='ocrx_word' id='word_1_187' title='bbox 2167 1035 2244 1090; x_wconf 89' lang='lat' dir='ltr'><strong>ab</strong></span> <span class='ocrx_word' id='word_1_188' title='bbox 2271 1036 2404 1092; x_wconf 83' lang='lat' dir='ltr'><strong>heri</strong></span> <span class='ocrx_word' id='word_1_189' title='bbox 2429 1052 2466 1092; x_wconf 90' lang='lat' dir='ltr'><strong>a</strong></span> <span class='ocrx_word' id='word_1_190' title='bbox 2483 1053 2621 1109; x_wconf 87' lang='lat' dir='ltr'><strong>rcge</strong></span> <span class='ocrx_word' id='word_1_191' title='bbox 2643 1041 2928 1109; x_wconf 84' lang='lat' dir='ltr'><strong>Topheth,</strong></span> <span class='ocrx_word' id='word_1_192' title='bbox 2952 1049 3175 1112; x_wconf 89' lang='lat' dir='ltr'><strong>parata</strong></span> <span class='ocrx_word' id='word_1_193' title='bbox 3195 1050 3252 1102; x_wconf 90' lang='lat' dir='ltr'><strong>et</strong></span> <span class='ocrx_word' id='word_1_194' title='bbox 3270 1046 3534 1105; x_wconf 84' lang='lat' dir='ltr'><strong>dilatata</strong></span> 
     </span>
    </p>
   </div>
   <div class='ocr_carea' id='block_1_26' title="bbox 1879 1120 3531 1208">
    <p class='ocr_par' dir='ltr' id='par_1_26' title="bbox 1879 1120 3531 1208">
     <span class='ocr_line' id='line_1_26' title="bbox 1879 1120 3531 1208; baseline 0.013 -34"><span class='ocrx_word' id='word_1_195' title='bbox 1879 1120 2018 1189; x_wconf 77' lang='lat' dir='ltr'><strong>(13a.</strong></span> <span class='ocrx_word' id='word_1_196' title='bbox 2052 1139 2187 1189; x_wconf 81' lang='lat' dir='ltr'><strong>xxx,</strong></span> <span class='ocrx_word' id='word_1_197' title='bbox 2220 1126 2333 1196; x_wconf 89' lang='lat'><strong>33).</strong></span> <span class='ocrx_word' id='word_1_198' title='bbox 2368 1128 2557 1191; x_wconf 87' lang='lat' dir='ltr'><strong>Quem</strong></span> <span class='ocrx_word' id='word_1_199' title='bbox 2586 1129 2787 1198; x_wconf 81' lang='lat' dir='ltr'><strong>ignem</strong></span> <span class='ocrx_word' id='word_1_200' title='bbox 2829 1131 2878 1186; x_wconf 90' lang='lat' dir='ltr'><strong>si</strong></span> <span class='ocrx_word' id='word_1_201' title='bbox 2926 1133 3073 1188; x_wconf 90' lang='lat' dir='ltr'><strong>nihil</strong></span> <span class='ocrx_word' id='word_1_202' title='bbox 3102 1151 3232 1192; x_wconf 90' lang='lat' dir='ltr'><strong>esse</strong></span> <span class='ocrx_word' id='word_1_203' title='bbox 3289 1136 3531 1208; x_wconf 86' lang='lat' dir='ltr'><strong>dixeris,</strong></span> 
     </span>
    </p>
   </div>
   <div class='ocr_carea' id='block_1_27' title="bbox 1877 1209 3535 1300">
    <p class='ocr_par' dir='ltr' id='par_1_27' title="bbox 1877 1209 3535 1300">
     <span class='ocr_line' id='line_1_27' title="bbox 1877 1209 3535 1300; baseline 0.012 -37"><span class='ocrx_word' id='word_1_204' title='bbox 1877 1209 2236 1268; x_wconf 87' lang='lat' dir='ltr'><strong>mendacem</strong></span> <span class='ocrx_word' id='word_1_205' title='bbox 2266 1214 2412 1270; x_wconf 87' lang='lat' dir='ltr'><strong>facis</strong></span> <span class='ocrx_word' id='word_1_206' title='bbox 2445 1217 2656 1286; x_wconf 91' lang='lat' dir='ltr'><strong>Deum,</strong></span> <span class='ocrx_word' id='word_1_207' title='bbox 2688 1219 2792 1291; x_wconf 92' lang='lat' dir='ltr'><strong>qui</strong></span> <span class='ocrx_word' id='word_1_208' title='bbox 2841 1224 2964 1276; x_wconf 90' lang='lat' dir='ltr'><strong>tam</strong></span> <span class='ocrx_word' id='word_1_209' title='bbox 2992 1237 3099 1295; x_wconf 90' lang='lat' dir='ltr'><strong>per</strong></span> <span class='ocrx_word' id='word_1_210' title='bbox 3125 1240 3186 1279; x_wconf 91' lang='lat' dir='ltr'><strong>se</strong></span> <span class='ocrx_word' id='word_1_211' title='bbox 3216 1241 3401 1297; x_wconf 90' lang='lat' dir='ltr'><strong>quam</strong></span> <span class='ocrx_word' id='word_1_212' title='bbox 3426 1243 3535 1300; x_wconf 91' lang='lat' dir='ltr'><strong>per</strong></span> 
     </span>
    </p>
   </div>
   <div class='ocr_carea' id='block_1_28' title="bbox 1874 1299 3535 1381">
    <p class='ocr_par' dir='ltr' id='par_1_28' title="bbox 1874 1299 3535 1381">
     <span class='ocr_line' id='line_1_28' title="bbox 1874 1299 3535 1381; baseline 0.011 -28"><span class='ocrx_word' id='word_1_213' title='bbox 1874 1299 2234 1371; x_wconf 88' lang='lat' dir='ltr'><strong>prophetam</strong></span> <span class='ocrx_word' id='word_1_214' title='bbox 2257 1319 2436 1359; x_wconf 88' lang='lat' dir='ltr'><strong>suum</strong></span> <span class='ocrx_word' id='word_1_215' title='bbox 2459 1321 2598 1361; x_wconf 85' lang='lat' dir='ltr'><strong>eum</strong></span> <span class='ocrx_word' id='word_1_216' title='bbox 2624 1323 2660 1362; x_wconf 91' lang='lat' dir='ltr'><strong>a</strong></span> <span class='ocrx_word' id='word_1_217' title='bbox 2682 1307 2878 1380; x_wconf 84' lang='lat' dir='ltr'><strong>seipso</strong></span> <span class='ocrx_word' id='word_1_218' title='bbox 2903 1317 3182 1381; x_wconf 86' lang='lat' dir='ltr'><strong>paratum</strong></span> <span class='ocrx_word' id='word_1_219' title='bbox 3199 1313 3343 1370; x_wconf 88' lang='lat' dir='ltr'><strong>dicit</strong></span> <span class='ocrx_word' id='word_1_220' title='bbox 3372 1332 3386 1370; x_wconf 88' lang='lat'><strong>:</strong></span> <span class='ocrx_word' id='word_1_221' title='bbox 3409 1331 3535 1371; x_wconf 91' lang='lat' dir='ltr'><strong>non</strong></span> 
     </span>
    </p>
   </div>
   <div class='ocr_carea' id='block_1_29' title="bbox 1875 1387 3536 1476">
    <p class='ocr_par' dir='ltr' id='par_1_29' title="bbox 1875 1387 3536 1476">
     <span class='ocr_line' id='line_1_29' title="bbox 1875 1387 3536 1476; baseline 0.011 -34"><span class='ocrx_word' id='word_1_222' title='bbox 1875 1387 2036 1443; x_wconf 89' lang='lat' dir='ltr'><strong>enim</strong></span> <span class='ocrx_word' id='word_1_223' title='bbox 2068 1396 2316 1462; x_wconf 92' lang='lat' dir='ltr'><strong>paratur</strong></span> <span class='ocrx_word' id='word_1_224' title='bbox 2342 1393 2487 1448; x_wconf 90' lang='lat' dir='ltr'><strong>nihil</strong></span> <span class='ocrx_word' id='word_1_225' title='bbox 2513 1413 2526 1462; x_wconf 91' lang='lat'>;</span> <span class='ocrx_word' id='word_1_226' title='bbox 2556 1395 2662 1451; x_wconf 91' lang='lat' dir='ltr'><strong>sed</strong></span> <span class='ocrx_word' id='word_1_227' title='bbox 2691 1398 2855 1468; x_wconf 84' lang='lat' dir='ltr'><strong>quod</strong></span> <span class='ocrx_word' id='word_1_228' title='bbox 2883 1405 3150 1470; x_wconf 81' lang='lat' dir='ltr'><strong>paratur,</strong></span> <span class='ocrx_word' id='word_1_229' title='bbox 3184 1402 3414 1476; x_wconf 90' lang='lat' dir='ltr'><strong>aliquid</strong></span> <span class='ocrx_word' id='word_1_230' title='bbox 3463 1403 3536 1461; x_wconf 90' lang='lat' dir='ltr'><strong>sit</strong></span> 
     </span>
    </p>
   </div>
   <div class='ocr_carea' id='block_1_30' title="bbox 1875 1482 3537 1564">
    <p class='ocr_par' dir='ltr' id='par_1_30' title="bbox 1875 1482 3537 1564">
     <span class='ocr_line' id='line_1_30' title="bbox 1875 1482 3537 1564; baseline 0.011 -34"><span class='ocrx_word' id='word_1_231' title='bbox 1875 1491 2121 1534; x_wconf 89' lang='lat' dir='ltr'><strong>necesse</strong></span> <span class='ocrx_word' id='word_1_232' title='bbox 2152 1486 2259 1536; x_wconf 91' lang='lat' dir='ltr'><strong>est.</strong></span> <span class='ocrx_word' id='word_1_233' title='bbox 2287 1482 2344 1538; x_wconf 91' lang='lat' dir='ltr'><strong>Si</strong></span> <span class='ocrx_word' id='word_1_234' title='bbox 2368 1499 2511 1539; x_wconf 90' lang='lat' dir='ltr'><strong>vero</strong></span> <span class='ocrx_word' id='word_1_235' title='bbox 2551 1500 2588 1540; x_wconf 92' lang='lat' dir='ltr'><strong>a</strong></span> <span class='ocrx_word' id='word_1_236' title='bbox 2618 1488 2918 1543; x_wconf 88' lang='lat' dir='ltr'><strong>contrario</strong></span> <span class='ocrx_word' id='word_1_237' title='bbox 2962 1504 3074 1560; x_wconf 90' lang='lat' dir='ltr'><strong>pro</strong></span> <span class='ocrx_word' id='word_1_238' title='bbox 3118 1506 3188 1546; x_wconf 90' lang='lat' dir='ltr'><strong>eo</strong></span> <span class='ocrx_word' id='word_1_239' title='bbox 3233 1493 3399 1564; x_wconf 89' lang='lat' dir='ltr'><strong>quod</strong></span> <span class='ocrx_word' id='word_1_240' title='bbox 3446 1496 3537 1549; x_wconf 89' lang='lat' dir='ltr'><strong>est</strong></span> 
     </span>
    </p>
   </div>
   <div class='ocr_carea' id='block_1_31' title="bbox 1873 1569 3532 1650">
    <p class='ocr_par' dir='ltr' id='par_1_31' title="bbox 1873 1569 3532 1650">
     <span class='ocr_line' id='line_1_31' title="bbox 1873 1569 3532 1650; baseline 0.01 -29"><span class='ocrx_word' id='word_1_241' title='bbox 1873 1580 1997 1621; x_wconf 90' lang='lat' dir='ltr'><strong>non</strong></span> <span class='ocrx_word' id='word_1_242' title='bbox 2017 1574 2296 1639; x_wconf 86' lang='lat' dir='ltr'><strong>paratum</strong></span> <span class='ocrx_word' id='word_1_243' title='bbox 2312 1573 2554 1641; x_wconf 90' lang='lat' dir='ltr'><strong>asscris,</strong></span> <span class='ocrx_word' id='word_1_244' title='bbox 2573 1569 2789 1630; x_wconf 82' lang='lat' dir='ltr'><strong>videris</strong></span> <span class='ocrx_word' id='word_1_245' title='bbox 2804 1576 2933 1648; x_wconf 91' lang='lat' dir='ltr'><strong>ipse</strong></span> <span class='ocrx_word' id='word_1_246' title='bbox 2945 1577 3167 1650; x_wconf 87' lang='lat' dir='ltr'><strong>quibus</strong></span> <span class='ocrx_word' id='word_1_247' title='bbox 3185 1581 3532 1637; x_wconf 88' lang='lat' dir='ltr'><strong>auctoribus</strong></span> 
     </span>
    </p>
   </div>
   <div class='ocr_carea' id='block_1_32' title="bbox 1872 1654 3533 1742">
    <p class='ocr_par' dir='ltr' id='par_1_32' title="bbox 1872 1654 3533 1742">
     <span class='ocr_line' id='line_1_32' title="bbox 1872 1654 3533 1742; baseline 0.011 -33"><span class='ocrx_word' id='word_1_248' title='bbox 1872 1654 1934 1710; x_wconf 91' lang='lat' dir='ltr'><strong>id</strong></span> <span class='ocrx_word' id='word_1_249' title='bbox 1956 1660 2318 1728; x_wconf 88' lang='lat' dir='ltr'><strong>persuadere</strong></span> <span class='ocrx_word' id='word_1_250' title='bbox 2338 1678 2561 1734; x_wconf 90' lang='lat' dir='ltr'><strong>queas;</strong></span> <span class='ocrx_word' id='word_1_251' title='bbox 2590 1679 2732 1720; x_wconf 92' lang='lat' dir='ltr'><strong>nam</strong></span> <span class='ocrx_word' id='word_1_252' title='bbox 2758 1667 3018 1722; x_wconf 90' lang='lat' dir='ltr'><strong>veritatis</strong></span> <span class='ocrx_word' id='word_1_253' title='bbox 3047 1667 3153 1723; x_wconf 90' lang='lat' dir='ltr'><strong>ﬁlii</strong></span> <span class='ocrx_word' id='word_1_254' title='bbox 3173 1669 3412 1742; x_wconf 89' lang='lat' dir='ltr'><strong>penitus</strong></span> <span class='ocrx_word' id='word_1_255' title='bbox 3431 1670 3533 1727; x_wconf 87' lang='lat' dir='ltr'><strong>illa</strong></span> 
     </span>
    </p>
   </div>
   <div class='ocr_carea' id='block_1_33' title="bbox 95 1747 3532 1830">
    <p class='ocr_par' dir='ltr' id='par_1_33' title="bbox 95 1747 3532 1830">
     <span class='ocr_line' id='line_1_33' title="bbox 95 1747 3532 1830; baseline 0 -22"><span class='ocrx_word' id='word_1_256' title='bbox 95 1753 263 1824; x_wconf 83' lang='lat' dir='ltr'><strong>origo</strong></span> <span class='ocrx_word' id='word_1_257' title='bbox 283 1753 655 1821; x_wconf 88' lang='lat' dir='ltr'><strong>discutiatur,</strong></span> <span class='ocrx_word' id='word_1_258' title='bbox 670 1754 1156 1828; x_wconf 76' lang='grc' dir='ltr'><strong>ἰοπαραπτώματε,</strong></span> <span class='ocrx_word' id='word_1_259' title='bbox 1175 1759 1467 1826; x_wconf 85' lang='lat' dir='ltr'><strong>tanquam</strong></span> <span class='ocrx_word' id='word_1_260' title='bbox 1484 1751 1759 1809; x_wconf 87' lang='lat' dir='ltr'><strong>decidere</strong></span> <span class='ocrx_word' id='word_1_261' title='bbox 1791 1769 1834 1822; x_wconf 75' lang='grc' dir='ltr'><strong>Β</strong></span> <span class='ocrx_word' id='word_1_262' title='bbox 1871 1759 1996 1799; x_wconf 87' lang='lat' dir='ltr'><strong>non</strong></span> <span class='ocrx_word' id='word_1_263' title='bbox 2031 1747 2295 1804; x_wconf 86' lang='lat' dir='ltr'><strong>audient.</strong></span> <span class='ocrx_word' id='word_1_264' title='bbox 2320 1755 2408 1805; x_wconf 88' lang='lat' dir='ltr'><strong>Au</strong></span> <span class='ocrx_word' id='word_1_265' title='bbox 2435 1751 2649 1809; x_wconf 89' lang='lat' dir='ltr'><strong>eadem</strong></span> <span class='ocrx_word' id='word_1_266' title='bbox 2669 1754 2909 1811; x_wconf 84' lang='lat' dir='ltr'><strong>insania</strong></span> <span class='ocrx_word' id='word_1_267' title='bbox 2940 1755 3209 1813; x_wconf 74' lang='lat' dir='ltr'><strong>dicturus</strong></span> <span class='ocrx_word' id='word_1_268' title='bbox 3256 1775 3320 1815; x_wconf 83' lang='lat' dir='ltr'><strong>es</strong></span> <span class='ocrx_word' id='word_1_269' title='bbox 3341 1759 3532 1830; x_wconf 70' lang='lat' dir='ltr'><strong>frigus</strong></span> 
     </span>
    </p>
   </div>
   <div class='ocr_carea' id='block_1_34' title="bbox 92 1841 1761 1917">
    <p class='ocr_par' dir='ltr' id='par_1_34' title="bbox 92 1841 1761 1917">
     <span class='ocr_line' id='line_1_34' title="bbox 92 1841 1761 1917; baseline -0.002 -19"><span class='ocrx_word' id='word_1_270' title='bbox 92 1841 433 1913; x_wconf 86' lang='lat' dir='ltr'><strong>intelligitur</strong></span> <span class='ocrx_word' id='word_1_271' title='bbox 457 1842 563 1915; x_wconf 89' lang='lat' dir='ltr'><strong>qui</strong></span> <span class='ocrx_word' id='word_1_272' title='bbox 593 1841 904 1917; x_wconf 89' lang='lat' dir='ltr'><strong>delinquit.</strong></span> <span class='ocrx_word' id='word_1_273' title='bbox 962 1844 1126 1900; x_wconf 93' lang='lat' dir='ltr'><strong>Unde</strong></span> <span class='ocrx_word' id='word_1_274' title='bbox 1154 1845 1434 1906; x_wconf 84' lang='lat' dir='ltr'><strong>cadaver,</strong></span> <span class='ocrx_word' id='word_1_275' title='bbox 1461 1842 1628 1916; x_wconf 90' lang='lat' dir='ltr'><strong>quod</strong></span> <span class='ocrx_word' id='word_1_276' title='bbox 1657 1843 1761 1896; x_wconf 83' lang='lat' dir='ltr'><strong>La-</strong></span> 
     </span>
    </p>
   </div>
   <div class='ocr_carea' id='block_1_35' title="bbox 94 1928 1760 2006">
    <p class='ocr_par' dir='ltr' id='par_1_35' title="bbox 94 1928 1760 2006">
     <span class='ocr_line' id='line_1_35' title="bbox 94 1928 1760 2006; baseline -0.011 -19"><span class='ocrx_word' id='word_1_277' title='bbox 94 1931 200 1987; x_wconf 89' lang='lat' dir='ltr'><strong>tini</strong></span> <span class='ocrx_word' id='word_1_278' title='bbox 230 1947 268 1988; x_wconf 90' lang='lat' dir='ltr'><strong>a</strong></span> <span class='ocrx_word' id='word_1_279' title='bbox 295 1931 560 1989; x_wconf 88' lang='lat' dir='ltr'><strong>cadendo</strong></span> <span class='ocrx_word' id='word_1_280' title='bbox 590 1931 892 2002; x_wconf 88' lang='lat' dir='ltr'><strong>dixerunt,</strong></span> <span class='ocrx_word' id='word_1_281' title='bbox 952 1935 1151 1989; x_wconf 68' lang='lat' dir='ltr'><strong>Greece</strong></span> <span class='ocrx_word' id='word_1_282' title='bbox 1182 1941 1374 2006; x_wconf 78' lang='grc' dir='ltr'>πτῶμα</span> <span class='ocrx_word' id='word_1_283' title='bbox 1404 1932 1620 1987; x_wconf 70' lang='lat' dir='ltr'><strong>dicitur</strong></span> <span class='ocrx_word' id='word_1_284' title='bbox 1657 1928 1760 1981; x_wconf 79' lang='grc' dir='ltr'><strong>ἀπὸ</strong></span> 
     </span>
    </p>
   </div>
   <div class='ocr_carea' id='block_1_36' title="bbox 93 2020 1760 2094">
    <p class='ocr_par' dir='ltr' id='par_1_36' title="bbox 93 2020 1760 2094">
     <span class='ocr_line' id='line_1_36' title="bbox 93 2020 1760 2094; baseline 0.002 -22"><span class='ocrx_word' id='word_1_285' title='bbox 93 2027 184 2072; x_wconf 83' lang='grc' dir='ltr'><strong>τοῦ</strong></span> <span class='ocrx_word' id='word_1_286' title='bbox 211 2025 439 2084; x_wconf 81' lang='grc' dir='ltr'><strong>πίπτειν,</strong></span> <span class='ocrx_word' id='word_1_287' title='bbox 467 2020 530 2077; x_wconf 91' lang='lat' dir='ltr'><strong>id</strong></span> <span class='ocrx_word' id='word_1_288' title='bbox 563 2025 652 2077; x_wconf 87' lang='lat' dir='ltr'><strong>est</strong></span> <span class='ocrx_word' id='word_1_289' title='bbox 679 2021 758 2078; x_wconf 90' lang='lat' dir='ltr'><strong>ab</strong></span> <span class='ocrx_word' id='word_1_290' title='bbox 784 2037 856 2088; x_wconf 88' lang='lat' dir='ltr'><strong>eo</strong></span> <span class='ocrx_word' id='word_1_291' title='bbox 887 2022 1056 2094; x_wconf 89' lang='lat' dir='ltr'><strong>quod</strong></span> <span class='ocrx_word' id='word_1_292' title='bbox 1086 2027 1175 2078; x_wconf 92' lang='lat' dir='ltr'><strong>est</strong></span> <span class='ocrx_word' id='word_1_293' title='bbox 1203 2023 1438 2078; x_wconf 91' lang='lat' dir='ltr'><strong>cadere.</strong></span> <span class='ocrx_word' id='word_1_294' title='bbox 1473 2020 1585 2086; x_wconf 92' lang='lat' dir='ltr'><strong>Qui</strong></span> <span class='ocrx_word' id='word_1_295' title='bbox 1616 2036 1760 2091; x_wconf 87' lang='lat' dir='ltr'><strong>ergo</strong></span> 
     </span>
    </p>
   </div>
   <div class='ocr_carea' id='block_1_37' title="bbox 91 2109 1760 2183">
    <p class='ocr_par' dir='ltr' id='par_1_37' title="bbox 91 2109 1760 2183">
     <span class='ocr_line' id='line_1_37' title="bbox 91 2109 1760 2183; baseline -0.001 -17"><span class='ocrx_word' id='word_1_296' title='bbox 91 2109 401 2182; x_wconf 90' lang='lat' dir='ltr'><strong>peccando</strong></span> <span class='ocrx_word' id='word_1_297' title='bbox 432 2110 668 2170; x_wconf 87' lang='lat' dir='ltr'><strong>malum</strong></span> <span class='ocrx_word' id='word_1_298' title='bbox 712 2111 870 2178; x_wconf 88' lang='lat' dir='ltr'><strong>facit,</strong></span> <span class='ocrx_word' id='word_1_299' title='bbox 902 2111 1068 2183; x_wconf 91' lang='lat' dir='ltr'><strong>prius</strong></span> <span class='ocrx_word' id='word_1_300' title='bbox 1092 2109 1502 2183; x_wconf 88' lang='lat' dir='ltr'><strong>delinquendo</strong></span> <span class='ocrx_word' id='word_1_301' title='bbox 1529 2125 1566 2165; x_wconf 93' lang='lat' dir='ltr'><strong>a</strong></span> <span class='ocrx_word' id='word_1_302' title='bbox 1595 2110 1760 2165; x_wconf 83' lang='lat' dir='ltr'><strong>bono</strong></span> 
     </span>
    </p>
   </div>
   <div class='ocr_carea' id='block_1_38' title="bbox 93 2197 1754 2273">
    <p class='ocr_par' dir='ltr' id='par_1_38' title="bbox 93 2197 1754 2273">
     <span class='ocr_line' id='line_1_38' title="bbox 93 2197 1754 2273; baseline 0 -19"><span class='ocrx_word' id='word_1_303' title='bbox 93 2198 266 2255; x_wconf 87' lang='lat' dir='ltr'><strong>cadit.</strong></span> <span class='ocrx_word' id='word_1_304' title='bbox 301 2202 368 2255; x_wconf 84' lang='lat' dir='ltr'><strong>Et</strong></span> <span class='ocrx_word' id='word_1_305' title='bbox 394 2197 725 2273; x_wconf 79' lang='grc' dir='ltr'><strong>πλημμέλεια</strong></span> <span class='ocrx_word' id='word_1_306' title='bbox 756 2198 949 2255; x_wconf 88' lang='lat' dir='ltr'><strong>simile</strong></span> <span class='ocrx_word' id='word_1_307' title='bbox 975 2215 1199 2255; x_wconf 89' lang='lat' dir='ltr'><strong>nomen</strong></span> <span class='ocrx_word' id='word_1_308' title='bbox 1225 2203 1317 2255; x_wconf 88' lang='lat' dir='ltr'><strong>est</strong></span> <span class='ocrx_word' id='word_1_309' title='bbox 1336 2199 1754 2270; x_wconf 57' lang='lat' dir='ltr'><strong>negligentia:</strong></span> 
     </span>
    </p>
   </div>
   <div class='ocr_carea' id='block_1_39' title="bbox 91 2287 1758 2362">
    <p class='ocr_par' dir='ltr' id='par_1_39' title="bbox 91 2287 1758 2362">
     <span class='ocr_line' id='line_1_39' title="bbox 91 2287 1758 2362; baseline -0.001 -18"><span class='ocrx_word' id='word_1_310' title='bbox 91 2303 234 2344; x_wconf 90' lang='lat' dir='ltr'><strong>nam</strong></span> <span class='ocrx_word' id='word_1_311' title='bbox 263 2291 459 2346; x_wconf 85' lang='lat' dir='ltr'><strong>Graece</strong></span> <span class='ocrx_word' id='word_1_312' title='bbox 487 2289 854 2360; x_wconf 84' lang='lat' dir='ltr'><strong>negligentia</strong></span> <span class='ocrx_word' id='word_1_313' title='bbox 873 2287 1087 2362; x_wconf 78' lang='grc' dir='ltr'><strong>ἀμέλεια</strong></span> <span class='ocrx_word' id='word_1_314' title='bbox 1127 2288 1362 2350; x_wconf 87' lang='lat' dir='ltr'><strong>dicitur,</strong></span> <span class='ocrx_word' id='word_1_315' title='bbox 1413 2287 1559 2360; x_wconf 90' lang='lat' dir='ltr'><strong>quia</strong></span> <span class='ocrx_word' id='word_1_316' title='bbox 1598 2304 1758 2343; x_wconf 55' lang='lat' dir='ltr'><strong>cura</strong></span> 
     </span>
    </p>
   </div>
   <div class='ocr_carea' id='block_1_40' title="bbox 92 2377 1753 2452">
    <p class='ocr_par' dir='ltr' id='par_1_40' title="bbox 92 2377 1753 2452">
     <span class='ocr_line' id='line_1_40' title="bbox 92 2377 1753 2452; baseline -0.001 -19"><span class='ocrx_word' id='word_1_317' title='bbox 92 2393 214 2434; x_wconf 91' lang='lat' dir='ltr'><strong>non</strong></span> <span class='ocrx_word' id='word_1_318' title='bbox 243 2383 337 2435; x_wconf 88' lang='lat' dir='ltr'><strong>est</strong></span> <span class='ocrx_word' id='word_1_319' title='bbox 364 2378 532 2452; x_wconf 92' lang='lat' dir='ltr'><strong>quod</strong></span> <span class='ocrx_word' id='word_1_320' title='bbox 572 2377 913 2450; x_wconf 88' lang='lat' dir='ltr'><strong>negligitur.</strong></span> <span class='ocrx_word' id='word_1_321' title='bbox 967 2379 1059 2435; x_wconf 92' lang='lat' dir='ltr'><strong>Sic</strong></span> <span class='ocrx_word' id='word_1_322' title='bbox 1103 2378 1264 2435; x_wconf 91' lang='lat' dir='ltr'><strong>enim</strong></span> <span class='ocrx_word' id='word_1_323' title='bbox 1295 2380 1534 2434; x_wconf 82' lang='lat' dir='ltr'><strong>Graecus</strong></span> <span class='ocrx_word' id='word_1_324' title='bbox 1566 2377 1708 2433; x_wconf 90' lang='lat' dir='ltr'><strong>dicit</strong></span> <span class='ocrx_word' id='word_1_325' title='bbox 1741 2395 1753 2433; x_wconf 93' lang='lat'>:</span> 
     </span>
    </p>
   </div>
   <div class='ocr_carea' id='block_1_41' title="bbox 92 2465 1754 2541">
    <p class='ocr_par' dir='ltr' id='par_1_41' title="bbox 92 2465 1754 2541">
     <span class='ocr_line' id='line_1_41' title="bbox 92 2465 1754 2541; baseline -0.001 -19"><span class='ocrx_word' id='word_1_326' title='bbox 92 2467 226 2524; x_wconf 90' lang='lat' dir='ltr'><strong>Non</strong></span> <span class='ocrx_word' id='word_1_327' title='bbox 243 2483 412 2536; x_wconf 90' lang='lat' dir='ltr'><strong>curo,</strong></span> <span class='ocrx_word' id='word_1_328' title='bbox 429 2468 487 2520; x_wconf 79' lang='grc' dir='ltr'>οὑ</span> <span class='ocrx_word' id='word_1_329' title='bbox 509 2467 682 2541; x_wconf 76' lang='grc' dir='ltr'>μέλλει</span> <span class='ocrx_word' id='word_1_330' title='bbox 702 2487 812 2541; x_wconf 85' lang='grc' dir='ltr'>μοι.</span> <span class='ocrx_word' id='word_1_331' title='bbox 828 2467 1128 2524; x_wconf 90' lang='lat' dir='ltr'><strong>Particula</strong></span> <span class='ocrx_word' id='word_1_332' title='bbox 1148 2483 1312 2539; x_wconf 89' lang='lat' dir='ltr'><strong>ergo,</strong></span> <span class='ocrx_word' id='word_1_333' title='bbox 1339 2482 1476 2540; x_wconf 59' lang='lat' dir='ltr'><strong>quae</strong></span> <span class='ocrx_word' id='word_1_334' title='bbox 1493 2465 1754 2532; x_wconf 88' lang='lat' dir='ltr'><strong>additur,</strong></span> 
     </span>
    </p>
   </div>
   <div class='ocr_carea' id='block_1_42' title="bbox 88 2555 1759 2630">
    <p class='ocr_par' dir='ltr' id='par_1_42' title="bbox 88 2555 1759 2630">
     <span class='ocr_line' id='line_1_42' title="bbox 88 2555 1759 2630; baseline 0.002 -23"><span class='ocrx_word' id='word_1_335' title='bbox 88 2555 238 2622; x_wconf 78' lang='grc' dir='ltr'>πλήν,</span> <span class='ocrx_word' id='word_1_336' title='bbox 266 2561 336 2613; x_wconf 90' lang='lat' dir='ltr'><strong>ut</strong></span> <span class='ocrx_word' id='word_1_337' title='bbox 381 2555 618 2614; x_wconf 89' lang='lat' dir='ltr'><strong>dicatur</strong></span> <span class='ocrx_word' id='word_1_338' title='bbox 654 2556 1002 2630; x_wconf 80' lang='grc' dir='ltr'><strong>πλήμμέλεια,</strong></span> <span class='ocrx_word' id='word_1_339' title='bbox 1049 2562 1275 2627; x_wconf 69' lang='grc' dir='ltr'><strong>ρνέειθν</strong></span> <span class='ocrx_word' id='word_1_340' title='bbox 1330 2555 1646 2626; x_wconf 85' lang='lat' dir='ltr'><strong>signiﬁcat,</strong></span> <span class='ocrx_word' id='word_1_341' title='bbox 1693 2558 1759 2611; x_wconf 90' lang='lat' dir='ltr'><strong>ut</strong></span> 
     </span>
    </p>
   </div>
   <div class='ocr_carea' id='block_1_43' title="bbox 91 2643 1756 2720">
    <p class='ocr_par' dir='ltr' id='par_1_43' title="bbox 91 2643 1756 2720">
     <span class='ocr_line' id='line_1_43' title="bbox 91 2643 1756 2720; baseline 0.002 -23"><span class='ocrx_word' id='word_1_342' title='bbox 91 2643 303 2718; x_wconf 79' lang='grc' dir='ltr'>ἀμέλεια</span> <span class='ocrx_word' id='word_1_343' title='bbox 328 2646 498 2720; x_wconf 91' lang='lat' dir='ltr'><strong>quod</strong></span> <span class='ocrx_word' id='word_1_344' title='bbox 521 2650 770 2703; x_wconf 91' lang='lat' dir='ltr'><strong>vocatur</strong></span> <span class='ocrx_word' id='word_1_345' title='bbox 796 2647 1188 2718; x_wconf 79' lang='lat' dir='ltr'><strong>negligentia,</strong></span> <span class='ocrx_word' id='word_1_346' title='bbox 1227 2645 1504 2702; x_wconf 87' lang='lat' dir='ltr'><strong>videatur</strong></span> <span class='ocrx_word' id='word_1_347' title='bbox 1541 2659 1756 2701; x_wconf 90' lang='lat' dir='ltr'><strong>sonare</strong></span> 
     </span>
    </p>
   </div>
   <div class='ocr_carea' id='block_1_44' title="bbox 91 2733 1756 2808">
    <p class='ocr_par' dir='ltr' id='par_1_44' title="bbox 91 2733 1756 2808">
     <span class='ocr_line' id='line_1_44' title="bbox 91 2733 1756 2808; baseline -0.001 -19"><span class='ocrx_word' id='word_1_348' title='bbox 91 2735 218 2791; x_wconf 83' lang='lat' dir='ltr'><strong>sine</strong></span> <span class='ocrx_word' id='word_1_349' title='bbox 259 2750 455 2804; x_wconf 90' lang='lat' dir='ltr'><strong>cura;</strong></span> <span class='ocrx_word' id='word_1_350' title='bbox 495 2733 824 2808; x_wconf 80' lang='grc' dir='ltr'><strong>πλημμέλεια</strong></span> <span class='ocrx_word' id='word_1_351' title='bbox 865 2741 1088 2806; x_wconf 74' lang='lat' dir='ltr'><strong>praeter</strong></span> <span class='ocrx_word' id='word_1_352' title='bbox 1115 2750 1346 2801; x_wconf 88' lang='lat' dir='ltr'><strong>curam,</strong></span> <span class='ocrx_word' id='word_1_353' title='bbox 1381 2733 1548 2806; x_wconf 90' lang='lat' dir='ltr'><strong>quod</strong></span> <span class='ocrx_word' id='word_1_354' title='bbox 1601 2749 1756 2806; x_wconf 90' lang='lat' dir='ltr'><strong>pene</strong></span> 
     </span>
    </p>
   </div>
   <div class='ocr_carea' id='block_1_45' title="bbox 88 2822 1755 2898">
    <p class='ocr_par' dir='ltr' id='par_1_45' title="bbox 88 2822 1755 2898">
     <span class='ocr_line' id='line_1_45' title="bbox 88 2822 1755 2898; baseline -0.002 -19"><span class='ocrx_word' id='word_1_355' title='bbox 88 2824 470 2881; x_wconf 88' lang='lat' dir='ltr'><strong>tantumdem</strong></span> <span class='ocrx_word' id='word_1_356' title='bbox 499 2829 608 2881; x_wconf 88' lang='lat' dir='ltr'><strong>est.</strong></span> <span class='ocrx_word' id='word_1_357' title='bbox 642 2824 790 2880; x_wconf 86' lang='lat' dir='ltr'><strong>Hinc</strong></span> <span class='ocrx_word' id='word_1_358' title='bbox 814 2829 872 2881; x_wconf 92' lang='lat' dir='ltr'><strong>et</strong></span> <span class='ocrx_word' id='word_1_359' title='bbox 899 2824 1148 2898; x_wconf 90' lang='lat' dir='ltr'><strong>quidam</strong></span> <span class='ocrx_word' id='word_1_360' title='bbox 1178 2824 1368 2880; x_wconf 90' lang='lat' dir='ltr'><strong>nostri</strong></span> <span class='ocrx_word' id='word_1_361' title='bbox 1397 2822 1755 2896; x_wconf 78' lang='grc' dir='ltr'><strong>πλημμέλειαν</strong></span> 
     </span>
    </p>
   </div>
   <div class='ocr_carea' id='block_1_46' title="bbox 90 2913 1754 2987">
    <p class='ocr_par' dir='ltr' id='par_1_46' title="bbox 90 2913 1754 2987">
     <span class='ocr_line' id='line_1_46' title="bbox 90 2913 1754 2987; baseline 0.001 -19"><span class='ocrx_word' id='word_1_362' title='bbox 90 2928 210 2970; x_wconf 91' lang='lat' dir='ltr'><strong>non</strong></span> <span class='ocrx_word' id='word_1_363' title='bbox 235 2915 526 2971; x_wconf 82' lang='lat' dir='ltr'><strong>delictum</strong></span> <span class='ocrx_word' id='word_1_364' title='bbox 553 2913 659 2970; x_wconf 91' lang='lat' dir='ltr'><strong>sed</strong></span> <span class='ocrx_word' id='word_1_365' title='bbox 680 2916 1112 2986; x_wconf 86' lang='lat' dir='ltr'><strong>negligentiam</strong></span> <span class='ocrx_word' id='word_1_366' title='bbox 1137 2914 1517 2987; x_wconf 87' lang='lat' dir='ltr'><strong>interpretari</strong></span> <span class='ocrx_word' id='word_1_367' title='bbox 1545 2913 1754 2970; x_wconf 90' lang='lat' dir='ltr'><strong>voluc-</strong></span> 
     </span>
    </p>
   </div>
   <div class='ocr_carea' id='block_1_47' title="bbox 89 3003 1755 3076">
    <p class='ocr_par' dir='ltr' id='par_1_47' title="bbox 89 3003 1755 3076">
     <span class='ocr_line' id='line_1_47' title="bbox 89 3003 1755 3076; baseline 0 -18"><span class='ocrx_word' id='word_1_368' title='bbox 89 3008 226 3060; x_wconf 90' lang='lat' dir='ltr'><strong>runt</strong></span> <span class='ocrx_word' id='word_1_369' title='bbox 252 3004 386 3076; x_wconf 91' lang='lat' dir='ltr'><strong>[al.,</strong></span> <span class='ocrx_word' id='word_1_370' title='bbox 416 3003 795 3075; x_wconf 88' lang='lat' dir='ltr'><strong>maluerunt].</strong></span> <span class='ocrx_word' id='word_1_371' title='bbox 835 3007 892 3059; x_wconf 91' lang='lat' dir='ltr'><strong>In</strong></span> <span class='ocrx_word' id='word_1_372' title='bbox 929 3005 1136 3060; x_wconf 90' lang='lat' dir='ltr'><strong>Latina</strong></span> <span class='ocrx_word' id='word_1_373' title='bbox 1157 3008 1356 3060; x_wconf 87' lang='lat' dir='ltr'><strong>autem</strong></span> <span class='ocrx_word' id='word_1_374' title='bbox 1377 3003 1587 3072; x_wconf 87' lang='lat' dir='ltr'><strong>lingua</strong></span> <span class='ocrx_word' id='word_1_375' title='bbox 1608 3003 1755 3076; x_wconf 91' lang='lat' dir='ltr'><strong>quid</strong></span> 
     </span>
    </p>
   </div>
   <div class='ocr_carea' id='block_1_48' title="bbox 91 3091 1752 3164">
    <p class='ocr_par' dir='ltr' id='par_1_48' title="bbox 91 3091 1752 3164">
     <span class='ocr_line' id='line_1_48' title="bbox 91 3091 1752 3164; baseline 0 -17"><span class='ocrx_word' id='word_1_376' title='bbox 91 3091 256 3149; x_wconf 88' lang='lat' dir='ltr'><strong>aliud</strong></span> <span class='ocrx_word' id='word_1_377' title='bbox 281 3091 606 3162; x_wconf 88' lang='lat' dir='ltr'><strong>negligitur</strong></span> <span class='ocrx_word' id='word_1_378' title='bbox 634 3091 749 3147; x_wconf 93' lang='lat' dir='ltr'><strong>nisi</strong></span> <span class='ocrx_word' id='word_1_379' title='bbox 777 3093 944 3164; x_wconf 90' lang='lat' dir='ltr'><strong>quod</strong></span> <span class='ocrx_word' id='word_1_380' title='bbox 975 3108 1098 3148; x_wconf 91' lang='lat' dir='ltr'><strong>non</strong></span> <span class='ocrx_word' id='word_1_381' title='bbox 1125 3092 1358 3163; x_wconf 88' lang='lat' dir='ltr'><strong>legitur,</strong></span> <span class='ocrx_word' id='word_1_382' title='bbox 1419 3092 1483 3148; x_wconf 92' lang='lat' dir='ltr'><strong>id</strong></span> <span class='ocrx_word' id='word_1_383' title='bbox 1511 3097 1602 3148; x_wconf 92' lang='lat' dir='ltr'><strong>est</strong></span> <span class='ocrx_word' id='word_1_384' title='bbox 1631 3107 1752 3147; x_wconf 89' lang='lat' dir='ltr'><strong>non</strong></span> 
     </span>
    </p>
   </div>
   <div class='ocr_carea' id='block_1_49' title="bbox 91 3181 1758 3254">
    <p class='ocr_par' dir='ltr' id='par_1_49' title="bbox 91 3181 1758 3254">
     <span class='ocr_line' id='line_1_49' title="bbox 91 3181 1758 3254; baseline 0 -16"><span class='ocrx_word' id='word_1_385' title='bbox 91 3181 345 3254; x_wconf 89' lang='lat' dir='ltr'><strong>eligitur.</strong></span> <span class='ocrx_word' id='word_1_386' title='bbox 373 3181 540 3238; x_wconf 90' lang='lat' dir='ltr'><strong>Unde</strong></span> <span class='ocrx_word' id='word_1_387' title='bbox 560 3181 743 3238; x_wconf 92' lang='lat' dir='ltr'><strong>etiam</strong></span> <span class='ocrx_word' id='word_1_388' title='bbox 771 3183 956 3253; x_wconf 87' lang='lat' dir='ltr'><strong>legem</strong></span> <span class='ocrx_word' id='word_1_389' title='bbox 987 3198 1024 3238; x_wconf 92' lang='lat' dir='ltr'><strong>a</strong></span> <span class='ocrx_word' id='word_1_390' title='bbox 1045 3183 1315 3253; x_wconf 83' lang='lat' dir='ltr'><strong>legendo,</strong></span> <span class='ocrx_word' id='word_1_391' title='bbox 1346 3182 1410 3238; x_wconf 93' lang='lat' dir='ltr'><strong>id</strong></span> <span class='ocrx_word' id='word_1_392' title='bbox 1439 3185 1527 3238; x_wconf 87' lang='lat' dir='ltr'><strong>est</strong></span> <span class='ocrx_word' id='word_1_393' title='bbox 1556 3181 1635 3238; x_wconf 91' lang='lat' dir='ltr'><strong>ab</strong></span> <span class='ocrx_word' id='word_1_394' title='bbox 1656 3182 1758 3238; x_wconf 85' lang='lat' dir='ltr'><strong>eli-</strong></span> 
     </span>
    </p>
   </div>
   <div class='ocr_carea' id='block_1_50' title="bbox 89 3269 1754 3343">
    <p class='ocr_par' dir='ltr' id='par_1_50' title="bbox 89 3269 1754 3343">
     <span class='ocr_line' id='line_1_50' title="bbox 89 3269 1754 3343; baseline 0 -16"><span class='ocrx_word' id='word_1_395' title='bbox 89 3273 303 3342; x_wconf 86' lang='lat' dir='ltr'><strong>gendo,</strong></span> <span class='ocrx_word' id='word_1_396' title='bbox 340 3269 528 3326; x_wconf 88' lang='lat' dir='ltr'><strong>Latini</strong></span> <span class='ocrx_word' id='word_1_397' title='bbox 556 3275 830 3327; x_wconf 90' lang='lat' dir='ltr'><strong>auctores</strong></span> <span class='ocrx_word' id='word_1_398' title='bbox 860 3269 1226 3343; x_wconf 88' lang='lat' dir='ltr'><strong>appellatam</strong></span> <span class='ocrx_word' id='word_1_399' title='bbox 1279 3286 1410 3326; x_wconf 89' lang='lat' dir='ltr'><strong>esse</strong></span> <span class='ocrx_word' id='word_1_400' title='bbox 1455 3270 1754 3327; x_wconf 83' lang='lat' dir='ltr'><strong>dixerunt.</strong></span> 
     </span>
    </p>
   </div>
   <div class='ocr_carea' id='block_1_51' title="bbox 92 3359 1756 3434">
    <p class='ocr_par' dir='ltr' id='par_1_51' title="bbox 92 3359 1756 3434">
     <span class='ocr_line' id='line_1_51' title="bbox 92 3359 1756 3434; baseline 0.001 -21"><span class='ocrx_word' id='word_1_401' title='bbox 92 3359 190 3416; x_wconf 86' lang='lat' dir='ltr'><strong>His</strong></span> <span class='ocrx_word' id='word_1_402' title='bbox 214 3359 684 3434; x_wconf 87' lang='lat' dir='ltr'><strong>quodammodo</strong></span> <span class='ocrx_word' id='word_1_403' title='bbox 709 3360 976 3430; x_wconf 83' lang='lat' dir='ltr'><strong>vestigiis</strong></span> <span class='ocrx_word' id='word_1_404' title='bbox 1007 3359 1304 3429; x_wconf 89' lang='lat' dir='ltr'><strong>colligitur</strong></span> <span class='ocrx_word' id='word_1_405' title='bbox 1332 3360 1499 3432; x_wconf 89' lang='lat' dir='ltr'><strong>quod</strong></span> <span class='ocrx_word' id='word_1_406' title='bbox 1526 3360 1622 3416; x_wconf 89' lang='lat' dir='ltr'><strong>ille</strong></span> <span class='ocrx_word' id='word_1_407' title='bbox 1651 3360 1756 3415; x_wconf 91' lang='lat' dir='ltr'><strong>de-</strong></span> 
     </span>
    </p>
   </div>
   <div class='ocr_carea' id='block_1_52' title="bbox 90 3449 1759 3525">
    <p class='ocr_par' dir='ltr' id='par_1_52' title="bbox 90 3449 1759 3525">
     <span class='ocr_line' id='line_1_52' title="bbox 90 3449 1759 3525; baseline 0.001 -19"><span class='ocrx_word' id='word_1_408' title='bbox 90 3449 327 3525; x_wconf 89' lang='lat' dir='ltr'><strong>linquit,</strong></span> <span class='ocrx_word' id='word_1_409' title='bbox 359 3450 465 3524; x_wconf 90' lang='lat' dir='ltr'><strong>qui</strong></span> <span class='ocrx_word' id='word_1_410' title='bbox 490 3450 722 3507; x_wconf 91' lang='lat' dir='ltr'><strong>bonum</strong></span> <span class='ocrx_word' id='word_1_411' title='bbox 781 3450 1120 3524; x_wconf 89' lang='lat' dir='ltr'><strong>dereliquit,</strong></span> <span class='ocrx_word' id='word_1_412' title='bbox 1179 3455 1237 3507; x_wconf 89' lang='lat' dir='ltr'><strong>et</strong></span> <span class='ocrx_word' id='word_1_413' title='bbox 1288 3449 1682 3523; x_wconf 90' lang='lat' dir='ltr'><strong>relinquendo</strong></span> <span class='ocrx_word' id='word_1_414' title='bbox 1721 3465 1759 3508; x_wconf 89' lang='lat' dir='ltr'><strong>a</strong></span> 
     </span>
    </p>
   </div>
   <div class='ocr_carea' id='block_1_53' title="bbox 90 3537 1759 3614">
    <p class='ocr_par' dir='ltr' id='par_1_53' title="bbox 90 3537 1759 3614">
     <span class='ocr_line' id='line_1_53' title="bbox 90 3537 1759 3614; baseline 0.001 -19"><span class='ocrx_word' id='word_1_415' title='bbox 90 3537 251 3598; x_wconf 83' lang='lat' dir='ltr'><strong>bono</strong></span> <span class='ocrx_word' id='word_1_416' title='bbox 282 3539 468 3612; x_wconf 88' lang='lat' dir='ltr'><strong>cadit,</strong></span> <span class='ocrx_word' id='word_1_417' title='bbox 490 3540 637 3614; x_wconf 91' lang='lat' dir='ltr'><strong>quia</strong></span> <span class='ocrx_word' id='word_1_418' title='bbox 655 3539 924 3611; x_wconf 90' lang='lat' dir='ltr'><strong>negligit,</strong></span> <span class='ocrx_word' id='word_1_419' title='bbox 958 3539 1020 3596; x_wconf 90' lang='lat' dir='ltr'><strong>id</strong></span> <span class='ocrx_word' id='word_1_420' title='bbox 1049 3543 1140 3596; x_wconf 92' lang='lat' dir='ltr'><strong>est</strong></span> <span class='ocrx_word' id='word_1_421' title='bbox 1186 3555 1312 3596; x_wconf 92' lang='lat' dir='ltr'><strong>non</strong></span> <span class='ocrx_word' id='word_1_422' title='bbox 1352 3539 1512 3610; x_wconf 87' lang='lat' dir='ltr'><strong>legit.</strong></span> <span class='ocrx_word' id='word_1_423' title='bbox 1551 3543 1759 3596; x_wconf 92' lang='lat' dir='ltr'><strong>Pecca-</strong></span> 
     </span>
    </p>
   </div>
   <div class='ocr_carea' id='block_1_54' title="bbox 87 3628 1760 3704">
    <p class='ocr_par' dir='ltr' id='par_1_54' title="bbox 87 3628 1760 3704">
     <span class='ocr_line' id='line_1_54' title="bbox 87 3628 1760 3704; baseline -0.001 -19"><span class='ocrx_word' id='word_1_424' title='bbox 87 3632 212 3687; x_wconf 90' lang='lat' dir='ltr'><strong>tum</strong></span> <span class='ocrx_word' id='word_1_425' title='bbox 231 3645 382 3688; x_wconf 90' lang='lat' dir='ltr'><strong>vero</strong></span> <span class='ocrx_word' id='word_1_426' title='bbox 413 3629 574 3686; x_wconf 90' lang='lat' dir='ltr'><strong>unde</strong></span> <span class='ocrx_word' id='word_1_427' title='bbox 601 3629 676 3686; x_wconf 90' lang='lat' dir='ltr'><strong>sit</strong></span> <span class='ocrx_word' id='word_1_428' title='bbox 700 3629 952 3698; x_wconf 90' lang='lat' dir='ltr'><strong>dictum,</strong></span> <span class='ocrx_word' id='word_1_429' title='bbox 986 3629 1152 3702; x_wconf 88' lang='lat' dir='ltr'><strong>quod</strong></span> <span class='ocrx_word' id='word_1_430' title='bbox 1181 3631 1378 3686; x_wconf 73' lang='lat' dir='ltr'><strong>Graece</strong></span> <span class='ocrx_word' id='word_1_431' title='bbox 1408 3629 1642 3704; x_wconf 83' lang='grc' dir='ltr'>ἁμαρτία</span> <span class='ocrx_word' id='word_1_432' title='bbox 1672 3628 1760 3684; x_wconf 88' lang='lat' dir='ltr'><strong>di-</strong></span> 
     </span>
    </p>
   </div>
   <div class='ocr_carea' id='block_1_55' title="bbox 92 3718 1759 3790">
    <p class='ocr_par' dir='ltr' id='par_1_55' title="bbox 92 3718 1759 3790">
     <span class='ocr_line' id='line_1_55' title="bbox 92 3718 1759 3790; baseline 0 -16"><span class='ocrx_word' id='word_1_433' title='bbox 92 3720 259 3789; x_wconf 88' lang='lat' dir='ltr'><strong>citur,</strong></span> <span class='ocrx_word' id='word_1_434' title='bbox 292 3721 357 3776; x_wconf 91' lang='lat' dir='ltr'><strong>in</strong></span> <span class='ocrx_word' id='word_1_435' title='bbox 379 3723 594 3777; x_wconf 87' lang='lat' dir='ltr'><strong>neutra</strong></span> <span class='ocrx_word' id='word_1_436' title='bbox 621 3719 830 3790; x_wconf 89' lang='lat' dir='ltr'><strong>lingua</strong></span> <span class='ocrx_word' id='word_1_437' title='bbox 859 3719 1010 3774; x_wconf 87' lang='lat' dir='ltr'><strong>mihi</strong></span> <span class='ocrx_word' id='word_1_438' title='bbox 1055 3719 1294 3775; x_wconf 87' lang='lat' dir='ltr'><strong>interim</strong></span> <span class='ocrx_word' id='word_1_439' title='bbox 1345 3718 1620 3774; x_wconf 89' lang='lat' dir='ltr'><strong>occurrit.</strong></span> <span class='ocrx_word' id='word_1_440' title='bbox 1655 3721 1759 3774; x_wconf 90' lang='lat' dir='ltr'><strong>Po-</strong></span> 
     </span>
    </p>
   </div>
   <div class='ocr_carea' id='block_1_56' title="bbox 93 3809 1757 3882">
    <p class='ocr_par' dir='ltr' id='par_1_56' title="bbox 93 3809 1757 3882">
     <span class='ocr_line' id='line_1_56' title="bbox 93 3809 1757 3882; baseline -0.001 -17"><span class='ocrx_word' id='word_1_441' title='bbox 93 3813 201 3867; x_wconf 87' lang='lat' dir='ltr'><strong>test</strong></span> <span class='ocrx_word' id='word_1_442' title='bbox 230 3811 416 3868; x_wconf 88' lang='lat' dir='ltr'><strong>etiam</strong></span> <span class='ocrx_word' id='word_1_443' title='bbox 445 3809 636 3866; x_wconf 89' lang='lat' dir='ltr'><strong>videri</strong></span> <span class='ocrx_word' id='word_1_444' title='bbox 667 3810 814 3866; x_wconf 92' lang='lat' dir='ltr'><strong>illud</strong></span> <span class='ocrx_word' id='word_1_445' title='bbox 846 3826 979 3866; x_wconf 90' lang='lat' dir='ltr'><strong>esse</strong></span> <span class='ocrx_word' id='word_1_446' title='bbox 1011 3809 1298 3866; x_wconf 82' lang='lat' dir='ltr'><strong>delictum</strong></span> <span class='ocrx_word' id='word_1_447' title='bbox 1329 3809 1496 3882; x_wconf 89' lang='lat' dir='ltr'><strong>quod</strong></span> <span class='ocrx_word' id='word_1_448' title='bbox 1530 3809 1757 3882; x_wconf 87' lang='lat' dir='ltr'><strong>impru-</strong></span> 
     </span>
    </p>
   </div>
   <div class='ocr_carea' id='block_1_57' title="bbox 93 3898 1756 3972">
    <p class='ocr_par' dir='ltr' id='par_1_57' title="bbox 93 3898 1756 3972">
     <span class='ocr_line' id='line_1_57' title="bbox 93 3898 1756 3972; baseline -0.001 -17"><span class='ocrx_word' id='word_1_449' title='bbox 93 3898 318 3970; x_wconf 89' lang='lat' dir='ltr'><strong>denter,</strong></span> <span class='ocrx_word' id='word_1_450' title='bbox 345 3899 410 3957; x_wconf 89' lang='lat' dir='ltr'><strong>id</strong></span> <span class='ocrx_word' id='word_1_451' title='bbox 458 3904 550 3957; x_wconf 90' lang='lat' dir='ltr'><strong>est</strong></span> <span class='ocrx_word' id='word_1_452' title='bbox 603 3900 987 3970; x_wconf 87' lang='lat' dir='ltr'><strong>ignoranter;</strong></span> <span class='ocrx_word' id='word_1_453' title='bbox 1039 3899 1188 3954; x_wconf 89' lang='lat' dir='ltr'><strong>illud</strong></span> <span class='ocrx_word' id='word_1_454' title='bbox 1219 3905 1555 3972; x_wconf 85' lang='lat' dir='ltr'><strong>peccatum,</strong></span> <span class='ocrx_word' id='word_1_455' title='bbox 1591 3899 1756 3972; x_wconf 87' lang='lat' dir='ltr'><strong>quod</strong></span> 
     </span>
    </p>
   </div>
   <div class='ocr_carea' id='block_1_58' title="bbox 95 3987 1759 4047">
    <p class='ocr_par' dir='ltr' id='par_1_58' title="bbox 95 3987 1759 4047">
     <span class='ocr_line' id='line_1_58' title="bbox 95 3987 1759 4047; baseline 0.001 -4"><span class='ocrx_word' id='word_1_456' title='bbox 95 3987 171 4045; x_wconf 93' lang='lat' dir='ltr'><strong>ab</strong></span> <span class='ocrx_word' id='word_1_457' title='bbox 201 3989 428 4047; x_wconf 88' lang='lat' dir='ltr'><strong>sciente</strong></span> <span class='ocrx_word' id='word_1_458' title='bbox 455 3988 864 4046; x_wconf 89' lang='lat' dir='ltr'><strong>committitur.</strong></span> <span class='ocrx_word' id='word_1_459' title='bbox 906 3988 1051 4044; x_wconf 89' lang='lat' dir='ltr'><strong>Huic</strong></span> <span class='ocrx_word' id='word_1_460' title='bbox 1090 3988 1440 4044; x_wconf 78' lang='lat' dir='ltr'><strong>differentiae</strong></span> <span class='ocrx_word' id='word_1_461' title='bbox 1478 3988 1759 4044; x_wconf 92' lang='lat' dir='ltr'><strong>videntur</strong></span> 
     </span>
    </p>
   </div>
   <div class='ocr_carea' id='block_1_59' title="bbox 94 4075 1758 4150">
    <p class='ocr_par' dir='ltr' id='par_1_59' title="bbox 94 4075 1758 4150">
     <span class='ocr_line' id='line_1_59' title="bbox 94 4075 1758 4150; baseline 0.001 -19"><span class='ocrx_word' id='word_1_462' title='bbox 94 4075 205 4135; x_wconf 89' lang='lat' dir='ltr'><strong>ista</strong></span> <span class='ocrx_word' id='word_1_463' title='bbox 228 4077 577 4136; x_wconf 90' lang='lat' dir='ltr'><strong>testimonia</strong></span> <span class='ocrx_word' id='word_1_464' title='bbox 599 4093 936 4135; x_wconf 88' lang='lat' dir='ltr'><strong>consonare</strong></span> <span class='ocrx_word' id='word_1_465' title='bbox 966 4077 1173 4133; x_wconf 88' lang='lat' dir='ltr'><strong>divina</strong></span> <span class='ocrx_word' id='word_1_466' title='bbox 1201 4094 1214 4133; x_wconf 90' lang='lat'><strong>:</strong></span> <span class='ocrx_word' id='word_1_467' title='bbox 1243 4079 1479 4134; x_wconf 77' lang='lat' dir='ltr'><strong>Delicta</strong></span> <span class='ocrx_word' id='word_1_468' title='bbox 1515 4079 1648 4150; x_wconf 87' lang='lat' dir='ltr'><strong>quis</strong></span> <span class='ocrx_word' id='word_1_469' title='bbox 1670 4078 1758 4132; x_wconf 84' lang='lat' dir='ltr'><strong>in-</strong></span> 
     </span>
    </p>
   </div>
   <div class='ocr_carea' id='block_1_60' title="bbox 96 4166 1757 4241">
    <p class='ocr_par' dir='ltr' id='par_1_60' title="bbox 96 4166 1757 4241">
     <span class='ocr_line' id='line_1_60' title="bbox 96 4166 1757 4241; baseline 0 -20"><span class='ocrx_word' id='word_1_470' title='bbox 96 4169 357 4240; x_wconf 85' lang='lat' dir='ltr'><strong>telligit?</strong></span> <span class='ocrx_word' id='word_1_471' title='bbox 411 4169 782 4241; x_wconf 84' lang='lat' dir='ltr'><strong>(Psal.xv1n,</strong></span> <span class='ocrx_word' id='word_1_472' title='bbox 816 4168 928 4240; x_wconf 79' lang='lat' dir='ltr'><strong>t3.)</strong></span> <span class='ocrx_word' id='word_1_473' title='bbox 968 4171 1026 4223; x_wconf 92' lang='lat' dir='ltr'><strong>et</strong></span> <span class='ocrx_word' id='word_1_474' title='bbox 1073 4166 1222 4222; x_wconf 89' lang='lat' dir='ltr'><strong>illud</strong></span> <span class='ocrx_word' id='word_1_475' title='bbox 1276 4185 1289 4223; x_wconf 92' lang='lat'>:</span> <span class='ocrx_word' id='word_1_476' title='bbox 1345 4167 1639 4235; x_wconf 83' lang='lat' dir='ltr'><strong>Quoniam</strong></span> <span class='ocrx_word' id='word_1_477' title='bbox 1691 4171 1757 4221; x_wconf 88' lang='lat' dir='ltr'><strong>tu</strong></span> 
     </span>
    </p>
   </div>
   <div class='ocr_carea' id='block_1_61' title="bbox 90 4256 1756 4331">
    <p class='ocr_par' dir='ltr' id='par_1_61' title="bbox 90 4256 1756 4331">
     <span class='ocr_line' id='line_1_61' title="bbox 90 4256 1756 4331; baseline -0.001 -17"><span class='ocrx_word' id='word_1_478' title='bbox 90 4260 252 4316; x_wconf 85' lang='lat' dir='ltr'><strong>scisti</strong></span> <span class='ocrx_word' id='word_1_479' title='bbox 273 4259 742 4331; x_wconf 83' lang='lat' dir='ltr'><strong>imprudentiam</strong></span> <span class='ocrx_word' id='word_1_480' title='bbox 768 4270 1002 4331; x_wconf 85' lang='lat' dir='ltr'><strong>meam;</strong></span> <span class='ocrx_word' id='word_1_481' title='bbox 1027 4256 1315 4314; x_wconf 90' lang='lat' dir='ltr'><strong>continuo</strong></span> <span class='ocrx_word' id='word_1_482' title='bbox 1343 4256 1569 4330; x_wconf 89' lang='lat' dir='ltr'><strong>quippe</strong></span> <span class='ocrx_word' id='word_1_483' title='bbox 1592 4273 1756 4312; x_wconf 90' lang='lat' dir='ltr'><strong>secu-</strong></span> 
     </span>
    </p>
   </div>
   <div class='ocr_carea' id='block_1_62' title="bbox 94 4345 1755 4423">
    <p class='ocr_par' dir='ltr' id='par_1_62' title="bbox 94 4345 1755 4423">
     <span class='ocr_line' id='line_1_62' title="bbox 94 4345 1755 4423; baseline -0.001 -19"><span class='ocrx_word' id='word_1_484' title='bbox 94 4352 188 4404; x_wconf 90' lang='lat' dir='ltr'><strong>tus</strong></span> <span class='ocrx_word' id='word_1_485' title='bbox 218 4349 501 4423; x_wconf 79' lang='lat' dir='ltr'><strong>adjunxit</strong></span> <span class='ocrx_word' id='word_1_486' title='bbox 528 4366 541 4405; x_wconf 90' lang='lat'><strong>:</strong></span> <span class='ocrx_word' id='word_1_487' title='bbox 565 4349 647 4404; x_wconf 86' lang='lat' dir='ltr'><strong>Et</strong></span> <span class='ocrx_word' id='word_1_488' title='bbox 677 4349 900 4406; x_wconf 87' lang='lat' dir='ltr'><strong>delicta</strong></span> <span class='ocrx_word' id='word_1_489' title='bbox 929 4362 1060 4404; x_wconf 89' lang='lat' dir='ltr'><strong>mea</strong></span> <span class='ocrx_word' id='word_1_490' title='bbox 1090 4348 1196 4404; x_wconf 89' lang='lat' dir='ltr'><strong>abs</strong></span> <span class='ocrx_word' id='word_1_491' title='bbox 1219 4351 1276 4403; x_wconf 91' lang='lat' dir='ltr'><strong>te</strong></span> <span class='ocrx_word' id='word_1_492' title='bbox 1300 4362 1421 4403; x_wconf 91' lang='lat' dir='ltr'><strong>non</strong></span> <span class='ocrx_word' id='word_1_493' title='bbox 1446 4351 1588 4402; x_wconf 81' lang='lat' dir='ltr'><strong>sunt</strong></span> <span class='ocrx_word' id='word_1_494' title='bbox 1627 4345 1755 4404; x_wconf 89' lang='lat' dir='ltr'><strong>abs-</strong></span> 
     </span>
    </p>
   </div>
   <div class='ocr_carea' id='block_1_63' title="bbox 94 4435 1754 4513">
    <p class='ocr_par' dir='ltr' id='par_1_63' title="bbox 94 4435 1754 4513">
     <span class='ocr_line' id='line_1_63' title="bbox 94 4435 1754 4513; baseline -0.001 -19"><span class='ocrx_word' id='word_1_495' title='bbox 94 4440 333 4496; x_wconf 86' lang='lat' dir='ltr'><strong>condita</strong></span> <span class='ocrx_word' id='word_1_496' title='bbox 355 4439 545 4513; x_wconf 85' lang='lat' dir='ltr'><strong>(Psal.</strong></span> <span class='ocrx_word' id='word_1_497' title='bbox 577 4453 775 4504; x_wconf 69' lang='lat' dir='ltr'><strong>LXVI&quot;,</strong></span> <span class='ocrx_word' id='word_1_498' title='bbox 808 4440 885 4509; x_wconf 84' lang='lat'><strong>6),</strong></span> <span class='ocrx_word' id='word_1_499' title='bbox 921 4436 1084 4494; x_wconf 90' lang='lat' dir='ltr'><strong>velut</strong></span> <span class='ocrx_word' id='word_1_500' title='bbox 1111 4435 1232 4492; x_wconf 90' lang='lat' dir='ltr'><strong>alio</strong></span> <span class='ocrx_word' id='word_1_501' title='bbox 1259 4435 1443 4492; x_wconf 87' lang='lat' dir='ltr'><strong>modo</strong></span> <span class='ocrx_word' id='word_1_502' title='bbox 1479 4440 1754 4508; x_wconf 90' lang='lat' dir='ltr'><strong>repetens</strong></span> 
     </span>
    </p>
   </div>
   <div class='ocr_carea' id='block_1_64' title="bbox 94 4525 1757 4586">
    <p class='ocr_par' dir='ltr' id='par_1_64' title="bbox 94 4525 1757 4586">
     <span class='ocr_line' id='line_1_64' title="bbox 94 4525 1757 4586; baseline -0.001 -4"><span class='ocrx_word' id='word_1_503' title='bbox 94 4528 371 4586; x_wconf 87' lang='lat' dir='ltr'><strong>eamdem</strong></span> <span class='ocrx_word' id='word_1_504' title='bbox 400 4527 784 4585; x_wconf 88' lang='lat' dir='ltr'><strong>sententiam.</strong></span> <span class='ocrx_word' id='word_1_505' title='bbox 838 4529 954 4583; x_wconf 89' lang='lat' dir='ltr'><strong>Nec</strong></span> <span class='ocrx_word' id='word_1_506' title='bbox 984 4526 1063 4583; x_wconf 89' lang='lat' dir='ltr'><strong>ab</strong></span> <span class='ocrx_word' id='word_1_507' title='bbox 1093 4525 1304 4582; x_wconf 90' lang='lat' dir='ltr'><strong>eadem</strong></span> <span class='ocrx_word' id='word_1_508' title='bbox 1355 4525 1585 4582; x_wconf 89' lang='lat' dir='ltr'><strong>ratione</strong></span> <span class='ocrx_word' id='word_1_509' title='bbox 1637 4525 1757 4582; x_wconf 84' lang='lat' dir='ltr'><strong>dis-</strong></span> 
     </span>
    </p>
   </div>
   <div class='ocr_carea' id='block_1_65' title="bbox 95 4614 1760 4692">
    <p class='ocr_par' dir='ltr' id='par_1_65' title="bbox 95 4614 1760 4692">
     <span class='ocr_line' id='line_1_65' title="bbox 95 4614 1760 4692; baseline -0.002 -19"><span class='ocrx_word' id='word_1_510' title='bbox 95 4617 318 4688; x_wconf 90' lang='lat' dir='ltr'><strong>cordat,</strong></span> <span class='ocrx_word' id='word_1_511' title='bbox 357 4616 531 4692; x_wconf 92' lang='lat' dir='ltr'><strong>quod</strong></span> <span class='ocrx_word' id='word_1_512' title='bbox 561 4616 746 4690; x_wconf 90' lang='lat' dir='ltr'><strong>paulo</strong></span> <span class='ocrx_word' id='word_1_513' title='bbox 774 4620 912 4673; x_wconf 88' lang='lat' dir='ltr'><strong>ante</strong></span> <span class='ocrx_word' id='word_1_514' title='bbox 944 4615 1443 4680; x_wconf 86' lang='lat' dir='ltr'><strong>commemoravi,</strong></span> <span class='ocrx_word' id='word_1_515' title='bbox 1494 4614 1760 4688; x_wconf 88' lang='lat' dir='ltr'><strong>Apostoli</strong></span> 
     </span>
    </p>
   </div>
   <div class='ocr_carea' id='block_1_66' title="bbox 94 4705 1760 4779">
    <p class='ocr_par' dir='ltr' id='par_1_66' title="bbox 94 4705 1760 4779">
     <span class='ocr_line' id='line_1_66' title="bbox 94 4705 1760 4779; baseline 0 -17"><span class='ocrx_word' id='word_1_516' title='bbox 94 4706 320 4766; x_wconf 88' lang='lat' dir='ltr'><strong>dictum</strong></span> <span class='ocrx_word' id='word_1_517' title='bbox 349 4709 460 4767; x_wconf 89' lang='lat' dir='ltr'><strong>:Si</strong></span> <span class='ocrx_word' id='word_1_518' title='bbox 495 4711 955 4778; x_wconf 74' lang='lat' dir='ltr'><strong>praeoccupatus</strong></span> <span class='ocrx_word' id='word_1_519' title='bbox 982 4708 1174 4779; x_wconf 83' lang='lat' dir='ltr'><strong>fuerit</strong></span> <span class='ocrx_word' id='word_1_520' title='bbox 1219 4706 1390 4763; x_wconf 82' lang='lat' dir='ltr'><strong>homo</strong></span> <span class='ocrx_word' id='word_1_521' title='bbox 1439 4705 1503 4762; x_wconf 88' lang='lat' dir='ltr'><strong>in</strong></span> <span class='ocrx_word' id='word_1_522' title='bbox 1556 4708 1760 4778; x_wconf 90' lang='lat' dir='ltr'><strong>aliquo</strong></span> 
     </span>
    </p>
   </div>
   <div class='ocr_carea' id='block_1_67' title="bbox 93 4795 1760 4872">
    <p class='ocr_par' dir='ltr' id='par_1_67' title="bbox 93 4795 1760 4872">
     <span class='ocr_line' id='line_1_67' title="bbox 93 4795 1760 4872; baseline -0.001 -18"><span class='ocrx_word' id='word_1_523' title='bbox 93 4797 304 4855; x_wconf 87' lang='lat' dir='ltr'><strong>delicto</strong></span> <span class='ocrx_word' id='word_1_524' title='bbox 329 4798 494 4872; x_wconf 87' lang='lat' dir='ltr'><strong>(Gal.</strong></span> <span class='ocrx_word' id='word_1_525' title='bbox 521 4812 601 4868; x_wconf 78' lang='lat' dir='ltr'><strong>vi,</strong></span> <span class='ocrx_word' id='word_1_526' title='bbox 627 4797 710 4870; x_wconf 86' lang='lat'><strong>1);</strong></span> <span class='ocrx_word' id='word_1_527' title='bbox 734 4797 874 4853; x_wconf 90' lang='lat' dir='ltr'><strong>hinc</strong></span> <span class='ocrx_word' id='word_1_528' title='bbox 897 4796 1061 4852; x_wconf 90' lang='lat' dir='ltr'><strong>enim</strong></span> <span class='ocrx_word' id='word_1_529' title='bbox 1079 4795 1248 4870; x_wconf 93' lang='lat' dir='ltr'><strong>quod</strong></span> <span class='ocrx_word' id='word_1_530' title='bbox 1270 4799 1760 4869; x_wconf 66' lang='lat' dir='ltr'><strong>praeoccupatum</strong></span> 
     </span>
    </p>
   </div>
   <div class='ocr_carea' id='block_1_68' title="bbox 95 4884 1760 4962">
    <p class='ocr_par' dir='ltr' id='par_1_68' title="bbox 95 4884 1760 4962">
     <span class='ocr_line' id='line_1_68' title="bbox 95 4884 1760 4962; baseline 0.001 -23"><span class='ocrx_word' id='word_1_531' title='bbox 95 4884 252 4956; x_wconf 90' lang='lat' dir='ltr'><strong>dicit,</strong></span> <span class='ocrx_word' id='word_1_532' title='bbox 274 4886 727 4962; x_wconf 91' lang='lat' dir='ltr'><strong>imprudentem</strong></span> <span class='ocrx_word' id='word_1_533' title='bbox 749 4887 881 4950; x_wconf 91' lang='lat' dir='ltr'><strong>[al.,</strong></span> <span class='ocrx_word' id='word_1_534' title='bbox 903 4884 1335 4958; x_wconf 88' lang='lat' dir='ltr'><strong>imprudenter]</strong></span> <span class='ocrx_word' id='word_1_535' title='bbox 1357 4884 1599 4957; x_wconf 89' lang='lat' dir='ltr'><strong>lapsum</strong></span> <span class='ocrx_word' id='word_1_536' title='bbox 1622 4900 1760 4941; x_wconf 91' lang='lat' dir='ltr'><strong>esse</strong></span> 
     </span>
    </p>
   </div>
   <div class='ocr_carea' id='block_1_69' title="bbox 98 4973 1761 5047">
    <p class='ocr_par' dir='ltr' id='par_1_69' title="bbox 98 4973 1761 5047">
     <span class='ocr_line' id='line_1_69' title="bbox 98 4973 1761 5047; baseline -0.001 -16"><span class='ocrx_word' id='word_1_537' title='bbox 98 4975 410 5046; x_wconf 87' lang='lat' dir='ltr'><strong>signiﬁcat.</strong></span> <span class='ocrx_word' id='word_1_538' title='bbox 442 4975 767 5033; x_wconf 90' lang='lat' dir='ltr'><strong>Peccatum</strong></span> <span class='ocrx_word' id='word_1_539' title='bbox 812 4991 952 5032; x_wconf 90' lang='lat' dir='ltr'><strong>vero</strong></span> <span class='ocrx_word' id='word_1_540' title='bbox 996 4973 1076 5031; x_wconf 90' lang='lat' dir='ltr'><strong>ad</strong></span> <span class='ocrx_word' id='word_1_541' title='bbox 1128 4974 1412 5030; x_wconf 90' lang='lat' dir='ltr'><strong>scientem</strong></span> <span class='ocrx_word' id='word_1_542' title='bbox 1466 4975 1761 5047; x_wconf 88' lang='lat' dir='ltr'><strong>pertinere</strong></span> 
     </span>
    </p>
   </div>
   <div class='ocr_carea' id='block_1_70' title="bbox 95 5061 1768 5138">
    <p class='ocr_par' dir='ltr' id='par_1_70' title="bbox 95 5061 1768 5138">
     <span class='ocr_line' id='line_1_70' title="bbox 95 5061 1768 5138; baseline 0 -18"><span class='ocrx_word' id='word_1_543' title='bbox 95 5065 404 5138; x_wconf 88' lang='lat' dir='ltr'><strong>apostolus</strong></span> <span class='ocrx_word' id='word_1_544' title='bbox 434 5064 696 5123; x_wconf 77' lang='lat' dir='ltr'><strong>Iacobus</strong></span> <span class='ocrx_word' id='word_1_545' title='bbox 727 5069 1021 5138; x_wconf 90' lang='lat' dir='ltr'><strong>tanquam</strong></span> <span class='ocrx_word' id='word_1_546' title='bbox 1049 5061 1341 5120; x_wconf 88' lang='lat' dir='ltr'><strong>deﬁniens</strong></span> <span class='ocrx_word' id='word_1_547' title='bbox 1379 5063 1462 5120; x_wconf 89' lang='lat' dir='ltr'><strong>ait</strong></span> <span class='ocrx_word' id='word_1_548' title='bbox 1493 5080 1506 5119; x_wconf 89' lang='lat'><strong>:</strong></span> <span class='ocrx_word' id='word_1_549' title='bbox 1533 5063 1768 5121; x_wconf 87' lang='lat' dir='ltr'><strong>Scienti</strong></span> 
     </span>
    </p>
   </div>
   <div class='ocr_carea' id='block_1_71' title="bbox 96 5149 1763 5222">
    <p class='ocr_par' dir='ltr' id='par_1_71' title="bbox 96 5149 1763 5222">
     <span class='ocr_line' id='line_1_71' title="bbox 96 5149 1763 5222; baseline -0.001 -16"><span class='ocrx_word' id='word_1_550' title='bbox 96 5151 281 5221; x_wconf 87' lang='lat' dir='ltr'><strong>igitur</strong></span> <span class='ocrx_word' id='word_1_551' title='bbox 307 5153 529 5209; x_wconf 91' lang='lat' dir='ltr'><strong>bonum</strong></span> <span class='ocrx_word' id='word_1_552' title='bbox 550 5151 777 5222; x_wconf 86' lang='lat' dir='ltr'><strong>facere,</strong></span> <span class='ocrx_word' id='word_1_553' title='bbox 810 5155 864 5207; x_wconf 89' lang='lat' dir='ltr'><strong>et</strong></span> <span class='ocrx_word' id='word_1_554' title='bbox 890 5165 1011 5206; x_wconf 90' lang='lat' dir='ltr'><strong>non</strong></span> <span class='ocrx_word' id='word_1_555' title='bbox 1031 5149 1309 5220; x_wconf 84' lang='lat' dir='ltr'><strong>facienti,</strong></span> <span class='ocrx_word' id='word_1_556' title='bbox 1339 5154 1652 5221; x_wconf 86' lang='lat' dir='ltr'><strong>peccatum</strong></span> <span class='ocrx_word' id='word_1_557' title='bbox 1677 5154 1763 5205; x_wconf 90' lang='lat' dir='ltr'><strong>est</strong></span> 
     </span>
    </p>
   </div>
   <div class='ocr_carea' id='block_1_72' title="bbox 98 5239 618 5313">
    <p class='ocr_par' dir='ltr' id='par_1_72' title="bbox 98 5239 618 5313">
     <span class='ocr_line' id='line_1_72' title="bbox 98 5239 618 5313; baseline 0.01 -20"><span class='ocrx_word' id='word_1_558' title='bbox 98 5239 193 5296; x_wconf 84' lang='lat' dir='ltr'><strong>illi</strong></span> <span class='ocrx_word' id='word_1_559' title='bbox 214 5241 370 5312; x_wconf 84' lang='lat' dir='ltr'><strong>(Jac.</strong></span> <span class='ocrx_word' id='word_1_560' title='bbox 399 5257 478 5310; x_wconf 78' lang='lat' dir='ltr'><strong>iv,</strong></span> <span class='ocrx_word' id='word_1_561' title='bbox 511 5240 618 5313; x_wconf 87' lang='grc'><strong>17).</strong></span> 
     </span>
    </p>
   </div>
   <div class='ocr_carea' id='block_1_73' title="bbox 163 5325 1764 5406">
    <p class='ocr_par' dir='ltr' id='par_1_73' title="bbox 163 5325 1764 5406">
     <span class='ocr_line' id='line_1_73' title="bbox 163 5325 1764 5406; baseline -0.001 -21"><span class='ocrx_word' id='word_1_562' title='bbox 163 5331 204 5400; x_wconf 68' lang='grc' dir='ltr'><strong>-ι-</strong></span> <span class='ocrx_word' id='word_1_563' title='bbox 233 5329 378 5388; x_wconf 88' lang='lat' dir='ltr'><strong>Post</strong></span> <span class='ocrx_word' id='word_1_564' title='bbox 399 5331 535 5388; x_wconf 77' lang='lat' dir='ltr'><strong>haec</strong></span> <span class='ocrx_word' id='word_1_565' title='bbox 569 5329 822 5388; x_wconf 89' lang='lat' dir='ltr'><strong>adhibes</strong></span> <span class='ocrx_word' id='word_1_566' title='bbox 850 5328 1028 5403; x_wconf 90' lang='lat' dir='ltr'><strong>plura</strong></span> <span class='ocrx_word' id='word_1_567' title='bbox 1059 5325 1320 5401; x_wconf 83' lang='lat' dir='ltr'><strong>exempli</strong></span> <span class='ocrx_word' id='word_1_568' title='bbox 1358 5325 1554 5398; x_wconf 88' lang='lat' dir='ltr'><strong>gratia</strong></span> <span class='ocrx_word' id='word_1_569' title='bbox 1601 5326 1764 5406; x_wconf 58' lang='lat' dir='ltr'><strong>(cap.</strong></span> 
     </span>
    </p>
   </div>
   <div class='ocr_carea' id='block_1_74' title="bbox 98 5419 1765 5493">
    <p class='ocr_par' dir='ltr' id='par_1_74' title="bbox 98 5419 1765 5493">
     <span class='ocr_line' id='line_1_74' title="bbox 98 5419 1765 5493; baseline -0.001 -19"><span class='ocrx_word' id='word_1_570' title='bbox 98 5435 192 5488; x_wconf 87' lang='lat' dir='ltr'><strong>xv,</strong></span> <span class='ocrx_word' id='word_1_571' title='bbox 215 5436 384 5478; x_wconf 90' lang='lat' dir='ltr'><strong>num.</strong></span> <span class='ocrx_word' id='word_1_572' title='bbox 425 5423 510 5491; x_wconf 77' lang='grc'><strong>14,</strong></span> <span class='ocrx_word' id='word_1_573' title='bbox 539 5424 681 5478; x_wconf 91' lang='lat' dir='ltr'><strong>sect.</strong></span> <span class='ocrx_word' id='word_1_574' title='bbox 711 5425 791 5493; x_wconf 88' lang='lat'><strong>9),</strong></span> <span class='ocrx_word' id='word_1_575' title='bbox 821 5419 1048 5493; x_wconf 90' lang='lat' dir='ltr'><strong>quibus</strong></span> <span class='ocrx_word' id='word_1_576' title='bbox 1071 5432 1393 5492; x_wconf 74' lang='lat' dir='ltr'><strong>poenarum</strong></span> <span class='ocrx_word' id='word_1_577' title='bbox 1415 5419 1597 5490; x_wconf 89' lang='lat' dir='ltr'><strong>atque</strong></span> <span class='ocrx_word' id='word_1_578' title='bbox 1623 5433 1765 5492; x_wconf 91' lang='lat' dir='ltr'><strong>sup-</strong></span> 
     </span>
    </p>
   </div>
   <div class='ocr_carea' id='block_1_75' title="bbox 98 5506 1759 5582">
    <p class='ocr_par' dir='ltr' id='par_1_75' title="bbox 98 5506 1759 5582">
     <span class='ocr_line' id='line_1_75' title="bbox 98 5506 1759 5582; baseline -0.002 -16"><span class='ocrx_word' id='word_1_579' title='bbox 98 5507 410 5581; x_wconf 89' lang='lat' dir='ltr'><strong>pliciorum</strong></span> <span class='ocrx_word' id='word_1_580' title='bbox 439 5511 750 5570; x_wconf 85' lang='lat' dir='ltr'><strong>veritatem</strong></span> <span class='ocrx_word' id='word_1_581' title='bbox 793 5510 1078 5582; x_wconf 90' lang='lat' dir='ltr'><strong>deneges,</strong></span> <span class='ocrx_word' id='word_1_582' title='bbox 1132 5507 1409 5565; x_wconf 88' lang='lat' dir='ltr'><strong>videlicet</strong></span> <span class='ocrx_word' id='word_1_583' title='bbox 1458 5506 1759 5577; x_wconf 89' lang='lat' dir='ltr'><strong>tenebras,</strong></span> 
     </span>
    </p>
   </div>
   <div class='ocr_carea' id='block_1_76' title="bbox 100 5596 1762 5675">
    <p class='ocr_par' dir='ltr' id='par_1_76' title="bbox 100 5596 1762 5675">
     <span class='ocr_line' id='line_1_76' title="bbox 100 5596 1762 5675; baseline 0 -22"><span class='ocrx_word' id='word_1_584' title='bbox 100 5600 418 5675; x_wconf 89' lang='lat' dir='ltr'><strong>silentium,</strong></span> <span class='ocrx_word' id='word_1_585' title='bbox 448 5603 742 5671; x_wconf 89' lang='lat' dir='ltr'><strong>dolorem,</strong></span> <span class='ocrx_word' id='word_1_586' title='bbox 772 5600 1094 5669; x_wconf 87' lang='lat' dir='ltr'><strong>tristitiam,</strong></span> <span class='ocrx_word' id='word_1_587' title='bbox 1128 5597 1423 5669; x_wconf 89' lang='lat' dir='ltr'><strong>laborem,</strong></span> <span class='ocrx_word' id='word_1_588' title='bbox 1452 5596 1762 5654; x_wconf 90' lang='lat' dir='ltr'><strong>stultitiam</strong></span> 
     </span>
    </p>
   </div>
   <div class='ocr_carea' id='block_1_77' title="bbox 99 5685 1756 5766">
    <p class='ocr_par' dir='ltr' id='par_1_77' title="bbox 99 5685 1756 5766">
     <span class='ocr_line' id='line_1_77' title="bbox 99 5685 1756 5766; baseline -0.001 -20"><span class='ocrx_word' id='word_1_589' title='bbox 99 5704 235 5762; x_wconf 64' lang='lat' dir='ltr'><strong>qua;</strong></span> <span class='ocrx_word' id='word_1_590' title='bbox 261 5708 386 5750; x_wconf 91' lang='lat' dir='ltr'><strong>non</strong></span> <span class='ocrx_word' id='word_1_591' title='bbox 413 5696 672 5766; x_wconf 85' lang='lat' dir='ltr'><strong>possunt</strong></span> <span class='ocrx_word' id='word_1_592' title='bbox 695 5691 998 5749; x_wconf 86' lang='lat' dir='ltr'><strong>ullatenus</strong></span> <span class='ocrx_word' id='word_1_593' title='bbox 1049 5689 1185 5746; x_wconf 89' lang='lat' dir='ltr'><strong>sciri</strong></span> <span class='ocrx_word' id='word_1_594' title='bbox 1213 5689 1329 5745; x_wconf 89' lang='lat' dir='ltr'><strong>nisi</strong></span> <span class='ocrx_word' id='word_1_595' title='bbox 1380 5685 1708 5744; x_wconf 91' lang='lat' dir='ltr'><strong>nesciendo</strong></span> <span class='ocrx_word' id='word_1_596' title='bbox 1743 5702 1756 5744; x_wconf 90' lang='lat'>:</span> 
     </span>
    </p>
   </div>
   <div class='ocr_carea' id='block_1_78' title="bbox 99 5779 1760 5854">
    <p class='ocr_par' dir='ltr' id='par_1_78' title="bbox 99 5779 1760 5854">
     <span class='ocr_line' id='line_1_78' title="bbox 99 5779 1760 5854; baseline -0.001 -14"><span class='ocrx_word' id='word_1_597' title='bbox 99 5781 243 5854; x_wconf 87' lang='lat' dir='ltr'><strong>quia</strong></span> <span class='ocrx_word' id='word_1_598' title='bbox 265 5797 406 5844; x_wconf 89' lang='lat' dir='ltr'><strong>cum</strong></span> <span class='ocrx_word' id='word_1_599' title='bbox 429 5785 640 5845; x_wconf 87' lang='lat' dir='ltr'><strong>deesse</strong></span> <span class='ocrx_word' id='word_1_600' title='bbox 677 5783 782 5842; x_wconf 87' lang='lat' dir='ltr'><strong>lux</strong></span> <span class='ocrx_word' id='word_1_601' title='bbox 806 5782 1042 5854; x_wconf 89' lang='lat' dir='ltr'><strong>dicitur,</strong></span> <span class='ocrx_word' id='word_1_602' title='bbox 1094 5784 1200 5840; x_wconf 89' lang='lat' dir='ltr'><strong>aut</strong></span> <span class='ocrx_word' id='word_1_603' title='bbox 1225 5779 1604 5851; x_wconf 87' lang='lat' dir='ltr'><strong>acclamatio,</strong></span> <span class='ocrx_word' id='word_1_604' title='bbox 1653 5779 1760 5838; x_wconf 89' lang='lat' dir='ltr'><strong>aut</strong></span> 
     </span>
    </p>
   </div>
   <div class='ocr_carea' id='block_1_79' title="bbox 1871 1832 3531 1916">
    <p class='ocr_par' dir='ltr' id='par_1_79' title="bbox 1871 1832 3531 1916">
     <span class='ocr_line' id='line_1_79' title="bbox 1871 1832 3531 1916; baseline 0.011 -30"><span class='ocrx_word' id='word_1_605' title='bbox 1871 1832 2020 1888; x_wconf 90' lang='lat' dir='ltr'><strong>nihil</strong></span> <span class='ocrx_word' id='word_1_606' title='bbox 2049 1851 2204 1899; x_wconf 88' lang='lat' dir='ltr'><strong>esse.</strong></span> <span class='ocrx_word' id='word_1_607' title='bbox 2222 1838 2508 1910; x_wconf 89' lang='lat' dir='ltr'><strong>calorem,</strong></span> <span class='ocrx_word' id='word_1_608' title='bbox 2533 1841 2737 1897; x_wconf 91' lang='lat' dir='ltr'><strong>cibum</strong></span> <span class='ocrx_word' id='word_1_609' title='bbox 2755 1849 2812 1898; x_wconf 90' lang='lat' dir='ltr'><strong>et</strong></span> <span class='ocrx_word' id='word_1_610' title='bbox 2832 1849 3044 1916; x_wconf 92' lang='lat' dir='ltr'><strong>potum</strong></span> <span class='ocrx_word' id='word_1_611' title='bbox 3069 1863 3082 1914; x_wconf 90' lang='lat'><strong>;</strong></span> <span class='ocrx_word' id='word_1_612' title='bbox 3113 1847 3400 1903; x_wconf 89' lang='lat' dir='ltr'><strong>humores</strong></span> <span class='ocrx_word' id='word_1_613' title='bbox 3419 1864 3531 1905; x_wconf 91' lang='lat' dir='ltr'><strong>no-</strong></span> 
     </span>
    </p>
   </div>
   <div class='ocr_carea' id='block_1_80' title="bbox 1869 1922 3533 2009">
    <p class='ocr_par' dir='ltr' id='par_1_80' title="bbox 1869 1922 3533 2009">
     <span class='ocr_line' id='line_1_80' title="bbox 1869 1922 3533 2009; baseline 0.011 -33"><span class='ocrx_word' id='word_1_614' title='bbox 1869 1922 2020 1992; x_wconf 81' lang='lat' dir='ltr'><strong>xios,</strong></span> <span class='ocrx_word' id='word_1_615' title='bbox 2044 1930 2272 1994; x_wconf 91' lang='lat' dir='ltr'><strong>ventos,</strong></span> <span class='ocrx_word' id='word_1_616' title='bbox 2297 1928 2606 1986; x_wconf 61' lang='lat' dir='ltr'><strong>daemones</strong></span> <span class='ocrx_word' id='word_1_617' title='bbox 2625 1936 2683 1986; x_wconf 91' lang='lat' dir='ltr'><strong>et</strong></span> <span class='ocrx_word' id='word_1_618' title='bbox 2707 1933 2898 1989; x_wconf 91' lang='lat' dir='ltr'><strong>multa</strong></span> <span class='ocrx_word' id='word_1_619' title='bbox 2918 1934 3037 1990; x_wconf 90' lang='lat' dir='ltr'><strong>alia</strong></span> <span class='ocrx_word' id='word_1_620' title='bbox 3057 1951 3195 2008; x_wconf 76' lang='lat' dir='ltr'><strong>quae</strong></span> <span class='ocrx_word' id='word_1_621' title='bbox 3222 1952 3415 2009; x_wconf 62' lang='lat' dir='ltr'><strong>paenae</strong></span> <span class='ocrx_word' id='word_1_622' title='bbox 3436 1937 3533 1994; x_wconf 89' lang='lat' dir='ltr'><strong>vel</strong></span> 
     </span>
    </p>
   </div>
   <div class='ocr_carea' id='block_1_81' title="bbox 1870 2012 3532 2100">
    <p class='ocr_par' dir='ltr' id='par_1_81' title="bbox 1870 2012 3532 2100">
     <span class='ocr_line' id='line_1_81' title="bbox 1870 2012 3532 2100; baseline 0.011 -35"><span class='ocrx_word' id='word_1_623' title='bbox 1870 2012 2166 2083; x_wconf 89' lang='lat' dir='ltr'><strong>supplicia</strong></span> <span class='ocrx_word' id='word_1_624' title='bbox 2181 2017 2606 2074; x_wconf 85' lang='lat' dir='ltr'><strong>nominantur?</strong></span> <span class='ocrx_word' id='word_1_625' title='bbox 2627 2022 2843 2077; x_wconf 86' lang='lat' dir='ltr'><strong>Verum</strong></span> <span class='ocrx_word' id='word_1_626' title='bbox 2856 2021 2992 2095; x_wconf 91' lang='lat' dir='ltr'><strong>plus</strong></span> <span class='ocrx_word' id='word_1_627' title='bbox 3005 2023 3234 2097; x_wconf 87' lang='lat' dir='ltr'><strong>aliquid</strong></span> <span class='ocrx_word' id='word_1_628' title='bbox 3249 2026 3532 2100; x_wconf 90' lang='lat' dir='ltr'><strong>Dionysio</strong></span> 
     </span>
    </p>
   </div>
   <div class='ocr_carea' id='block_1_82' title="bbox 1868 2100 3530 2184">
    <p class='ocr_par' dir='ltr' id='par_1_82' title="bbox 1868 2100 3530 2184">
     <span class='ocr_line' id='line_1_82' title="bbox 1868 2100 3530 2184; baseline 0.012 -31"><span class='ocrx_word' id='word_1_629' title='bbox 1868 2100 2233 2175; x_wconf 86' lang='lat' dir='ltr'><strong>philosopho</strong></span> <span class='ocrx_word' id='word_1_630' title='bbox 2281 2107 2664 2181; x_wconf 89' lang='lat' dir='ltr'><strong>astruis:qui</strong></span> <span class='ocrx_word' id='word_1_631' title='bbox 2705 2125 2846 2165; x_wconf 91' lang='lat' dir='ltr'><strong>cum</strong></span> <span class='ocrx_word' id='word_1_632' title='bbox 2890 2111 3059 2184; x_wconf 91' lang='lat' dir='ltr'><strong>prius</strong></span> <span class='ocrx_word' id='word_1_633' title='bbox 3096 2113 3368 2172; x_wconf 91' lang='lat' dir='ltr'><strong>dolorem</strong></span> <span class='ocrx_word' id='word_1_634' title='bbox 3403 2131 3530 2173; x_wconf 90' lang='lat' dir='ltr'><strong>non</strong></span> 
     </span>
    </p>
   </div>
   <div class='ocr_carea' id='block_1_83' title="bbox 1869 2192 3530 2276">
    <p class='ocr_par' dir='ltr' id='par_1_83' title="bbox 1869 2192 3530 2276">
     <span class='ocr_line' id='line_1_83' title="bbox 1869 2192 3530 2276; baseline 0.012 -33"><span class='ocrx_word' id='word_1_635' title='bbox 1869 2205 2005 2245; x_wconf 89' lang='lat' dir='ltr'><strong>esse</strong></span> <span class='ocrx_word' id='word_1_636' title='bbox 2032 2192 2263 2249; x_wconf 90' lang='lat' dir='ltr'><strong>malum</strong></span> <span class='ocrx_word' id='word_1_637' title='bbox 2294 2205 2724 2267; x_wconf 88' lang='lat' dir='ltr'><strong>asseverasset,</strong></span> <span class='ocrx_word' id='word_1_638' title='bbox 2758 2206 2967 2272; x_wconf 92' lang='lat' dir='ltr'><strong>postea</strong></span> <span class='ocrx_word' id='word_1_639' title='bbox 2996 2217 3326 2276; x_wconf 88' lang='lat' dir='ltr'><strong>oppressus</strong></span> <span class='ocrx_word' id='word_1_640' title='bbox 3371 2205 3530 2262; x_wconf 90' lang='lat' dir='ltr'><strong>cala-</strong></span> 
     </span>
    </p>
   </div>
   <div class='ocr_carea' id='block_1_84' title="bbox 1869 2279 3532 2368">
    <p class='ocr_par' dir='ltr' id='par_1_84' title="bbox 1869 2279 3532 2368">
     <span class='ocr_line' id='line_1_84' title="bbox 1869 2279 3532 2368; baseline 0.011 -34"><span class='ocrx_word' id='word_1_641' title='bbox 1869 2279 2198 2368; x_wconf 88' lang='lat' dir='ltr'><strong>mitatibus,</strong></span> <span class='ocrx_word' id='word_1_642' title='bbox 2219 2289 2275 2340; x_wconf 91' lang='lat' dir='ltr'><strong>et</strong></span> <span class='ocrx_word' id='word_1_643' title='bbox 2289 2285 2495 2343; x_wconf 90' lang='lat' dir='ltr'><strong>dolore</strong></span> <span class='ocrx_word' id='word_1_644' title='bbox 2516 2289 2836 2361; x_wconf 90' lang='lat' dir='ltr'><strong>cruciatus,</strong></span> <span class='ocrx_word' id='word_1_645' title='bbox 2852 2292 3030 2364; x_wconf 70' lang='lat' dir='ltr'><strong>caapit</strong></span> <span class='ocrx_word' id='word_1_646' title='bbox 3049 2292 3349 2351; x_wconf 70' lang='lat' dir='ltr'><strong>afﬁrmare</strong></span> <span class='ocrx_word' id='word_1_647' title='bbox 3366 2295 3532 2368; x_wconf 91' lang='lat' dir='ltr'><strong>quod</strong></span> 
     </span>
    </p>
   </div>
   <div class='ocr_carea' id='block_1_85' title="bbox 1867 2367 3534 2458">
    <p class='ocr_par' dir='ltr' id='par_1_85' title="bbox 1867 2367 3534 2458">
     <span class='ocr_line' id='line_1_85' title="bbox 1867 2367 3534 2458; baseline 0.012 -36"><span class='ocrx_word' id='word_1_648' title='bbox 1867 2367 2041 2425; x_wconf 92' lang='lat' dir='ltr'><strong>dolor</strong></span> <span class='ocrx_word' id='word_1_649' title='bbox 2065 2377 2223 2428; x_wconf 91' lang='lat' dir='ltr'><strong>esset</strong></span> <span class='ocrx_word' id='word_1_650' title='bbox 2257 2390 2570 2432; x_wconf 89' lang='lat' dir='ltr'><strong>summum</strong></span> <span class='ocrx_word' id='word_1_651' title='bbox 2606 2378 2883 2435; x_wconf 92' lang='lat' dir='ltr'><strong>omnium</strong></span> <span class='ocrx_word' id='word_1_652' title='bbox 2921 2381 3246 2440; x_wconf 90' lang='lat' dir='ltr'><strong>malorum.</strong></span> <span class='ocrx_word' id='word_1_653' title='bbox 3289 2386 3359 2441; x_wconf 89' lang='lat' dir='ltr'><strong>Et</strong></span> <span class='ocrx_word' id='word_1_654' title='bbox 3386 2367 3534 2458; x_wconf 84' lang='lat' dir='ltr'><strong>quia</strong></span> 
     </span>
    </p>
   </div>
   <div class='ocr_carea' id='block_1_86' title="bbox 1869 2461 3532 2546">
    <p class='ocr_par' dir='ltr' id='par_1_86' title="bbox 1869 2461 3532 2546">
     <span class='ocr_line' id='line_1_86' title="bbox 1869 2461 3532 2546; baseline 0.01 -34"><span class='ocrx_word' id='word_1_655' title='bbox 1869 2473 2008 2513; x_wconf 90' lang='lat' dir='ltr'><strong>cum</strong></span> <span class='ocrx_word' id='word_1_656' title='bbox 2035 2461 2288 2533; x_wconf 88' lang='lat' dir='ltr'><strong>Epicuro</strong></span> <span class='ocrx_word' id='word_1_657' title='bbox 2325 2463 2476 2520; x_wconf 86' lang='lat' dir='ltr'><strong>dicis</strong></span> <span class='ocrx_word' id='word_1_658' title='bbox 2527 2483 2541 2521; x_wconf 90' lang='lat'><strong>:</strong></span> <span class='ocrx_word' id='word_1_659' title='bbox 2584 2469 2735 2523; x_wconf 87' lang='lat' dir='ltr'><strong>Mors</strong></span> <span class='ocrx_word' id='word_1_660' title='bbox 2785 2468 2918 2542; x_wconf 91' lang='lat' dir='ltr'><strong>ipsa</strong></span> <span class='ocrx_word' id='word_1_661' title='bbox 2945 2469 3096 2526; x_wconf 88' lang='lat' dir='ltr'><strong>nihil</strong></span> <span class='ocrx_word' id='word_1_662' title='bbox 3124 2476 3234 2542; x_wconf 91' lang='lat' dir='ltr'><strong>est,</strong></span> <span class='ocrx_word' id='word_1_663' title='bbox 3291 2478 3532 2546; x_wconf 88' lang='lat' dir='ltr'><strong>poteras</strong></span> 
     </span>
    </p>
   </div>
   <div class='ocr_carea' id='block_1_87' title="bbox 1867 2546 3534 2631">
    <p class='ocr_par' dir='ltr' id='par_1_87' title="bbox 1867 2546 3534 2631">
     <span class='ocr_line' id='line_1_87' title="bbox 1867 2546 3534 2631; baseline 0.011 -30"><span class='ocrx_word' id='word_1_664' title='bbox 1867 2546 2050 2603; x_wconf 90' lang='lat' dir='ltr'><strong>etiam</strong></span> <span class='ocrx_word' id='word_1_665' title='bbox 2072 2565 2210 2607; x_wconf 92' lang='lat' dir='ltr'><strong>cum</strong></span> <span class='ocrx_word' id='word_1_666' title='bbox 2240 2552 2374 2625; x_wconf 92' lang='lat' dir='ltr'><strong>ipso</strong></span> <span class='ocrx_word' id='word_1_667' title='bbox 2399 2553 2594 2612; x_wconf 89' lang='lat' dir='ltr'><strong>dicere</strong></span> <span class='ocrx_word' id='word_1_668' title='bbox 2629 2574 2642 2612; x_wconf 87' lang='lat'><strong>:</strong></span> <span class='ocrx_word' id='word_1_669' title='bbox 2671 2559 2808 2614; x_wconf 91' lang='lat' dir='ltr'><strong>Post</strong></span> <span class='ocrx_word' id='word_1_670' title='bbox 2840 2563 3096 2616; x_wconf 90' lang='lat' dir='ltr'><strong>mortem</strong></span> <span class='ocrx_word' id='word_1_671' title='bbox 3117 2561 3266 2618; x_wconf 91' lang='lat' dir='ltr'><strong>nihil</strong></span> <span class='ocrx_word' id='word_1_672' title='bbox 3295 2567 3419 2631; x_wconf 92' lang='lat' dir='ltr'><strong>est;</strong></span> <span class='ocrx_word' id='word_1_673' title='bbox 3476 2566 3534 2620; x_wconf 88' lang='lat' dir='ltr'><strong>et</strong></span> 
     </span>
    </p>
   </div>
   <div class='ocr_carea' id='block_1_88' title="bbox 1877 2643 3540 2721">
    <p class='ocr_par' dir='ltr' id='par_1_88' title="bbox 1877 2643 3540 2721">
     <span class='ocr_line' id='line_1_88' title="bbox 1877 2643 3540 2721; baseline 0.01 -28"><span class='ocrx_word' id='word_1_674' title='bbox 1877 2653 2020 2694; x_wconf 91' lang='lat' dir='ltr'><strong>cum</strong></span> <span class='ocrx_word' id='word_1_675' title='bbox 2071 2643 2492 2713; x_wconf 86' lang='lat' dir='ltr'><strong>peccatoribus</strong></span> <span class='ocrx_word' id='word_1_676' title='bbox 2568 2645 2988 2718; x_wconf 81' lang='lat' dir='ltr'><strong>quibusdam:</strong></span> <span class='ocrx_word' id='word_1_677' title='bbox 3049 2651 3540 2721; x_wconf 84' lang='lat' dir='ltr'><strong>Comedamus,et</strong></span> 
     </span>
    </p>
   </div>
   <div class='ocr_carea' id='block_1_89' title="bbox 1867 2728 3534 2814">
    <p class='ocr_par' dir='ltr' id='par_1_89' title="bbox 1867 2728 3534 2814">
     <span class='ocr_line' id='line_1_89' title="bbox 1867 2728 3534 2814; baseline 0.009 -30"><span class='ocrx_word' id='word_1_678' title='bbox 1867 2728 2156 2799; x_wconf 79' lang='lat' dir='ltr'><strong>bibamus,</strong></span> <span class='ocrx_word' id='word_1_679' title='bbox 2189 2747 2326 2789; x_wconf 90' lang='lat' dir='ltr'><strong>cras</strong></span> <span class='ocrx_word' id='word_1_680' title='bbox 2350 2735 2505 2790; x_wconf 89' lang='lat' dir='ltr'><strong>enim</strong></span> <span class='ocrx_word' id='word_1_681' title='bbox 2535 2737 2860 2793; x_wconf 87' lang='lat' dir='ltr'><strong>moriemur</strong></span> <span class='ocrx_word' id='word_1_682' title='bbox 2881 2739 2940 2808; x_wconf 83' lang='grc' dir='ltr'><strong>(Ι</strong></span> <span class='ocrx_word' id='word_1_683' title='bbox 2981 2739 3120 2796; x_wconf 85' lang='lat' dir='ltr'><strong>Cor.</strong></span> <span class='ocrx_word' id='word_1_684' title='bbox 3180 2757 3280 2811; x_wconf 84' lang='lat' dir='ltr'><strong>xv,</strong></span> <span class='ocrx_word' id='word_1_685' title='bbox 3330 2742 3438 2814; x_wconf 80' lang='lat'><strong>32).</strong></span> <span class='ocrx_word' id='word_1_686' title='bbox 3476 2741 3534 2799; x_wconf 90' lang='lat' dir='ltr'><strong>Si</strong></span> 
     </span>
    </p>
   </div>
   <div class='ocr_carea' id='block_1_90' title="bbox 1863 2817 3534 2904">
    <p class='ocr_par' dir='ltr' id='par_1_90' title="bbox 1863 2817 3534 2904">
     <span class='ocr_line' id='line_1_90' title="bbox 1863 2817 3534 2904; baseline 0.008 -31"><span class='ocrx_word' id='word_1_687' title='bbox 1863 2817 2066 2892; x_wconf 90' lang='lat' dir='ltr'><strong>itaque</strong></span> <span class='ocrx_word' id='word_1_688' title='bbox 2094 2824 2249 2877; x_wconf 91' lang='lat' dir='ltr'><strong>Deus</strong></span> <span class='ocrx_word' id='word_1_689' title='bbox 2276 2838 2526 2895; x_wconf 86' lang='lat' dir='ltr'><strong>poenam</strong></span> <span class='ocrx_word' id='word_1_690' title='bbox 2553 2827 2923 2882; x_wconf 90' lang='lat' dir='ltr'><strong>merentibus</strong></span> <span class='ocrx_word' id='word_1_691' title='bbox 2951 2843 3075 2884; x_wconf 92' lang='lat' dir='ltr'><strong>non</strong></span> <span class='ocrx_word' id='word_1_692' title='bbox 3095 2830 3332 2902; x_wconf 87' lang='lat' dir='ltr'><strong>inﬂigit,</strong></span> <span class='ocrx_word' id='word_1_693' title='bbox 3383 2830 3534 2904; x_wconf 89' lang='lat' dir='ltr'><strong>quid</strong></span> 
     </span>
    </p>
   </div>
   <div class='ocr_carea' id='block_1_91' title="bbox 1865 2911 3536 2986">
    <p class='ocr_par' dir='ltr' id='par_1_91' title="bbox 1865 2911 3536 2986">
     <span class='ocr_line' id='line_1_91' title="bbox 1865 2911 3536 2986; baseline 0.008 -23"><span class='ocrx_word' id='word_1_694' title='bbox 1865 2913 1954 2964; x_wconf 89' lang='lat' dir='ltr'><strong>est</strong></span> <span class='ocrx_word' id='word_1_695' title='bbox 2005 2911 2168 2982; x_wconf 74' lang='lat' dir='ltr'><strong>quod</strong></span> <span class='ocrx_word' id='word_1_696' title='bbox 2212 2927 2322 2984; x_wconf 89' lang='lat' dir='ltr'><strong>per</strong></span> <span class='ocrx_word' id='word_1_697' title='bbox 2367 2915 2730 2986; x_wconf 89' lang='lat' dir='ltr'><strong>prophetam</strong></span> <span class='ocrx_word' id='word_1_698' title='bbox 2779 2917 3000 2974; x_wconf 89' lang='lat' dir='ltr'><strong>Isaiam</strong></span> <span class='ocrx_word' id='word_1_699' title='bbox 3049 2919 3310 2977; x_wconf 84' lang='lat' dir='ltr'><strong>dicitur?</strong></span> <span class='ocrx_word' id='word_1_700' title='bbox 3342 2922 3536 2978; x_wconf 88' lang='lat' dir='ltr'><strong>Stulti</strong></span> 
     </span>
    </p>
   </div>
   <div class='ocr_carea' id='block_1_92' title="bbox 1861 2997 3533 3080">
    <p class='ocr_par' dir='ltr' id='par_1_92' title="bbox 1861 2997 3533 3080">
     <span class='ocr_line' id='line_1_92' title="bbox 1861 2997 3533 3080; baseline 0.009 -28"><span class='ocrx_word' id='word_1_701' title='bbox 1861 2997 2020 3066; x_wconf 86' lang='lat' dir='ltr'><strong>facti</strong></span> <span class='ocrx_word' id='word_1_702' title='bbox 2040 3005 2181 3054; x_wconf 88' lang='lat' dir='ltr'><strong>sunt</strong></span> <span class='ocrx_word' id='word_1_703' title='bbox 2192 3001 2500 3072; x_wconf 82' lang='lat' dir='ltr'><strong>principes</strong></span> <span class='ocrx_word' id='word_1_704' title='bbox 2516 3006 2761 3072; x_wconf 89' lang='lat' dir='ltr'><strong>Taneos,</strong></span> <span class='ocrx_word' id='word_1_705' title='bbox 2787 3015 3213 3065; x_wconf 86' lang='lat' dir='ltr'><strong>emarcuerunt</strong></span> <span class='ocrx_word' id='word_1_706' title='bbox 3226 3012 3533 3080; x_wconf 81' lang='lat' dir='ltr'><strong>principes</strong></span> 
     </span>
    </p>
   </div>
   <div class='ocr_carea' id='block_1_93' title="bbox 1787 3085 3534 3182">
    <p class='ocr_par' dir='ltr' id='par_1_93' title="bbox 1787 3085 3534 3182">
     <span class='ocr_line' id='line_1_93' title="bbox 1787 3085 3534 3182; baseline 0.01 -45"><span class='ocrx_word' id='word_1_707' title='bbox 1787 3125 1828 3182; x_wconf 65' lang='grc' dir='ltr'>Ο</span> <span class='ocrx_word' id='word_1_708' title='bbox 1864 3085 2590 3182; x_wconf 73' lang='lat' dir='ltr'><strong>Mempheos,deceperunt</strong></span> <span class='ocrx_word' id='word_1_709' title='bbox 2605 3093 2955 3182; x_wconf 59' lang='lat' dir='ltr'><strong>Egyptum</strong></span> <span class='ocrx_word' id='word_1_710' title='bbox 2971 3098 3265 3165; x_wconf 79' lang='lat' dir='ltr'><strong>angulum</strong></span> <span class='ocrx_word' id='word_1_711' title='bbox 3279 3099 3534 3167; x_wconf 79' lang='lat' dir='ltr'><strong>populo-</strong></span> 
     </span>
    </p>
   </div>
   <div class='ocr_carea' id='block_1_94' title="bbox 1866 3179 3532 3258">
    <p class='ocr_par' dir='ltr' id='par_1_94' title="bbox 1866 3179 3532 3258">
     <span class='ocr_line' id='line_1_94' title="bbox 1866 3179 3532 3258; baseline 0.009 -29"><span class='ocrx_word' id='word_1_712' title='bbox 1866 3190 2002 3231; x_wconf 85' lang='lat' dir='ltr'><strong>rum</strong></span> <span class='ocrx_word' id='word_1_713' title='bbox 2029 3179 2178 3247; x_wconf 86' lang='lat' dir='ltr'><strong>ejus.</strong></span> <span class='ocrx_word' id='word_1_714' title='bbox 2210 3179 2502 3235; x_wconf 85' lang='lat' dir='ltr'><strong>Dominus</strong></span> <span class='ocrx_word' id='word_1_715' title='bbox 2531 3181 2770 3238; x_wconf 89' lang='lat' dir='ltr'><strong>miscuit</strong></span> <span class='ocrx_word' id='word_1_716' title='bbox 2789 3184 2852 3239; x_wconf 87' lang='lat' dir='ltr'><strong>in</strong></span> <span class='ocrx_word' id='word_1_717' title='bbox 2873 3185 3067 3242; x_wconf 90' lang='lat' dir='ltr'><strong>medio</strong></span> <span class='ocrx_word' id='word_1_718' title='bbox 3097 3189 3228 3257; x_wconf 88' lang='lat' dir='ltr'><strong>ejus</strong></span> <span class='ocrx_word' id='word_1_719' title='bbox 3249 3189 3532 3258; x_wconf 80' lang='lat' dir='ltr'><strong>spiritum</strong></span> 
     </span>
    </p>
   </div>
   <div class='ocr_carea' id='block_1_95' title="bbox 1868 3266 2635 3338">
    <p class='ocr_par' dir='ltr' id='par_1_95' title="bbox 1868 3266 2635 3338">
     <span class='ocr_line' id='line_1_95' title="bbox 1868 3266 2635 3338; baseline 0.008 -19"><span class='ocrx_word' id='word_1_720' title='bbox 1868 3266 2180 3336; x_wconf 88' lang='lat' dir='ltr'><strong>vertiginis</strong></span> <span class='ocrx_word' id='word_1_721' title='bbox 2209 3267 2352 3338; x_wconf 86' lang='lat' dir='ltr'><strong>(Isa.</strong></span> <span class='ocrx_word' id='word_1_722' title='bbox 2376 3285 2496 3332; x_wconf 72' lang='lat' dir='ltr'><strong>xxx,</strong></span> <span class='ocrx_word' id='word_1_723' title='bbox 2531 3270 2635 3336; x_wconf 88' lang='lat' dir='ltr'><strong>l3).</strong></span> 
     </span>
    </p>
   </div>
   <div class='ocr_carea' id='block_1_96' title="bbox 1938 3355 3530 3438">
    <p class='ocr_par' dir='ltr' id='par_1_96' title="bbox 1938 3355 3530 3438">
     <span class='ocr_line' id='line_1_96' title="bbox 1938 3355 3530 3438; baseline 0.008 -28"><span class='ocrx_word' id='word_1_724' title='bbox 1938 3355 2082 3411; x_wconf 86' lang='lat' dir='ltr'><strong>Hinc</strong></span> <span class='ocrx_word' id='word_1_725' title='bbox 2116 3359 2172 3414; x_wconf 91' lang='lat' dir='ltr'><strong>S.</strong></span> <span class='ocrx_word' id='word_1_726' title='bbox 2222 3358 2621 3431; x_wconf 87' lang='lat' dir='ltr'><strong>Hieronymus</strong></span> <span class='ocrx_word' id='word_1_727' title='bbox 2649 3360 2732 3417; x_wconf 90' lang='lat' dir='ltr'><strong>ita</strong></span> <span class='ocrx_word' id='word_1_728' title='bbox 2786 3362 3053 3436; x_wconf 90' lang='lat' dir='ltr'><strong>loquitur</strong></span> <span class='ocrx_word' id='word_1_729' title='bbox 3104 3365 3190 3438; x_wconf 90' lang='lat' dir='ltr'><strong>(in</strong></span> <span class='ocrx_word' id='word_1_730' title='bbox 3241 3367 3530 3438; x_wconf 82' lang='lat' dir='ltr'><strong>Isai.x1x,</strong></span> 
     </span>
    </p>
   </div>
   <div class='ocr_carea' id='block_1_97' title="bbox 1872 3443 3534 3526">
    <p class='ocr_par' dir='ltr' id='par_1_97' title="bbox 1872 3443 3534 3526">
     <span class='ocr_line' id='line_1_97' title="bbox 1872 3443 3534 3526; baseline 0.009 -29"><span class='ocrx_word' id='word_1_731' title='bbox 1872 3443 1958 3515; x_wconf 81' lang='grc'><strong>11)</strong></span> <span class='ocrx_word' id='word_1_732' title='bbox 1992 3460 2005 3498; x_wconf 91' lang='lat'><strong>:</strong></span> <span class='ocrx_word' id='word_1_733' title='bbox 2035 3445 2176 3516; x_wconf 86' lang='lat' dir='ltr'><strong>[Hoc</strong></span> <span class='ocrx_word' id='word_1_734' title='bbox 2203 3445 2499 3516; x_wconf 87' lang='lat' dir='ltr'><strong>signiﬁcat</strong></span> <span class='ocrx_word' id='word_1_735' title='bbox 2526 3449 2694 3522; x_wconf 90' lang='lat' dir='ltr'><strong>quod</strong></span> <span class='ocrx_word' id='word_1_736' title='bbox 2718 3466 2975 3522; x_wconf 89' lang='lat' dir='ltr'><strong>regnum</strong></span> <span class='ocrx_word' id='word_1_737' title='bbox 3007 3454 3318 3526; x_wconf 66' lang='lat' dir='ltr'><strong>sapientiae</strong></span> <span class='ocrx_word' id='word_1_738' title='bbox 3343 3471 3534 3514; x_wconf 81' lang='lat' dir='ltr'><strong>saecu-</strong></span> 
     </span>
    </p>
   </div>
   <div class='ocr_carea' id='block_1_98' title="bbox 1863 3531 3532 3615">
    <p class='ocr_par' dir='ltr' id='par_1_98' title="bbox 1863 3531 3532 3615">
     <span class='ocr_line' id='line_1_98' title="bbox 1863 3531 3532 3615; baseline 0.01 -28"><span class='ocrx_word' id='word_1_739' title='bbox 1863 3531 2005 3589; x_wconf 89' lang='lat' dir='ltr'><strong>laris</strong></span> <span class='ocrx_word' id='word_1_740' title='bbox 2053 3533 2303 3592; x_wconf 89' lang='lat' dir='ltr'><strong>stultum</strong></span> <span class='ocrx_word' id='word_1_741' title='bbox 2387 3553 2515 3594; x_wconf 91' lang='lat' dir='ltr'><strong>esse</strong></span> <span class='ocrx_word' id='word_1_742' title='bbox 2595 3545 2981 3610; x_wconf 88' lang='lat' dir='ltr'><strong>monstretur,</strong></span> <span class='ocrx_word' id='word_1_743' title='bbox 3029 3547 3088 3599; x_wconf 90' lang='lat' dir='ltr'><strong>et</strong></span> <span class='ocrx_word' id='word_1_744' title='bbox 3153 3544 3532 3615; x_wconf 87' lang='lat' dir='ltr'><strong>singulorum</strong></span> 
     </span>
    </p>
   </div>
   <div class='ocr_carea' id='block_1_99' title="bbox 1865 3622 3530 3704">
    <p class='ocr_par' dir='ltr' id='par_1_99' title="bbox 1865 3622 3530 3704">
     <span class='ocr_line' id='line_1_99' title="bbox 1865 3622 3530 3704; baseline 0.008 -26"><span class='ocrx_word' id='word_1_745' title='bbox 1865 3622 2222 3694; x_wconf 88' lang='lat' dir='ltr'><strong>dogmatum</strong></span> <span class='ocrx_word' id='word_1_746' title='bbox 2263 3625 2587 3700; x_wconf 90' lang='lat' dir='ltr'><strong>principes,</strong></span> <span class='ocrx_word' id='word_1_747' title='bbox 2643 3629 2748 3702; x_wconf 89' lang='lat' dir='ltr'><strong>qui</strong></span> <span class='ocrx_word' id='word_1_748' title='bbox 2803 3629 3268 3704; x_wconf 85' lang='lat' dir='ltr'><strong>interpretantur</strong></span> <span class='ocrx_word' id='word_1_749' title='bbox 3318 3634 3530 3704; x_wconf 88' lang='lat' dir='ltr'><strong>tribus,</strong></span> 
     </span>
    </p>
   </div>
   <div class='ocr_carea' id='block_1_100' title="bbox 1865 3717 3532 3784">
    <p class='ocr_par' dir='ltr' id='par_1_100' title="bbox 1865 3717 3532 3784">
     <span class='ocr_line' id='line_1_100' title="bbox 1865 3717 3532 3784; baseline 0.007 -15"><span class='ocrx_word' id='word_1_750' title='bbox 1865 3719 2200 3784; x_wconf 88' lang='lat' dir='ltr'><strong>arguantur</strong></span> <span class='ocrx_word' id='word_1_751' title='bbox 2252 3717 2463 3774; x_wconf 89' lang='lat' dir='ltr'><strong>stultos</strong></span> <span class='ocrx_word' id='word_1_752' title='bbox 2534 3719 2820 3778; x_wconf 89' lang='lat' dir='ltr'><strong>habuisse</strong></span> <span class='ocrx_word' id='word_1_753' title='bbox 2881 3722 3176 3779; x_wconf 88' lang='lat' dir='ltr'><strong>doctores.</strong></span> <span class='ocrx_word' id='word_1_754' title='bbox 3240 3725 3532 3782; x_wconf 81' lang='lat' dir='ltr'><strong>Dominus</strong></span> 
     </span>
    </p>
   </div>
   <div class='ocr_carea' id='block_1_101' title="bbox 1865 3805 3533 3880">
    <p class='ocr_par' dir='ltr' id='par_1_101' title="bbox 1865 3805 3533 3880">
     <span class='ocr_line' id='line_1_101' title="bbox 1865 3805 3533 3880; baseline 0.007 -22"><span class='ocrx_word' id='word_1_755' title='bbox 1865 3805 2020 3859; x_wconf 85' lang='lat' dir='ltr'><strong>enim</strong></span> <span class='ocrx_word' id='word_1_756' title='bbox 2043 3805 2284 3860; x_wconf 88' lang='lat' dir='ltr'><strong>miscuit</strong></span> <span class='ocrx_word' id='word_1_757' title='bbox 2331 3809 2412 3862; x_wconf 87' lang='lat' dir='ltr'><strong>eis</strong></span> <span class='ocrx_word' id='word_1_758' title='bbox 2438 3808 2721 3876; x_wconf 82' lang='lat' dir='ltr'><strong>spiritum</strong></span> <span class='ocrx_word' id='word_1_759' title='bbox 2783 3811 3117 3880; x_wconf 83' lang='lat' dir='ltr'><strong>vertiginis,</strong></span> <span class='ocrx_word' id='word_1_760' title='bbox 3159 3809 3284 3867; x_wconf 88' lang='lat' dir='ltr'><strong>sive</strong></span> <span class='ocrx_word' id='word_1_761' title='bbox 3314 3813 3533 3869; x_wconf 88' lang='lat' dir='ltr'><strong>erroris</strong></span> 
     </span>
    </p>
   </div>
   <div class='ocr_carea' id='block_1_102' title="bbox 1866 3893 3534 3970">
    <p class='ocr_par' dir='ltr' id='par_1_102' title="bbox 1866 3893 3534 3970">
     <span class='ocr_line' id='line_1_102' title="bbox 1866 3893 3534 3970; baseline 0.007 -23"><span class='ocrx_word' id='word_1_762' title='bbox 1866 3893 1996 3963; x_wconf 90' lang='lat' dir='ltr'><strong>[al.,</strong></span> <span class='ocrx_word' id='word_1_763' title='bbox 2030 3903 2324 3962; x_wconf 88' lang='lat' dir='ltr'><strong>errorum]</strong></span> <span class='ocrx_word' id='word_1_764' title='bbox 2347 3895 2523 3964; x_wconf 80' lang='lat' dir='ltr'><strong>juxta</strong></span> <span class='ocrx_word' id='word_1_765' title='bbox 2542 3895 2691 3950; x_wconf 90' lang='lat' dir='ltr'><strong>illud</strong></span> <span class='ocrx_word' id='word_1_766' title='bbox 2715 3897 2884 3968; x_wconf 92' lang='lat' dir='ltr'><strong>quod</strong></span> <span class='ocrx_word' id='word_1_767' title='bbox 2905 3898 3196 3970; x_wconf 90' lang='lat' dir='ltr'><strong>scriptum</strong></span> <span class='ocrx_word' id='word_1_768' title='bbox 3211 3905 3304 3956; x_wconf 89' lang='lat' dir='ltr'><strong>est</strong></span> <span class='ocrx_word' id='word_1_769' title='bbox 3335 3901 3534 3958; x_wconf 83' lang='lat' dir='ltr'><strong>:Etsi-</strong></span> 
     </span>
    </p>
   </div>
   <div class='ocr_carea' id='block_1_103' title="bbox 1865 3983 3532 4060">
    <p class='ocr_par' dir='ltr' id='par_1_103' title="bbox 1865 3983 3532 4060">
     <span class='ocr_line' id='line_1_103' title="bbox 1865 3983 3532 4060; baseline 0.007 -25"><span class='ocrx_word' id='word_1_770' title='bbox 1865 3986 1966 4036; x_wconf 89' lang='lat' dir='ltr'><strong>cut</strong></span> <span class='ocrx_word' id='word_1_771' title='bbox 1996 3997 2116 4037; x_wconf 91' lang='lat' dir='ltr'><strong>non</strong></span> <span class='ocrx_word' id='word_1_772' title='bbox 2141 3983 2557 4051; x_wconf 85' lang='lat' dir='ltr'><strong>probaverunt</strong></span> <span class='ocrx_word' id='word_1_773' title='bbox 2585 3985 2775 4041; x_wconf 92' lang='lat' dir='ltr'><strong>Deum</strong></span> <span class='ocrx_word' id='word_1_774' title='bbox 2809 3985 3028 4044; x_wconf 80' lang='lat' dir='ltr'><strong>habere</strong></span> <span class='ocrx_word' id='word_1_775' title='bbox 3045 3989 3109 4043; x_wconf 88' lang='lat' dir='ltr'><strong>in</strong></span> <span class='ocrx_word' id='word_1_776' title='bbox 3132 3990 3368 4060; x_wconf 90' lang='lat' dir='ltr'><strong>notitia,</strong></span> <span class='ocrx_word' id='word_1_777' title='bbox 3401 3995 3532 4046; x_wconf 86' lang='lat' dir='ltr'><strong>tra-</strong></span> 
     </span>
    </p>
   </div>
   <div class='ocr_carea' id='block_1_104' title="bbox 1865 4069 3528 4152">
    <p class='ocr_par' dir='ltr' id='par_1_104' title="bbox 1865 4069 3528 4152">
     <span class='ocr_line' id='line_1_104' title="bbox 1865 4069 3528 4152; baseline 0.005 -29"><span class='ocrx_word' id='word_1_778' title='bbox 1865 4069 2021 4124; x_wconf 90' lang='lat' dir='ltr'><strong>didit</strong></span> <span class='ocrx_word' id='word_1_779' title='bbox 2049 4071 2188 4126; x_wconf 86' lang='lat' dir='ltr'><strong>illos</strong></span> <span class='ocrx_word' id='word_1_780' title='bbox 2223 4073 2381 4127; x_wconf 90' lang='lat' dir='ltr'><strong>Deus</strong></span> <span class='ocrx_word' id='word_1_781' title='bbox 2419 4073 2482 4128; x_wconf 90' lang='lat' dir='ltr'><strong>in</strong></span> <span class='ocrx_word' id='word_1_782' title='bbox 2511 4073 2830 4143; x_wconf 87' lang='lat' dir='ltr'><strong>reprobum</strong></span> <span class='ocrx_word' id='word_1_783' title='bbox 2869 4090 3104 4133; x_wconf 86' lang='lat' dir='ltr'><strong>sensum</strong></span> <span class='ocrx_word' id='word_1_784' title='bbox 3135 4078 3324 4146; x_wconf 84' lang='lat' dir='ltr'><strong>(Rom.</strong></span> <span class='ocrx_word' id='word_1_785' title='bbox 3347 4094 3389 4151; x_wconf 84' lang='lat'><strong>1,</strong></span> <span class='ocrx_word' id='word_1_786' title='bbox 3415 4082 3528 4152; x_wconf 85' lang='lat'><strong>28).</strong></span> 
     </span>
    </p>
   </div>
   <div class='ocr_carea' id='block_1_105' title="bbox 1865 4158 3530 4242">
    <p class='ocr_par' dir='ltr' id='par_1_105' title="bbox 1865 4158 3530 4242">
     <span class='ocr_line' id='line_1_105' title="bbox 1865 4158 3530 4242; baseline 0.007 -28"><span class='ocrx_word' id='word_1_787' title='bbox 1865 4161 1932 4215; x_wconf 92' lang='lat' dir='ltr'><strong>Et</strong></span> <span class='ocrx_word' id='word_1_788' title='bbox 1961 4158 2274 4232; x_wconf 91' lang='lat' dir='ltr'><strong>quomodo</strong></span> <span class='ocrx_word' id='word_1_789' title='bbox 2310 4159 2418 4234; x_wconf 90' lang='lat' dir='ltr'><strong>qui</strong></span> <span class='ocrx_word' id='word_1_790' title='bbox 2459 4167 2702 4220; x_wconf 89' lang='lat' dir='ltr'><strong>sanctus</strong></span> <span class='ocrx_word' id='word_1_791' title='bbox 2728 4167 2816 4221; x_wconf 90' lang='lat' dir='ltr'><strong>est</strong></span> <span class='ocrx_word' id='word_1_792' title='bbox 2846 4181 2986 4221; x_wconf 91' lang='lat' dir='ltr'><strong>cum</strong></span> <span class='ocrx_word' id='word_1_793' title='bbox 3013 4167 3164 4224; x_wconf 83' lang='lat' dir='ltr'><strong>Isaia</strong></span> <span class='ocrx_word' id='word_1_794' title='bbox 3192 4167 3389 4225; x_wconf 89' lang='lat' dir='ltr'><strong>dicere</strong></span> <span class='ocrx_word' id='word_1_795' title='bbox 3418 4184 3530 4242; x_wconf 85' lang='lat' dir='ltr'><strong>po-</strong></span> 
     </span>
    </p>
   </div>
   <div class='ocr_carea' id='block_1_106' title="bbox 1864 4249 3528 4329">
    <p class='ocr_par' dir='ltr' id='par_1_106' title="bbox 1864 4249 3528 4329">
     <span class='ocr_line' id='line_1_106' title="bbox 1864 4249 3528 4329; baseline 0.007 -25"><span class='ocrx_word' id='word_1_796' title='bbox 1864 4249 2330 4319; x_wconf 88' lang='lat' dir='ltr'><strong>test:Spiritum</strong></span> <span class='ocrx_word' id='word_1_797' title='bbox 2346 4251 2563 4308; x_wconf 89' lang='lat' dir='ltr'><strong>salutis</strong></span> <span class='ocrx_word' id='word_1_798' title='bbox 2604 4257 2722 4310; x_wconf 61' lang='lat' dir='ltr'><strong>tua</strong></span> <span class='ocrx_word' id='word_1_799' title='bbox 2752 4255 3046 4324; x_wconf 86' lang='lat' dir='ltr'><strong>faciemus</strong></span> <span class='ocrx_word' id='word_1_800' title='bbox 3084 4272 3266 4329; x_wconf 85' lang='lat' dir='ltr'><strong>super</strong></span> <span class='ocrx_word' id='word_1_801' title='bbox 3304 4263 3528 4316; x_wconf 89' lang='lat' dir='ltr'><strong>terram</strong></span> 
     </span>
    </p>
   </div>
   <div class='ocr_carea' id='block_1_107' title="bbox 1864 4339 3530 4424">
    <p class='ocr_par' dir='ltr' id='par_1_107' title="bbox 1864 4339 3530 4424">
     <span class='ocr_line' id='line_1_107' title="bbox 1864 4339 3530 4424; baseline 0.007 -29"><span class='ocrx_word' id='word_1_802' title='bbox 1864 4339 2005 4411; x_wconf 86' lang='lat' dir='ltr'><strong>(Isa.</strong></span> <span class='ocrx_word' id='word_1_803' title='bbox 2029 4357 2189 4409; x_wconf 81' lang='lat' dir='ltr'><strong>xxvi,</strong></span> <span class='ocrx_word' id='word_1_804' title='bbox 2213 4341 2320 4412; x_wconf 86' lang='grc'><strong>18),</strong></span> <span class='ocrx_word' id='word_1_805' title='bbox 2343 4341 2426 4397; x_wconf 90' lang='lat' dir='ltr'><strong>sic</strong></span> <span class='ocrx_word' id='word_1_806' title='bbox 2446 4342 2552 4415; x_wconf 91' lang='lat' dir='ltr'><strong>qui</strong></span> <span class='ocrx_word' id='word_1_807' title='bbox 2573 4347 2853 4416; x_wconf 88' lang='lat' dir='ltr'><strong>peccator</strong></span> <span class='ocrx_word' id='word_1_808' title='bbox 2873 4351 2982 4415; x_wconf 88' lang='lat' dir='ltr'><strong>est,</strong></span> <span class='ocrx_word' id='word_1_809' title='bbox 2997 4346 3162 4406; x_wconf 91' lang='lat' dir='ltr'><strong>bibet</strong></span> <span class='ocrx_word' id='word_1_810' title='bbox 3184 4350 3315 4424; x_wconf 87' lang='lat' dir='ltr'><strong>[al.,</strong></span> <span class='ocrx_word' id='word_1_811' title='bbox 3333 4349 3530 4421; x_wconf 89' lang='lat' dir='ltr'><strong>faciet]</strong></span> 
     </span>
    </p>
   </div>
   <div class='ocr_carea' id='block_1_108' title="bbox 1867 4431 3530 4512">
    <p class='ocr_par' dir='ltr' id='par_1_108' title="bbox 1867 4431 3530 4512">
     <span class='ocr_line' id='line_1_108' title="bbox 1867 4431 3530 4512; baseline 0.005 -24"><span class='ocrx_word' id='word_1_812' title='bbox 1867 4431 2102 4500; x_wconf 90' lang='lat' dir='ltr'><strong>erroris,</strong></span> <span class='ocrx_word' id='word_1_813' title='bbox 2131 4431 2248 4488; x_wconf 93' lang='lat' dir='ltr'><strong>hoc</strong></span> <span class='ocrx_word' id='word_1_814' title='bbox 2271 4436 2361 4489; x_wconf 85' lang='lat' dir='ltr'><strong>est</strong></span> <span class='ocrx_word' id='word_1_815' title='bbox 2403 4432 2644 4490; x_wconf 71' lang='lat' dir='ltr'><strong>malitiae</strong></span> <span class='ocrx_word' id='word_1_816' title='bbox 2671 4435 2972 4507; x_wconf 90' lang='lat' dir='ltr'><strong>spiritum,</strong></span> <span class='ocrx_word' id='word_1_817' title='bbox 2996 4438 3330 4496; x_wconf 91' lang='lat' dir='ltr'><strong>secundum</strong></span> <span class='ocrx_word' id='word_1_818' title='bbox 3361 4439 3530 4512; x_wconf 91' lang='lat' dir='ltr'><strong>quod</strong></span> 
     </span>
    </p>
   </div>
   <div class='ocr_carea' id='block_1_109' title="bbox 1868 4520 3526 4599">
    <p class='ocr_par' dir='ltr' id='par_1_109' title="bbox 1868 4520 3526 4599">
     <span class='ocr_line' id='line_1_109' title="bbox 1868 4520 3526 4599; baseline 0.005 -22"><span class='ocrx_word' id='word_1_819' title='bbox 1868 4525 1927 4577; x_wconf 90' lang='lat' dir='ltr'><strong>et</strong></span> <span class='ocrx_word' id='word_1_820' title='bbox 1944 4520 2004 4577; x_wconf 90' lang='lat' dir='ltr'><strong>in</strong></span> <span class='ocrx_word' id='word_1_821' title='bbox 2025 4521 2284 4579; x_wconf 89' lang='lat' dir='ltr'><strong>Jeremia</strong></span> <span class='ocrx_word' id='word_1_822' title='bbox 2301 4521 2559 4594; x_wconf 88' lang='lat' dir='ltr'><strong>legimus</strong></span> <span class='ocrx_word' id='word_1_823' title='bbox 2587 4524 2852 4596; x_wconf 87' lang='lat' dir='ltr'><strong>:Arguet</strong></span> <span class='ocrx_word' id='word_1_824' title='bbox 2880 4531 2936 4582; x_wconf 88' lang='lat' dir='ltr'><strong>te</strong></span> <span class='ocrx_word' id='word_1_825' title='bbox 2950 4529 3382 4599; x_wconf 61' lang='lat' dir='ltr'><strong>prmuaricatio</strong></span> <span class='ocrx_word' id='word_1_826' title='bbox 3400 4534 3526 4598; x_wconf 91' lang='lat' dir='ltr'><strong>tua,</strong></span> 
     </span>
    </p>
   </div>
   <div class='ocr_carea' id='block_1_110' title="bbox 1869 4613 3527 4688">
    <p class='ocr_par' dir='ltr' id='par_1_110' title="bbox 1869 4613 3527 4688">
     <span class='ocr_line' id='line_1_110' title="bbox 1869 4613 3527 4688; baseline 0.003 -20"><span class='ocrx_word' id='word_1_827' title='bbox 1869 4617 1922 4668; x_wconf 90' lang='lat' dir='ltr'><strong>et</strong></span> <span class='ocrx_word' id='word_1_828' title='bbox 1948 4613 2186 4669; x_wconf 90' lang='lat' dir='ltr'><strong>malitia</strong></span> <span class='ocrx_word' id='word_1_829' title='bbox 2216 4617 2322 4669; x_wconf 91' lang='lat' dir='ltr'><strong>tua</strong></span> <span class='ocrx_word' id='word_1_830' title='bbox 2348 4615 2634 4683; x_wconf 78' lang='lat' dir='ltr'><strong>corripiet</strong></span> <span class='ocrx_word' id='word_1_831' title='bbox 2659 4620 2715 4670; x_wconf 86' lang='lat' dir='ltr'><strong>te</strong></span> <span class='ocrx_word' id='word_1_832' title='bbox 2743 4614 2883 4685; x_wconf 88' lang='lat' dir='ltr'><strong>(Jer.</strong></span> <span class='ocrx_word' id='word_1_833' title='bbox 2921 4631 2982 4682; x_wconf 84' lang='grc' dir='ltr'><strong>ιι,</strong></span> <span class='ocrx_word' id='word_1_834' title='bbox 3026 4616 3133 4688; x_wconf 89' lang='grc'><strong>19).</strong></span> <span class='ocrx_word' id='word_1_835' title='bbox 3181 4615 3283 4673; x_wconf 91' lang='lat' dir='ltr'><strong>Sin</strong></span> <span class='ocrx_word' id='word_1_836' title='bbox 3321 4621 3527 4672; x_wconf 88' lang='lat' dir='ltr'><strong>autem</strong></span> 
     </span>
    </p>
   </div>
   <div class='ocr_carea' id='block_1_111' title="bbox 1870 4701 3528 4777">
    <p class='ocr_par' dir='ltr' id='par_1_111' title="bbox 1870 4701 3528 4777">
     <span class='ocr_line' id='line_1_111' title="bbox 1870 4701 3528 4777; baseline 0.001 -19"><span class='ocrx_word' id='word_1_837' title='bbox 1870 4701 2314 4758; x_wconf 88' lang='lat' dir='ltr'><strong>scandalizatur</strong></span> <span class='ocrx_word' id='word_1_838' title='bbox 2335 4701 2670 4769; x_wconf 63' lang='lat' dir='ltr'><strong>haereticus,</strong></span> <span class='ocrx_word' id='word_1_839' title='bbox 2694 4701 2798 4774; x_wconf 91' lang='lat' dir='ltr'><strong>qui</strong></span> <span class='ocrx_word' id='word_1_840' title='bbox 2818 4705 2993 4758; x_wconf 90' lang='lat' dir='ltr'><strong>Vetus</strong></span> <span class='ocrx_word' id='word_1_841' title='bbox 3025 4720 3149 4761; x_wconf 93' lang='lat' dir='ltr'><strong>non</strong></span> <span class='ocrx_word' id='word_1_842' title='bbox 3166 4703 3377 4777; x_wconf 88' lang='lat' dir='ltr'><strong>recipit</strong></span> <span class='ocrx_word' id='word_1_843' title='bbox 3395 4707 3528 4762; x_wconf 90' lang='lat' dir='ltr'><strong>Tes-</strong></span> 
     </span>
    </p>
   </div>
   <div class='ocr_carea' id='block_1_112' title="bbox 1869 4789 3527 4862">
    <p class='ocr_par' dir='ltr' id='par_1_112' title="bbox 1869 4789 3527 4862">
     <span class='ocr_line' id='line_1_112' title="bbox 1869 4789 3527 4862; baseline 0.003 -15"><span class='ocrx_word' id='word_1_844' title='bbox 1869 4795 2228 4861; x_wconf 91' lang='lat' dir='ltr'><strong>tamentum,</strong></span> <span class='ocrx_word' id='word_1_845' title='bbox 2254 4789 2423 4862; x_wconf 92' lang='lat' dir='ltr'><strong>quod</strong></span> <span class='ocrx_word' id='word_1_846' title='bbox 2447 4790 2736 4847; x_wconf 92' lang='lat' dir='ltr'><strong>Dominus</strong></span> <span class='ocrx_word' id='word_1_847' title='bbox 2765 4791 3017 4850; x_wconf 90' lang='lat' dir='ltr'><strong>miscere</strong></span> <span class='ocrx_word' id='word_1_848' title='bbox 3046 4793 3281 4851; x_wconf 88' lang='lat' dir='ltr'><strong>dicatur</strong></span> <span class='ocrx_word' id='word_1_849' title='bbox 3309 4796 3527 4852; x_wconf 87' lang='lat' dir='ltr'><strong>erroris</strong></span> 
     </span>
    </p>
   </div>
   <div class='ocr_carea' id='block_1_113' title="bbox 1867 4878 3526 4958">
    <p class='ocr_par' dir='ltr' id='par_1_113' title="bbox 1867 4878 3526 4958">
     <span class='ocr_line' id='line_1_113' title="bbox 1867 4878 3526 4958; baseline 0.004 -22"><span class='ocrx_word' id='word_1_850' title='bbox 1867 4878 2277 4949; x_wconf 86' lang='lat' dir='ltr'><strong>velvertiginis</strong></span> <span class='ocrx_word' id='word_1_851' title='bbox 2317 4878 2612 4952; x_wconf 88' lang='lat' dir='ltr'><strong>spiritum,</strong></span> <span class='ocrx_word' id='word_1_852' title='bbox 2649 4880 2859 4939; x_wconf 89' lang='lat' dir='ltr'><strong>audiat</strong></span> <span class='ocrx_word' id='word_1_853' title='bbox 2891 4881 3180 4955; x_wconf 91' lang='lat' dir='ltr'><strong>scriptum</strong></span> <span class='ocrx_word' id='word_1_854' title='bbox 3225 4883 3286 4940; x_wconf 93' lang='lat' dir='ltr'><strong>in</strong></span> <span class='ocrx_word' id='word_1_855' title='bbox 3335 4892 3526 4958; x_wconf 80' lang='lat' dir='ltr'><strong>Apos-</strong></span> 
     </span>
    </p>
   </div>
   <div class='ocr_carea' id='block_1_114' title="bbox 1870 4969 3526 5040">
    <p class='ocr_par' dir='ltr' id='par_1_114' title="bbox 1870 4969 3526 5040">
     <span class='ocr_line' id='line_1_114' title="bbox 1870 4969 3526 5040; baseline 0.003 -13"><span class='ocrx_word' id='word_1_856' title='bbox 1870 4969 2011 5040; x_wconf 92' lang='lat' dir='ltr'><strong>tolo,</strong></span> <span class='ocrx_word' id='word_1_857' title='bbox 2042 4969 2157 5026; x_wconf 91' lang='lat' dir='ltr'><strong>hoc</strong></span> <span class='ocrx_word' id='word_1_858' title='bbox 2186 4972 2275 5025; x_wconf 91' lang='lat' dir='ltr'><strong>est</strong></span> <span class='ocrx_word' id='word_1_859' title='bbox 2322 4969 2385 5025; x_wconf 93' lang='lat' dir='ltr'><strong>in</strong></span> <span class='ocrx_word' id='word_1_860' title='bbox 2413 4973 2578 5026; x_wconf 86' lang='lat' dir='ltr'><strong>Novo</strong></span> <span class='ocrx_word' id='word_1_861' title='bbox 2607 4972 2988 5027; x_wconf 88' lang='lat' dir='ltr'><strong>Testamento</strong></span> <span class='ocrx_word' id='word_1_862' title='bbox 3023 4988 3036 5029; x_wconf 89' lang='lat'>:</span> <span class='ocrx_word' id='word_1_863' title='bbox 3063 4973 3339 5031; x_wconf 87' lang='lat' dir='ltr'><strong>Tradidit</strong></span> <span class='ocrx_word' id='word_1_864' title='bbox 3386 4977 3526 5032; x_wconf 87' lang='lat' dir='ltr'><strong>illos</strong></span> 
     </span>
    </p>
   </div>
   <div class='ocr_carea' id='block_1_115' title="bbox 1869 5059 3522 5137">
    <p class='ocr_par' dir='ltr' id='par_1_115' title="bbox 1869 5059 3522 5137">
     <span class='ocr_line' id='line_1_115' title="bbox 1869 5059 3522 5137; baseline 0.005 -22"><span class='ocrx_word' id='word_1_865' title='bbox 1869 5061 2026 5116; x_wconf 87' lang='lat' dir='ltr'><strong>Deus</strong></span> <span class='ocrx_word' id='word_1_866' title='bbox 2046 5060 2108 5115; x_wconf 92' lang='lat' dir='ltr'><strong>in</strong></span> <span class='ocrx_word' id='word_1_867' title='bbox 2130 5059 2434 5116; x_wconf 86' lang='lat' dir='ltr'><strong>desideriis</strong></span> <span class='ocrx_word' id='word_1_868' title='bbox 2457 5059 2650 5116; x_wconf 84' lang='lat' dir='ltr'><strong>cordis</strong></span> <span class='ocrx_word' id='word_1_869' title='bbox 2673 5061 2769 5116; x_wconf 89' lang='lat' dir='ltr'><strong>sui</strong></span> <span class='ocrx_word' id='word_1_870' title='bbox 2790 5077 2854 5117; x_wconf 79' lang='lat' dir='ltr'><strong>in</strong></span> <span class='ocrx_word' id='word_1_871' title='bbox 2874 5061 3318 5121; x_wconf 89' lang='lat' dir='ltr'><strong>immunditiam</strong></span> <span class='ocrx_word' id='word_1_872' title='bbox 3331 5065 3522 5137; x_wconf 86' lang='lat' dir='ltr'><strong>(Rom.</strong></span> 
     </span>
    </p>
   </div>
   <div class='ocr_carea' id='block_1_116' title="bbox 1869 5147 3524 5221">
    <p class='ocr_par' dir='ltr' id='par_1_116' title="bbox 1869 5147 3524 5221">
     <span class='ocr_line' id='line_1_116' title="bbox 1869 5147 3524 5221; baseline 0.004 -17"><span class='ocrx_word' id='word_1_873' title='bbox 1869 5164 1908 5219; x_wconf 86' lang='grc' dir='ltr'><strong>ι,</strong></span> <span class='ocrx_word' id='word_1_874' title='bbox 1939 5150 2018 5221; x_wconf 83' lang='grc'><strong>2).</strong></span> <span class='ocrx_word' id='word_1_875' title='bbox 2047 5151 2111 5202; x_wconf 83' lang='lat' dir='ltr'><strong>Et</strong></span> <span class='ocrx_word' id='word_1_876' title='bbox 2149 5147 2402 5204; x_wconf 83' lang='lat' dir='ltr'><strong>iterum:</strong></span> <span class='ocrx_word' id='word_1_877' title='bbox 2442 5149 2773 5218; x_wconf 87' lang='lat' dir='ltr'><strong>Propterea</strong></span> <span class='ocrx_word' id='word_1_878' title='bbox 2822 5151 3078 5209; x_wconf 72' lang='lat' dir='ltr'><strong>tradidit</strong></span> <span class='ocrx_word' id='word_1_879' title='bbox 3135 5167 3228 5210; x_wconf 90' lang='lat' dir='ltr'><strong>eos</strong></span> <span class='ocrx_word' id='word_1_880' title='bbox 3258 5155 3416 5210; x_wconf 86' lang='lat' dir='ltr'><strong>Deus</strong></span> <span class='ocrx_word' id='word_1_881' title='bbox 3461 5155 3524 5210; x_wconf 88' lang='lat' dir='ltr'><strong>in</strong></span> 
     </span>
    </p>
   </div>
   <div class='ocr_carea' id='block_1_117' title="bbox 1863 5238 3528 5310">
    <p class='ocr_par' dir='ltr' id='par_1_117' title="bbox 1863 5238 3528 5310">
     <span class='ocr_line' id='line_1_117' title="bbox 1863 5238 3528 5310; baseline 0.002 -15"><span class='ocrx_word' id='word_1_882' title='bbox 1863 5238 2172 5310; x_wconf 85' lang='lat' dir='ltr'><strong>passiones</strong></span> <span class='ocrx_word' id='word_1_883' title='bbox 2219 5238 2584 5309; x_wconf 77' lang='lat' dir='ltr'><strong>ignominiae.</strong></span> <span class='ocrx_word' id='word_1_884' title='bbox 2643 5240 2712 5294; x_wconf 88' lang='lat' dir='ltr'><strong>Et</strong></span> <span class='ocrx_word' id='word_1_885' title='bbox 2759 5255 2998 5300; x_wconf 86' lang='lat' dir='ltr'><strong>rursum</strong></span> <span class='ocrx_word' id='word_1_886' title='bbox 3044 5257 3066 5298; x_wconf 86' lang='lat'><strong>.&#39;</strong></span> <span class='ocrx_word' id='word_1_887' title='bbox 3117 5243 3394 5302; x_wconf 83' lang='lat' dir='ltr'><strong>Tradidit</strong></span> <span class='ocrx_word' id='word_1_888' title='bbox 3433 5257 3528 5299; x_wconf 88' lang='lat' dir='ltr'><strong>eos</strong></span> 
     </span>
    </p>
   </div>
   <div class='ocr_carea' id='block_1_118' title="bbox 1870 5327 3526 5402">
    <p class='ocr_par' dir='ltr' id='par_1_118' title="bbox 1870 5327 3526 5402">
     <span class='ocr_line' id='line_1_118' title="bbox 1870 5327 3526 5402; baseline 0.001 -17"><span class='ocrx_word' id='word_1_889' title='bbox 1870 5329 2028 5385; x_wconf 87' lang='lat' dir='ltr'><strong>Deus</strong></span> <span class='ocrx_word' id='word_1_890' title='bbox 2052 5329 2116 5383; x_wconf 88' lang='lat' dir='ltr'><strong>in</strong></span> <span class='ocrx_word' id='word_1_891' title='bbox 2131 5327 2450 5398; x_wconf 89' lang='lat' dir='ltr'><strong>reprobum</strong></span> <span class='ocrx_word' id='word_1_892' title='bbox 2465 5343 2722 5396; x_wconf 88' lang='lat' dir='ltr'><strong>sensum,</strong></span> <span class='ocrx_word' id='word_1_893' title='bbox 2751 5334 2819 5384; x_wconf 86' lang='lat' dir='ltr'><strong>ut</strong></span> <span class='ocrx_word' id='word_1_894' title='bbox 2839 5331 3078 5400; x_wconf 80' lang='lat' dir='ltr'><strong>faciant</strong></span> <span class='ocrx_word' id='word_1_895' title='bbox 3091 5346 3220 5402; x_wconf 65' lang='lat' dir='ltr'><strong>quae</strong></span> <span class='ocrx_word' id='word_1_896' title='bbox 3244 5347 3364 5387; x_wconf 88' lang='lat' dir='ltr'><strong>non</strong></span> <span class='ocrx_word' id='word_1_897' title='bbox 3385 5345 3526 5387; x_wconf 88' lang='lat' dir='ltr'><strong>con-</strong></span> 
     </span>
    </p>
   </div>
   <div class='ocr_carea' id='block_1_119' title="bbox 1873 5417 3523 5492">
    <p class='ocr_par' dir='ltr' id='par_1_119' title="bbox 1873 5417 3523 5492">
     <span class='ocr_line' id='line_1_119' title="bbox 1873 5417 3523 5492; baseline 0.001 -16"><span class='ocrx_word' id='word_1_898' title='bbox 1873 5419 2138 5476; x_wconf 85' lang='lat' dir='ltr'><strong>veniunt.</strong></span> <span class='ocrx_word' id='word_1_899' title='bbox 2193 5417 2531 5474; x_wconf 80' lang='lat' dir='ltr'><strong>Traduntur</strong></span> <span class='ocrx_word' id='word_1_900' title='bbox 2586 5422 2790 5475; x_wconf 89' lang='lat' dir='ltr'><strong>autem</strong></span> <span class='ocrx_word' id='word_1_901' title='bbox 2845 5418 2910 5475; x_wconf 93' lang='lat' dir='ltr'><strong>in</strong></span> <span class='ocrx_word' id='word_1_902' title='bbox 2961 5419 3271 5477; x_wconf 90' lang='lat' dir='ltr'><strong>desideriis</strong></span> <span class='ocrx_word' id='word_1_903' title='bbox 3302 5419 3523 5492; x_wconf 88' lang='lat' dir='ltr'><strong>cordis,</strong></span> 
     </span>
    </p>
   </div>
   <div class='ocr_carea' id='block_1_120' title="bbox 1870 5507 3528 5584">
    <p class='ocr_par' dir='ltr' id='par_1_120' title="bbox 1870 5507 3528 5584">
     <span class='ocr_line' id='line_1_120' title="bbox 1870 5507 3528 5584; baseline 0.002 -18"><span class='ocrx_word' id='word_1_904' title='bbox 1870 5509 2016 5584; x_wconf 90' lang='lat' dir='ltr'><strong>quia</strong></span> <span class='ocrx_word' id='word_1_905' title='bbox 2065 5511 2453 5567; x_wconf 87' lang='lat' dir='ltr'><strong>mutaverunt</strong></span> <span class='ocrx_word' id='word_1_906' title='bbox 2499 5507 2756 5580; x_wconf 90' lang='lat' dir='ltr'><strong>gloriam</strong></span> <span class='ocrx_word' id='word_1_907' title='bbox 2797 5509 3271 5583; x_wconf 85' lang='lat' dir='ltr'><strong>incorruptibilis</strong></span> <span class='ocrx_word' id='word_1_908' title='bbox 3320 5511 3422 5567; x_wconf 92' lang='lat' dir='ltr'><strong>Dei</strong></span> <span class='ocrx_word' id='word_1_909' title='bbox 3463 5511 3528 5569; x_wconf 91' lang='lat' dir='ltr'><strong>in</strong></span> 
     </span>
    </p>
   </div>
   <div class='ocr_carea' id='block_1_121' title="bbox 1871 5597 3530 5672">
    <p class='ocr_par' dir='ltr' id='par_1_121' title="bbox 1871 5597 3530 5672">
     <span class='ocr_line' id='line_1_121' title="bbox 1871 5597 3530 5672; baseline 0.002 -16"><span class='ocrx_word' id='word_1_910' title='bbox 1871 5597 2323 5656; x_wconf 89' lang='lat' dir='ltr'><strong>similitudinem</strong></span> <span class='ocrx_word' id='word_1_911' title='bbox 2371 5597 2654 5670; x_wconf 85' lang='lat' dir='ltr'><strong>imaginis</strong></span> <span class='ocrx_word' id='word_1_912' title='bbox 2698 5599 3101 5672; x_wconf 86' lang='lat' dir='ltr'><strong>corruptibilis</strong></span> <span class='ocrx_word' id='word_1_913' title='bbox 3130 5598 3415 5670; x_wconf 88' lang='lat' dir='ltr'><strong>hominis,</strong></span> <span class='ocrx_word' id='word_1_914' title='bbox 3471 5605 3530 5660; x_wconf 88' lang='lat' dir='ltr'><strong>et</strong></span> 
     </span>
    </p>
   </div>
   <div class='ocr_carea' id='block_1_122' title="bbox 1869 5687 3532 5762">
    <p class='ocr_par' dir='ltr' id='par_1_122' title="bbox 1869 5687 3532 5762">
     <span class='ocr_line' id='line_1_122' title="bbox 1869 5687 3532 5762; baseline 0.001 -16"><span class='ocrx_word' id='word_1_915' title='bbox 1869 5687 2208 5761; x_wconf 90' lang='lat' dir='ltr'><strong>volucrum,</strong></span> <span class='ocrx_word' id='word_1_916' title='bbox 2250 5693 2307 5745; x_wconf 91' lang='lat' dir='ltr'><strong>et</strong></span> <span class='ocrx_word' id='word_1_917' title='bbox 2335 5687 2829 5762; x_wconf 90' lang='lat' dir='ltr'><strong>quadrupedum,</strong></span> <span class='ocrx_word' id='word_1_918' title='bbox 2883 5694 2940 5746; x_wconf 90' lang='lat' dir='ltr'><strong>et</strong></span> <span class='ocrx_word' id='word_1_919' title='bbox 2977 5688 3301 5762; x_wconf 90' lang='lat' dir='ltr'><strong>reptilium.</strong></span> <span class='ocrx_word' id='word_1_920' title='bbox 3352 5691 3532 5757; x_wconf 83' lang='lat' dir='ltr'><strong>Quod</strong></span> 
     </span>
    </p>
   </div>
   <div class='ocr_carea' id='block_1_123' title="bbox 1877 5778 3528 5858">
    <p class='ocr_par' dir='ltr' id='par_1_123' title="bbox 1877 5778 3528 5858">
     <span class='ocr_line' id='line_1_123' title="bbox 1877 5778 3528 5858; baseline 0.002 -21"><span class='ocrx_word' id='word_1_921' title='bbox 1877 5778 2126 5853; x_wconf 90' lang='lat' dir='ltr'><strong>quidem</strong></span> <span class='ocrx_word' id='word_1_922' title='bbox 2175 5793 2302 5839; x_wconf 92' lang='lat' dir='ltr'><strong>non</strong></span> <span class='ocrx_word' id='word_1_923' title='bbox 2365 5778 2564 5838; x_wconf 87' lang='lat' dir='ltr'><strong>solum</strong></span> <span class='ocrx_word' id='word_1_924' title='bbox 2615 5778 2680 5838; x_wconf 90' lang='lat' dir='ltr'><strong>in</strong></span> <span class='ocrx_word' id='word_1_925' title='bbox 2738 5779 3005 5854; x_wconf 88' lang='lat' dir='ltr'><strong>Epistola</strong></span> <span class='ocrx_word' id='word_1_926' title='bbox 3057 5778 3138 5839; x_wconf 92' lang='lat' dir='ltr'><strong>ad</strong></span> <span class='ocrx_word' id='word_1_927' title='bbox 3200 5785 3528 5858; x_wconf 83' lang='lat' dir='ltr'><strong>Romanos,</strong></span> 
     </span>
    </p>
   </div>
  </div>
