3936 6440
1030 30 1424 45 ‘—

338 374 473 445 13M

1390 367 1451 427 8.
1488 360 1870 427 PIUBEKTH
1906 358 2297 421 amns
2334 360 2675 421 891580Ρί.

158 46 2624 121 -τ--έῄ--ξ-Μ-

3628 360 3776 418 me

336 498 443 565 sed
495 495 576 564 ad.
607 491 1161 563 Thessalonicenst
1202 489 1279 551 de
1307 488 1670 549 Antichristo
1692 486 1986 558 legimus:
2016 487 2066 542 Δ
2101 500 2234 557 qua
2279 486 2342 543 in
2389 492 2557 546 terra
2597 492 2736 545 sunt
2766 492 3191 545 consumantur
3218 485 3412 556 (lbid.,
3448 486 3554 558 ιτ).
3589 487 3660 541 Et
3706 485 3774 540 in

334 591 459 655 Pro
478 603 542 651 eo
571 584 731 657 quad
759 580 1114 647 maritatam
1153 580 1423 641 veritatis
1469 595 1590 638 non
1639 580 1994 647 receperunt

336 678 459 751 [al,,
488 671 897 743 susceperunt]
926 678 989 729 ut
1019 670 1427 741 soluerentur,
1487 668 1683 725 mittet
1721 668 1805 724 eis
1834 668 1993 722 Deus

336 767 736 838 operationem
762 758 1005 825 erroris,
1042 764 1109 814 ut
1137 759 1389 817 credant
1417 757 1728 815 mendacio
1749 761 1803 813 et
1825 755 1996 825 judi-

337 859 549 929 centur
588 863 786 915 omnes
833 849 940 919 qui
982 862 1104 909 non
1152 847 1541 907 crediderunt
1594 845 1853 913 veritati,
1897 844 1998 900 sed

330 943 695 1014 placuerunt
733 936 857 1009 [διο.
887 934 1409 1006 complacuerunt]
1431 936 1547 995 sibi
1584 936 1648 992 in
1692 933 1999 993 mendacio

337 1032 406 1101 (ll
435 1030 632 1095 Thess.
665 1043 727 1095 ιι,
752 1030 840 1097 10,
869 1026 978 1098 ll).

404 1122 447 1192 ὲ
475 1117 661 1185 Audis
688 1114 1093 1187 traditionem,
1127 1113 1504 1184 missionem,
1531 1113 1877 1173 mistionem
1901 1110 2002 1167 Dei

333 1211 395 1281 in
413 1208 727 1281 impiosmt
744 1204 934 1271 audes
950 1220 1203 1275 negares
1227 1220 1442 1279 pmnas
1465 1220 1502 1273 θ.
1524 1207 1642 1261 Deo
1659 1200 1924 1277 praesciri
1944 1205 2002 1257 et

332 1295 800 1373 prmdestinari?
842 1294 1015 1375 Quod
1048 1294 1099 1355 si
1128 1309 1165 1361 α
1205 1293 1506 1359 contrario
1537 1291 1679 1350 velis
1729 1288 2000 1358 intelligi,

334 1386 482 1461 quid
493 1384 677 1453 facies
688 1383 749 1451 in
770 1382 856 1445 eis
875 1381 1025 1441 locis
1042 1381 1104 1447 in
1125 1381 1350 1454 quibus
1366 1384 1715 1441 tractatores
1725 1377 1888 1435 verbi
1903 1376 2003 1449 Dei

337 1476 455 1539 sub
481 1490 605 1539 uno
658 1472 997 1544 eodemque
1040 1470 1339 1529 vocabulo
1387 1470 1715 1527 destinatos
1737 1467 1826 1525 ve!
1853 1483 2005 1541 prm-

337 1561 669 1633 destinatos
702 1559 780 1617 ad
801 1574 1047 1632 pinnam
1068 1557 1158 1621 vel
1181 1557 1437 1629 gloriam
1459 1558 1671 1615 crebro
1696 1557 1958 1614 fatentur
1975 1555 2004 1611 ?

408 1653 557 1713 Nam
580 1652 636 1708 S.
661 1646 1132 1719 Hieronymusin
1155 1646 1541 1719 Expositione
1557 1646 1724 1703 Isaiae
1745 1644 2003 1717 prophe-

338 1743 414 1809 tia
442 1739 524 1805 ita
553 1737 854 1810 eloquitur
875 1738 956 1809 (in
979 1738 1145 1805 Isai.,
1174 1753 1332 1806 sxw,
1371 1737 1428 1805 ι)
1458 1754 1472 1794 :
1509 1737 1598 1815 [Et
1617 1734 1903 1793 revelahit
1923 1732 2006 1790 fas

2103 574 2455 644 Evangelia:
2478 576 2683 635 Nolite
2712 577 2919 633 timere
2945 591 3040 633 eos
3067 577 3174 648 qui
3210 575 3490 633 occidunt
3520 590 3769 645 corpus,

2101 664 2368 722 animam
2396 670 2595 722 autem
2625 681 2747 724 non
2794 670 3048 735 possunt
3090 665 3396 737 occidere;
3436 664 3539 735 sed
3564 665 3774 734 potius

2102 766 2236 811 eum
2258 754 2454 811 timete
2475 756 2582 826 qui
2594 760 2787 824 potest
2812 760 2868 811 et
2896 756 3161 813 animam
3181 760 3239 815 et
3268 769 3485 823 eamus
3513 753 3774 823 perdere

2102 843 2168 899 in
2208 843 2485 914 gehenna
2534 845 2771 915 (Matth.
2807 861 2867 914 ι,
2900 846 3011 916 28).
3046 847 3112 900 Et
3157 860 3364 901 rursus
3396 861 3409 900 :
3448 844 3596 901 Esto
3625 859 3775 901 con-

2103 934 2361 991 sentiens
2388 934 2738 993 adversario
2778 939 2880 992 tuo
2918 934 3061 993 dum
3092 949 3149 992 es
3187 935 3251 990 in
3282 936 3382 991 via
3410 950 3545 990 cum
3570 948 3664 1004 eo,
3698 949 3779 990 ne

2099 1023 2263 1092 forte
2291 1023 2497 1081 tradat
2524 1029 2579 1081 te
2609 1023 2993 1081 adversarius
3013 1023 3233 1093 judici,
3259 1028 3315 1080 et
3334 1024 3534 1094 juden
3559 1023 3776 1080 tradat

2108 1116 2165 1171 te
2191 1111 2486 1180 ministro,
2518 1118 2573 1170 et
2599 1114 2660 1169 in
2684 1128 2925 1171 carcere
2953 1113 3235 1169 mittaris.
3257 1112 3447 1168 Amen
3479 1111 3613 1168 dico
3636 1112 3775 1182 tibi,

2108 1216 2230 1257 non
2249 1203 2408 1259 cutes
2437 1201 2578 1259 inde
2605 1201 2791 1259 donec
2812 1201 3030 1261 reddas
3053 1201 3438 1259 novissimum
3464 1200 3779 1274 quadran-

2109 1294 2223 1346 tem
2254 1289 2495 1361 (Matth.
2526 1307 2585 1359 ν,
2613 1291 2724 1362 25).
2766 1290 2826 1348 Si
2866 1292 3023 1348 Deus
3065 1306 3191 1347 non
3218 1290 3393 1363 punit
3432 1306 3567 1363 quae
3610 1289 3777 1359 fecit,

2108 1380 2245 1451 quis
2255 1379 2277 1449 j
2290 1378 2634 1439 udicaturus
2647 1385 2735 1437 est
2753 1379 2925 1437 vivos
2943 1383 2999 1436 et
3018 1383 3290 1437 mortuos
3303 1379 3332 1435 *Ι
3352 1379 3490 1451 quis
3500 1377 3778 1437 dicturus

2108 1470 2198 1528 est
2224 1466 2461 1541 impiis:
2492 1468 2572 1525 Ite
2601 1469 2664 1529 in
2708 1469 2905 1538 ignem
2936 1473 3227 1525 aeternum
3253 1468 3361 1538 qui
3399 1473 3657 1537 paratus
3688 1474 3776 1525 est

2108 1556 2348 1618 diabolo
2392 1563 2448 1614 et
2493 1559 2724 1628 angelis
2762 1561 2941 1628 ejus?
2987 1557 3203 1630 (Matth.
3235 1573 3369 1625 xxv,
3410 1559 3528 1625 41.)
3575 1556 3656 1625 Si,
3687 1557 3780 1617 in-

2109 1662 2317 1719 quam,
2348 1662 2474 1709 non
2499 1647 2675 1720 punit
2702 1663 2837 1720 quas
2868 1647 3024 1714 fecit,
3053 1647 3228 1718 cujus
3254 1662 3372 1704 vox
3401 1650 3494 1705 est
3512 1646 3780 1707 intermie

2108 1736 2345 1793 nantis?
2368 1737 2525 1807 Ignis
2549 1752 2863 1794 succensus
2884 1742 2967 1793 est
2990 1738 3052 1793 in
3070 1737 3285 1807 furore
3304 1752 3452 1806 meo,
3470 1741 3523 1795 et
3536 1736 3777 1807 ardebit

340 1830 491 1899 ciem
520 1829 671 1900 ejus,
704 1832 770 1893 ui
797 1827 1129 1900 precedent
1155 1827 1380 1889 mortui
1410 1826 1485 1884 de
1514 1825 1805 1899 sepulcris
1836 1824 1998 1880 suis:
2029 1847 2076 1904 ι
2112 1830 2295 1896 utque
2331 1826 2413 1885 ad
2441 1827 2671 1896 inferni
2710 1828 3051 1895 nouissima,
3077 1826 3503 1897 devorabitque
3545 1832 3777 1889 terram

341 1919 464 1982 sive
494 1916 754 1977 nudabit
782 1932 920 1983 eam
966 1921 1033 1972 ut
1078 1917 1287 1981 omnia
1325 1931 1513 1989 opera
1541 1916 1670 1986 ejus
1698 1912 2005 1988 proferant-

339 2012 435 2079 tur
463 2007 524 2077 in
553 2005 888 2077 publicum,
915 2009 974 2065 et
1010 2005 1440 2078 dispergantur
1466 2004 1837 2065 habitatores
1872 2002 2005 2073 ejus

338 2097 400 2167 in
422 2096 660 2163 diversa
683 2096 818 2163 ΙοΘᾶ
846 2094 1113 2168 praemiis
1144 2094 1234 2157 vol
1264 2094 1575 2168 suppliciis
1603 2092 1929 2164 destinati.]

410 2189 453 2260 ir
476 2185 846 2258 Augustinus
874 2184 937 2251 in
957 2183 1113 2251 libro
1138 2182 1215 2243 de
1240 2184 1485 2246 Civitate
1526 2183 1624 2243 Dei
1656 2183 1868 2256 quinto
1897 2181 2004 2238 de-

340 2277 497 2345 cimo
516 2276 756 2349 (capi):
786 2273 971 2353 (Quas
993 2273 1176 2339 etiam
1196 2274 1449 2345 mystice
1470 2273 1848 2347 appellamus
1866 2272 2009 2329 civi-

342 2371 491 2437 tates
514 2364 687 2434 duas,
712 2365 828 2431 hoc
858 2367 948 2421 est
968 2361 1124 2427 duas
1151 2362 1462 2427 societates
1480 2362 1820 2429 hominum,
1851 2378 2003 2434 qua-

339 2471 478 2527 rum
503 2458 592 2523 est
774 2468 911 2525 quin
940 2451 1365 2525 prmdestinata
1391 2456 1480 2511 est
1506 2451 1568 2513 in
1598 2456 1889 2509 aeternum
1918 2466 2007 2507 re-

342 2560 530 2617 gnare
551 2560 692 2607 cum
716 2545 853 2610 Deo,
875 2541 1058 2609 altera
1079 2545 1370 2603 aeternum
1404 2540 1768 2613 supplicium
1801 2539 2007 2596 subire

343 2650 483 2707 9911,!
514 2630 808 2702 diabﬂlﬂv]
836 2629 872 2698 ‘l’
894 2629 1097 2695 Cernis
1118 2629 1355 2702 absque
1382 2628 1506 2689 ulla
1530 2630 1879 2698 exceptione
1907 2627 2008 2682 de.-

342 2722 594 2795 stinatos
613 2719 878 2795 prtumiis
908 2718 1003 2779 vel
1025 2717 1335 2791 suppliciis
1354 2716 1494 2786 diei,
1516 2721 1575 2774 et
1591 2716 1776 2777 latras
1797 2731 1835 2771 a
1864 2730 2005 2772 con-

343 2810 525 2884 trario
542 2809 763 2883 debere
785 2806 1055 2877 intelligi,
1078 2821 1297 2877 nempe
1317 2805 1365 2863 si
1397 2803 1708 2878 suppliciis
1728 2804 2008 2861 destinati

342 2915 456 2973 pro
469 2913 594 2965 non
615 2895 924 2967 destinatis
936 2893 1547 2967 accipiuntur,procul
1566 2893 1754 2955 dubio
1774 2897 1834 2950 et
1851 2910 2004 2966 prae-

344 2988 482 3061 miis
502 2985 783 3055 destinati
794 3001 866 3054 ex
878 3000 1053 3057 inquo
1071 3000 1181 3057 pro
1196 2998 1322 3045 non
1336 2983 1647 3051 destinatis
1672 2982 2009 3057 accipiendi

341 3074 835 3148 suntouodquia
854 3072 1360 3143 absurdissimum
1384 3077 1472 3131 est
1492 3071 1704 3135 saltem
1716 3071 2001 3141 cogitare,

2112 1931 2247 1972 cum
2262 1917 2528 1987 germine
2540 1923 2726 1983 suo,et
2745 1919 3036 1974 montium
3050 1917 3454 1988 fundamenta
3466 1917 3777 1974 comburat

2112 2006 2307 2076 (Deut.
2326 2022 2508 2073 χχιιι,
2541 2007 2653 2079 ἢῆ).
2688 2009 2755 2064 Et
2781 2022 3063 2065 rursum:
3096 2009 3226 2078 Ego
3265 2007 3553 2077 occidam,
3584 2012 3641 2064 et
3667 2021 3776 2077 ego

2110 2096 2305 2153 vivere
2330 2097 2603 2169 faciam;
2623 2098 2985 2167 percutiam,
3015 2103 3072 2156 et
3117 2112 3224 2168 ego
3267 2097 3532 2164 sonabo;
3565 2101 3619 2152 et
3651 2112 3778 2152 non

2110 2190 2194 2243 est
2220 2187 2324 2258 qui
2350 2187 2424 2244 de
2449 2203 2636 2245 manu
2660 2202 2792 2245 mea
2826 2190 3013 2257 possit
3040 2203 3266 2247 eruere.
3308 2188 3541 2244 Levabo
3564 2186 3648 2244 ad
3665 2201 3779 2242 ca-

2114 2276 2239 2333 lum
2254 2292 2500 2334 manum
2516 2292 2728 2346 meam,
2748 2282 2804 2334 et
2825 2278 3023 2334 dicam
3038 2294 3061 2334 ἰ
3082 2279 3224 2334 Viuo
3237 2293 3345 2348 ego
3365 2278 3431 2335 in
3448 2282 3743 2334 aeternum
3763 2292 3778 2329 :

2109 2365 2164 2423 si
2189 2380 2409 2424 acuero
2438 2371 2504 2424 ut
2542 2367 2766 2437 fulgur
2804 2367 3079 2437 gladium
3115 2382 3332 2432 meum,
3357 2371 3415 2423 et
3443 2366 3783 2435 arripuerit

2100 2455 2406 2524 judicium
2436 2471 2652 2514 manus
2692 2471 2842 2513 mea.
2875 2456 3144 2519 Reddam
3178 2457 3467 2513 ultionem
3510 2453 3783 2511 hostibus

2114 2544 2277 2613 meis,
2308 2550 2364 2601 et
2394 2545 2485 2602 his
2514 2546 2621 2616 qui
2642 2544 2897 2602 oderunt
2945 2559 3039 2601 me
3063 2544 3431 2601 retribuam:
3464 2542 3783 2598 inebriabo

2111 2633 2364 2701 sagittas
2387 2648 2547 2690 meas
2582 2634 2897 2704 sanguine,
2927 2638 2982 2689 et
3011 2632 3254 2703 gladius
3278 2645 3442 2688 meus
3467 2629 3784 2687 devorabit

2114 2736 2345 2778 carnes.
2377 2723 2465 2779 De
2483 2738 2697 2780 cruore
2723 2723 3054 2787 occisorum
3084 2727 3138 2778 et
3177 2721 3251 2779 de
3275 2720 3628 2790 captivitate
3660 2734 3780 2775 uu-

2113 2809 2246 2866 dati
2273 2810 2651 2868 inimicorum
2683 2811 2898 2880 capitis
2928 2809 3118 2882 (lbid..
3150 2809 3364 2881 39—422).
3390 2811 3457 2864 Et
3481 2806 3600 2864 alia
3623 2807 3781 2863 mul-

2112 2901 2195 2963 ta,
2221 2911 2361 2967 quas
2388 2898 2698 2967 nequeunt
2724 2894 2841 2953 nisi
2869 2910 2907 2951 a
2934 2893 3276 2953 nolentibus
3305 2891 3592 2963 ignorari.

2188 2986 2247 3045 Si
2276 2984 2430 3040 Deus
2460 2983 2539 3041 ab
2568 2984 2662 3041 his
2700 3000 2837 3058 quae
2868 2983 3006 3041 facit
3032 2984 3331 3042 naturalia
3365 2998 3620 3040 munera
3650 2997 3778 3041 non

2114 3074 2283 3141 tollit,
2299 3073 2449 3147 quid
2478 3078 2570 3131 est
2595 3078 2659 3132 ut
2680 3073 2756 3135 de
2777 3073 3002 3132 castoris
3030 3073 3260 3140 sileam,
3282 3072 3452 3146 quod
3469 3075 3557 3129 tot
3582 3071 3779 3133 hami:

342 3167 758 3233 incunQia-ntei‘
787 3162 1101 3235 fatendum
1129 3166 1299 3255 estet
1321 3161 1589 3255 prasinus
1620 3165 1678 3255 et
1696 3160 2007 3255 supplic-iis
2035 3199 2079 3255 ο
2115 3177 2223 3223 nos
2253 3177 2463 3255 caecos,
2497 3160 2737 3255 surdos,
2769 3159 3276 3255 mutos,_debiles,
3308 3159 3584 3255 claudos,
3606 3157 3776 3255 iniit:

343 3254 694 3327 destinatos,
717 3256 951 3319 remota
975 3250 1146 3319 omni
1181 3251 1618 3321 contrarietate,
1644 3252 1763 3306 Deo
1797 3249 2008 3321 justis-

346 3344 535 3401 simos
580 3342 806 3413 judice,
838 3340 958 3397 ﬁde
988 3341 1352 3405 inconcussa
1392 3339 1579 3399 libere
1610 3338 2006 3396 conﬁtendos.

416 3434 786 3507 Quoeunque
814 3431 994 3502 igitur
1017 3429 1107 3493 vis
1136 3428 1322 3499 modo
1348 3428 1442 3493 vel
1463 3445 1666 3495 sensu,
1690 3428 1893 3500 accipe
1914 3427 2009 3487 vel

344 3526 595 3601 peccata,
621 3520 718 3593 vel
745 3536 958 3593 prunas
979 3521 1190 3587 Deum,
1213 3518 1661 3592 rationalesque
1705 3523 2008 3577 creaturas

347 3611 496 3684 scire
517 3609 612 3678 vel
634 3608 1094 3682 prmdestinare:
1120 3623 1232 3675 nos
1277 3608 1628 3665 auctoritate
1662 3607 2008 3666 divinorum

347 3699 746 3773 eloquiorum,
779 3701 836 3767 et
872 3712 1176 3766 consensu
1211 3697 1486 3765 omnium
1532 3696 2008 3759 orthodoxorum

345 3786 672 3859 tutabimur
702 3787 890 3859 Deum
929 3788 1179 3859 peccata
1224 3784 1534 3857 praescisse
1563 3789 1622 3841 et
1658 3783 1825 3850 scire,
1856 3783 2010 3852 judi-

346 3893 485 3951 care
513 3881 694 3949 atque
719 3874 1033 3945 damnare,
1055 3888 1394 3947 pcenasque
1432 3889 1644 3931 eorum
1675 3872 2009 3932 constituis-

347 3982 432 4037 se,
477 3966 706 4037 fecisse,
750 3962 1028 4034 creasse,
1055 3962 1363 4036 praescisse
1419 3967 1477 4018 et
1527 3961 2004 4035 prmdestinasse,

348 4054 636 4127 intulisse,
669 4054 989 4125 irrogasse,
1040 4052 1293 4121 misisse,
1338 4051 1617 4122 voluisse,
1648 4050 2004 4117 decrevisse,

346 4161 619 4221 parasse,
649 4144 1036 4218 disposuisse,
1071 4146 1129 4211 et
1172 4158 1568 4217 prmparasse,
1597 4142 1692 4202 vel
1728 4145 1866 4199 ante
1894 4159 2006 4197 sie-

348 4235 485 4301 cula
514 4235 577 4293 in
605 4233 984 4308 prmscientia
1029 4235 1089 4301 et
1114 4231 1658 4305 praedestinatione,
1688 4231 1784 4289 vel
1807 4231 1870 4286 in
1901 4247 2009 4287 saa-

349 4324 499 4382 culis
525 4339 631 4398 per
657 4323 794 4387 loca
830 4334 889 4387 et
923 4325 1198 4393 tempora
1225 4326 1589 4394 opportuna,
1617 4320 1712 4378 vel
1740 4325 2010 4394 postmo-

348 4414 498 4489 dum
526 4412 591 4486 in
621 4411 962 4475 aeternitate.
992 4414 1174 4481 Perp
1198 4411 1366 4485 quod
1382 4411 1567 4468 infers
1596 4428 1609 4467 :

919 4568 1166 4612 JOANNES
1204 4569 1432 4615 SCOTUS.

421 4664 587 4739 (Cap.
626 4663 711 4736 15,
739 4677 909 4720 num.
945 4661 1033 4728 15,
1064 4666 1206 4723 sect.
1243 4661 1349 4735 lo.)
1382 4665 1422 4716 9
1447 4661 1585 4720 Non
1624 4661 1781 4719 enim
1830 4660 2008 4719 Crea-

349 4761 445 4813 tor
468 4754 645 4827 punit
676 4767 812 4828 qua:
839 4752 1006 4826 fecit,
1038 4765 1147 4810 nec
1188 4750 1263 4808 ab
1293 4752 1372 4821 eis
1401 4752 1718 4819 naturalia
1755 4766 2007 4809 munera

350 4846 532 4907 tollit.
846 4838 851 4841 ’

1018 4947 1318 4993 CORRECTIO
1327 4977 1341 4989 .

420 5045 459 5114 εἰ·
491 5046 686 5113 Quam
729 5042 808 5100 sit
850 5041 1084 5111 veritati
1113 5040 1435 5106 adversum
1475 5039 1708 5113 liquido
1733 5042 1914 5112 patet.
1950 5038 2010 5097 Si

349 5133 515 5204 enim
542 5135 698 5195 Deus
743 5147 868 5199 non
908 5132 1083 5206 punit
1125 5147 1264 5205 quae
1294 5130 1449 5201 fecit,
1490 5130 1713 5187 fallitur
1742 5129 1873 5202 ipse
1904 5129 2011 5202 qui

349 5222 519 5280 dicit:
553 5222 768 5289 Delebo
797 5223 1092 5285 hominem
1129 5237 1303 5293 quem
1332 5221 1536 5283 creavi
1558 5235 1597 5278 a
1620 5221 1785 5290 facie
1812 5226 2009 5289 terrae,

349 5313 427 5375 ab
467 5311 707 5371 homine
757 5324 943 5381 usque
989 5310 1072 5371 ad
1117 5312 1477 5380 animantia,
1508 5325 1548 5371 α
1592 5310 1799 5381 reptili
1827 5323 2012 5381 usque

350 5403 433 5460 ad
460 5400 732 5459 volucres
760 5399 934 5455 creti:
992 5398 1243 5467 paenitet
1312 5401 1467 5457 enim
1512 5414 1605 5457 me
1640 5400 1853 5464 fecisse
1918 5414 2014 5459 eos

348 5490 524 5562 (Gen.
580 5503 660 5555 v1,
711 5486 786 5557 '7).
841 5488 909 5551 Et
964 5485 1108 5542 item
1126 5503 1143 5551 γε
1193 5489 1364 5545 Finis
1436 5490 1733 5551 universae
1807 5489 2011 5547 carnis

349 5580 514 5651 uenit
574 5589 777 5639 coram
836 5589 951 5644 eme,
1004 5577 1235 5646 repleta
1289 5582 1375 5636 est
1423 5582 1588 5637 terra
1648 5578 1843 5651 (Ibid,
1901 5579 2009 5649 la).

348 5668 421 5737 Et
464 5666 670 5731 intra:
720 5663 875 5727 Ecce
920 5679 1026 5736 ego
1072 5668 1372 5734 adducam
1421 5670 1642 5729 diluvii
1683 5683 1873 5741 aquas
1918 5684 2015 5727 δατ

347 5771 460 5824 per.
504 5766 752 5821 terram,
802 5758 869 5813 ut
925 5756 1283 5828 interﬁciant
1349 5770 1580 5819 omnem
1648 5774 1891 5819 carnem
1946 5760 2011 5817 in

353 5857 479 5929 qua
845 5843 984 5911 vim
1178 5846 1384 5911 subter
1430 5848 1674 5916 mlum.
1729 5848 2014 5927 misenus

2114 3267 2270 3321 mos,
2301 3251 2509 3324 pigros
2550 3250 2916 3323 habeasque
2963 3250 3275 3309 videmus:
3327 3249 3481 3311 adeo
3528 3253 3592 3309 ut
3627 3248 3780 3307 nihil

2116 3340 2367 3401 omnino
2393 3355 2606 3397 sensus
2637 3340 2860 3400 habere
2889 3340 3228 3409 videantur,
3255 3354 3412 3413 quos
3441 3337 3623 3408 vulgo
3652 3353 3779 3396 mo-

2114 3432 2315 3491 riones
2346 3430 2608 3491 vocant?
2637 3430 2748 3491 Qui
2768 3434 2858 3488 est
2882 3429 3050 3503 quod
3079 3429 3207 3501 ipse
3244 3429 3308 3488 in
3338 3427 3659 3497 Evangelio
3687 3426 3777 3484 di-

2116 3520 2193 3583 cit
2213 3520 2504 3581 adversus
2530 3519 2803 3592 pecunias
2837 3536 2961 3578 suae
2991 3524 3362 3593 repostorem
3389 3537 3403 3575 :
3460 3519 3673 3587 Tollite
3700 3517 3777 3577 ab

2115 3625 2185 3670 ea
2230 3624 2454 3679 mnam,
2509 3615 2564 3669 et
2614 3610 2756 3667 date
2799 3611 2897 3669 illi
2942 3611 3048 3682 qui
3092 3609 3270 3668 habet
3319 3609 3517 3677 decem
3562 3622 3774 3667 muas:

2115 3701 2279 3759 omni
2301 3701 2456 3757 etaim
2489 3698 2733 3759 habenti
2757 3699 3006 3759 dabitur
3034 3706 3089 3757 et
3110 3698 3477 3767 abundabit;
3504 3699 3560 3756 ei
3576 3703 3779 3756 autem

2114 3791 2220 3861 qui
2270 3806 2391 3846 non
2444 3788 2642 3859 habet,
2686 3794 2741 3847 et
2796 3789 2957 3860 quod
3010 3788 3189 3848 habet
3232 3789 3550 3859 auferetur
3590 3787 3665 3853 ab
3712 3802 3776 3844 eo

2114 3878 2283 3951 (Luc.
2310 3877 2550 3947 xxx,24).
2575 3880 2645 3936 Et
2661 3893 2768 3951 per
2790 3878 3044 3935 lsaiam:
3078 3879 3211 3937 Ideo
3242 3893 3372 3936 ecce
3396 3893 3500 3949 ego
3530 3877 3772 3943 addam,

2114 3974 2180 4024 ut
2236 3968 2694 4025 admirationem
2736 3968 2964 4037 faciam
3010 3969 3239 4038 populo
3288 3960 3447 4028 huic
3478 3967 3775 4025 miraculo

2114 4057 2339 4128 grandi
2367 4063 2422 4115 et
2461 4057 2790 4127 stupenda:
2827 4058 3051 4127 peribit
3080 4058 3237 4116 enim
3265 4058 3564 4128 sapientia
3609 4072 3650 4116 a
3675 4072 3772 4116 sa—

2113 4147 2413 4218 pientibus
2466 4149 2614 4217 ejus,
2670 4150 2729 4205 et
2770 4147 3112 4206 intellectus
3162 4147 3557 4217 prudentium
3604 4147 3772 4204 illius

2116 4236 2515 4295 abscondetur
2542 4238 2675 4304 (lsa.
2703 4251 2860 4305 XXIX,
2897 4235 3001 4309 14).

2190 4324 2364 4392 Quod
2393 4328 2636 4383 sanctus
2683 4323 3083 4398 Hieronymus
3109 4324 3194 4387 ita
3223 4324 3470 4398 exponit
3497 4324 3583 4399 (in
3613 4324 3770 4393 Isai.,

2118 4432 2315 4483 χχχιχ,
2354 4415 2477 4488 14);
2525 4411 2620 4488 [Ut
2662 4413 2897 4488 perdat,
2944 4414 3247 4488 inquiens,
3287 4430 3498 4473 eorum
3545 4412 3775 4487 sapien-

2116 4504 2259 4563 tiam
2291 4504 2397 4580 qui
2424 4519 2550 4562 non
2577 4508 2933 4577 receperunt
2961 4504 3066 4565 Dei
3091 4504 3402 4572 virtutem;
3432 4503 3654 4577 Deique
3680 4518 3773 4563 sa-

2118 4594 2407 4669 pientiam
2454 4596 2513 4650 et
2547 4593 2912 4655 intellectum
2942 4593 3333 4666 prudentium
3360 4592 3694 4653 abscondat
3718 4597 3773 4651 et

2118 4683 2285 4754 celet,
2303 4699 2381 4740 ne
2411 4682 2633 4741 scilicet
2656 4699 2796 4740 eum
2826 4683 3128 4756 reperiant
3154 4683 3261 4756 qui
3289 4682 3354 4740 in
3380 4682 3574 4745 littera
3593 4681 3772 4740 conti-

2116 4778 2309 4833 netur.
2343 4774 2423 4831 De
2448 4773 2565 4833 hoc
2608 4771 2743 4829 loco
2776 4772 3089 4845 apostolus
3126 4772 3347 4833 Paulus
3391 4771 3661 4831 scribens
3691 4770 3771 4829 ad

2117 4864 2451 4925 Corinthios
2496 4862 2700 4936 posuit
2733 4863 3183 4923 testimonium:
3229 4864 3494 4925 Perdant
3534 4863 3766 4933 sapien-

2118 4955 2264 5013 tiam
2291 4953 2651 5024 sapientium
2675 4957 2731 5011 et
2756 4953 3127 5021 intellectum
3155 4953 3543 5024 prudentium
3575 4968 3771 5023 repro-

2119 5042 2266 5101 babo
2293 5043 2353 5115 (Ι
2371 5043 2512 5101 Cor.
2542 5059 2584 5113 ι,
2621 5042 2742 5112 19);
2776 5042 2906 5099 aliis
2953 5042 3152 5101 verbis
3192 5042 3479 5103 eumdem
3525 5057 3767 5101 sensum

2117 5133 2469 5195 edisserens.
2500 5134 2628 5189 Non
2656 5131 2823 5205 quod
2850 5133 3005 5193 Deus
3035 5131 3109 5191 sit
3133 5131 3414 5191 inimicus
3444 5130 3766 5205 sapientiae,

2119 5223 2293 5295 cujus
2320 5226 2490 5296 pater
2515 5225 2623 5289 est,
2650 5226 2711 5278 et
2738 5237 2843 5294 per
2866 5237 3057 5295 quam
3085 5221 3284 5279 omnis
3307 5225 3397 5281 est
3422 5220 3487 5278 in
3513 5220 3768 5279 homini-

2117 5311 2234 5368 bus
2260 5308 2575 5384 sapientia,
2603 5308 2710 5365 sed
2748 5324 2887 5366 cum
2930 5309 3342 5373 additamenta
3372 5308 3592 5383 posuit,
3624 5309 3771 5366 utin

2120 5400 2412 5479 Hebraico
2441 5402 2572 5457 est:
2617 5398 2989 5469 Sapientiam
3024 5400 3246 5470 populi
3289 5405 3345 5457 et
3384 5398 3769 5470 prudentiam

2119 5492 2308 5565 illius,
2340 5489 2403 5547 id
2448 5494 2540 5548 est
2582 5488 2793 5563 populi
2821 5489 3190 5550 Judaeorum.
3222 5492 3289 5547 Et
3318 5505 3525 5548 revera
3549 5489 3769 5561 grande

2119 5579 2483 5639 miraculum
2527 5581 2683 5637 Deus
2734 5578 2874 5638 fecit
2921 5580 2985 5637 in
3013 5578 3241 5653 populo
3267 5583 3406 5653 post
3447 5578 3770 5638 adventum

2120 5669 2358 5729 Domini
2398 5668 2738 5738 Salvatoris,
2771 5672 2839 5727 ut
2879 5685 3004 5727 uno
3043 5673 3224 5743 atque
3260 5668 3478 5729 eodem
3505 5672 3769 5743 tempore

2122 5759 2357 5819 arderet
2381 5759 2726 5831 ,‘Jerusalem
2754 5758 3168 5832 templumque
3197 5762 3497 5819 corruerat
3521 5763 3579 5816 et
3606 5759 3767 5819 omni

2123 5852 2399 5921 amisso
2418 5848 3239 5921 [al.mmuismagistromm]
3270 5848 3521 5913 uiantis
3542 5848 3763 5911 tollere-
