3936 6376
144 241 272 296 1821

1069 247 1161 302 DE
1210 247 1889 318 PMDESTINATIONI
1923 253 2206 324 ΟΟΝῬΒΑ
2247 260 2291 316 J
2333 259 2633 326 SCOTUM.

3445 286 3582 352 ηβι

141 367 236 419 tur
261 363 506 438 impleto
535 365 635 423 illo
662 368 829 440 quod
855 385 1040 441 supra
1088 371 1317 430 dictum
1347 380 1434 432 est
1465 394 1479 432 ε
1511 377 1667 434 Ecce
1697 378 1802 434 do-
1842 381 1887 438 Δ.
1919 379 2179 448 miseria,
2238 383 2351 440 nisi
2409 386 2700 448 adversus
2772 406 2913 450 eum
2963 394 3371 468 inobedientia
3445 406 3578 477 ejus

139 454 402 510 minator
432 457 720 513 Dominus
763 459 1016 515 sabaoth
1063 463 1300 532 auferet
1345 466 1425 521 ab
1471 467 1805 523 Jerusalem

139 549 191 598 et
212 559 249 602 a
279 544 444 601 Juda
490 547 759 602 validum
809 553 862 604 et
895 550 1181 621 validam,
1215 569 1445 612 omnem
1483 557 1803 625 fortitudi-

139 648 272 688 nem
295 636 500 703 panis,
537 642 592 691 et
625 652 797 694 omne
825 639 1012 694 robur
1034 655 1246 712 aquai;
1269 645 1594 713 gigantem,
1619 653 1672 702 et
1707 646 1806 702 ho-

137 724 352 779 minem
386 725 756 794 bellatorem,
783 734 837 783 et
848 729 1116 796 judicem
1142 737 1196 787 et
1218 735 1580 802 prophetam
1602 741 1658 791 et
1689 737 1805 792 col-

139 813 411 869 lectorem
446 814 571 886 [al.,
603 818 1044 888 conjectorem],
1075 825 1131 876 et
1169 836 1384 891 senem,
1417 829 1471 880 et
1502 825 1802 895 quinqua-

135 903 473 970 genarium,
506 909 560 958 et
615 904 1035 962 admirabilem
1079 914 1133 964 et
1165 911 1599 978 consiliarium,
1627 919 1680 968 et
1710 928 1803 971 sa—

133 990 390 1057 pientem
409 993 828 1061 architectum,
845 998 899 1050 et
920 997 1282 1066 prudentem
1299 1000 1637 1056 auditorem
1653 1001 1797 1072 (Isa.

134 1094 218 1142 ιιι,
255 1083 305 1150 t,
335 1080 412 1150 2),
441 1086 497 1137 et
521 1086 735 1138 caetera
784 1099 919 1155 quae
967 1087 1358 1157 propheticus
1407 1105 1604 1152 sermo
1653 1107 1798 1147 con-

132 1169 362 1241 texuit.)
393 1169 428 1236 Ῠ
460 1173 593 1228 Post
624 1172 1096 1230 interfectionem
1128 1178 1355 1250 quippe
1381 1178 1539 1235 illius
1583 1197 1796 1237 omnes

129 1258 336 1328 gratiae
385 1263 440 1314 et
481 1259 836 1317 donationes
883 1264 1135 1321 sublatae
1167 1273 1306 1323 sunt
1350 1270 1592 1336 Judaeis,
1623 1274 1680 1326 et
1709 1287 1799 1327 se-

126 1347 400 1404 cundum
427 1350 593 1420 quod
623 1350 685 1405 in
723 1353 1044 1422 Evangelio
1092 1356 1385 1427 scriptum
1417 1364 1507 1414 est
1539 1378 1551 1414 :
1585 1361 1712 1417 Lea:
1740 1366 1797 1418 et

124 1439 437 1506 prophetae
467 1455 652 1509 usque
672 1442 753 1496 ad
775 1443 1070 1500 Joannem
1101 1447 1442 1515 Baptistam
1476 1451 1640 1519 (Luc.
1670 1467 1792 1521 XVI,

132 1529 244 1596 16).
281 1526 316 1590 ’ξ-
347 1527 493 1582 Hinc
522 1529 648 1600 ipse
682 1531 971 1587 Dominus
1000 1533 1268 1606 loquitur
1287 1537 1366 1592 ad
1387 1541 1585 1595 Mosen
1611 1559 1623 1595 :
1652 1542 1793 1608 Quis

124 1615 270 1682 fecit
324 1618 600 1679 surdum,
653 1625 707 1674 et
761 1627 1013 1684 mutum,
1065 1625 1360 1682 videntem
1411 1633 1465 1683 et
1518 1635 1794 1687 caecum?

124 1720 324 1761 nonne
352 1721 457 1776 ego
478 1710 506 1762 ?
534 1709 756 1774 (Exod.
789 1726 867 1779 ιν,
901 1716 1010 1778 Η).
1040 1713 1250 1768 Dicens
1278 1731 1420 1785 ergo
1452 1734 1464 1771 :
1821 1744 1860 1798 Β

693 1832 940 1873 JOANNES
986 1835 1215 1877 SCOTUS.

193 1919 358 1992 (Cap.
400 1925 482 1989 15,
516 1937 687 1978 num.
727 1924 806 1988 16,
844 1930 985 1981 sect.
1028 1927 1135 2000 10.)
1163 1933 1202 1980 Θ
1232 1930 1499 1987 Proinde
1540 1933 1646 2004 qui
1692 1935 1790 1988 do-

124 2009 222 2076 let,
258 2011 404 2080 quid
431 2013 560 2079 scit,
592 2015 712 2068 nisi
731 2015 929 2071 abesse
956 2018 1272 2074 sanitatem
1296 2023 1325 2073 ?
1361 2021 1632 2076 Dolendo
1684 2025 1790 2094 igi-

122 2103 224 2153 tur
253 2115 371 2154 non
401 2101 593 2170 ipsum
629 2103 915 2176 dolorem,
950 2106 1052 2160 sed
1075 2108 1266 2176 ipsam
1315 2112 1634 2167 sanitatem
1685 2130 1786 2168 no-

121 2190 223 2254 vit,
259 2205 436 2259 quam
465 2194 733 2262 pre/“octo
761 2210 879 2250 non
913 2206 1126 2265 nosset,
1160 2199 1212 2253 si
1241 2198 1314 2254 de
1344 2201 1452 2255 illa
1486 2203 1782 2260 notionem

119 2279 443 2347 quamdam
475 2297 595 2336 non
627 2282 889 2340 haberet.
926 2287 1279 2342 Recordatio
1312 2290 1530 2360 quippe
1559 2294 1784 2348 sanita-

119 2367 191 2420 tis
218 2367 280 2421 in.
305 2370 573 2424 sensibus
603 2378 892 2442 remanet,
927 2375 1058 2441 ipsa
1093 2390 1228 2430 vero
1260 2377 1320 2431 in
1351 2379 1465 2434 illa
1511 2381 1783 2437 substan-

120 2455 203 2511 tia
241 2473 423 2528 quam
457 2465 606 2515 Deus
627 2463 852 2516 creavit
886 2464 1151 2535 residet;
1178 2482 1297 2521 non
1330 2468 1485 2523 enim
1531 2471 1784 2526 Creator

115 2549 291 2613 punit
322 2563 457 2620 qua?
479 2549 647 2619 fecit,
690 2567 796 2606 nec
826 2552 901 2608 ab
928 2555 1008 2609 eis
1039 2557 1352 2613 naturalia
1383 2573 1636 2615 munera
1672 2563 1780 2615 tol-

119 2635 208 2689 lit.
243 2637 401 2692 Nam
433 2639 486 2692 si
513 2639 574 2693 in
606 2640 738 2708 ipsa
787 2647 1012 2698 natura
1043 2643 1297 2700 dolentis
1345 2648 1777 2718 quodammodo

114 2725 347 2781 sanitas
385 2742 504 2782 non
535 2729 767 2792 inesset,
798 2745 925 2786 eam
956 2734 1197 2800 penitus
1237 2735 1566 2803 ignoraret,
1589 2753 1780 2808 neque

112 2813 185 2868 ab
215 2817 346 2883 ejus
379 2818 615 2873 occulta
646 2820 894 2875 scientia
944 2826 1231 2878 memoria
1271 2826 1558 2892 patientis
1590 2828 1776 2894 ipsius

110 2905 379 2961 absentia
409 2907 803 2978 formaretur,
839 2926 1025 2982 neque
1072 2928 1275 2970 amore
1313 2918 1600 2984 praesenti
1645 2919 1774 2986 eius

109 2997 512 3068 torqueretur.

771 3122 1098 3166 connecrio.
1801 3103 1843 3154 ο

168 3209 203 3276 1'
243 3209 462 3268 Studes
507 3226 753 3270 omnem
798 3213 1164 3283 judiciorum
1195 3219 1315 3274 Deo
1345 3217 1679 3290 potentiam
1709 3223 1768 3276 et

102 3299 410 3358 veritatem
433 3299 748 3370 abrogare,
772 3303 994 3374 quibus
1038 3305 1368 3377 smpissime
1423 3312 1766 3378 peccatores

104 3389 311 3448 merito
342 3407 466 3446 suae
499 3390 824 3463 impietatis
853 3393 1030 3450 donis
1062 3396 1158 3451 Dei
1206 3396 1557 3468 privautur;
1586 3398 1766 3454 etiam

106 3476 232 3547 ipsa
259 3479 485 3538 sanitas
519 3482 788 3552 corporis
821 3483 1180 3545 creberrime
1206 3501 1328 3542 non
1353 3486 1552 3542 solum
1574 3503 1609 3541 a
1630 3504 1768 3559 pec-

106 3566 428 3637 catoribus,
453 3585 664 3624 verum
688 3569 867 3630 etiam
891 3586 925 3626 a
941 3571 1117 3641 justis
1150 3571 1540 3640 subtrahitur,
1561 3575 1763 3631 causis

103 3661 370 3714 nostram
392 3657 804 3718 inﬁrmitatem
835 3659 1184 3732 latentibus,
1204 3664 1325 3719 Deo
1364 3679 1506 3719 vero
1529 3663 1764 3720 indubi-

105 3748 289 3804 tanter
326 3749 696 3821 patentibus.
727 3753 792 3807 Et
840 3752 1074 3823 quoties
1112 3753 1248 3826 quis
1277 3753 1637 3823 inﬁrmatur,
1665 3755 1759 3812 vel

103 3850 466 3910 quocunque
495 3838 785 3909 languore
816 3841 1190 3913 deprimitur,
1217 3843 1496 3916 nunquid
1524 3843 1680 3900 inest
1707 3845 1761 3901 ei

102 3926 347 3988 sanitas?
377 3927 432 3984 Si
447 3944 717 4000 unquam
735 3929 1450 4004 decubuisses,potuisses
1469 3949 1758 4005 agnosce-

99 4029 157 4070 re
171 4015 432 4074 defuisse
455 4018 558 4077 tibi
575 4019 892 4078 sanitatem
914 4020 1170 4078 dicendo
1192 4039 1330 4079 cum
1353 4023 1648 4096 Propheta
1669 4041 1760 4082 sa-

98 4103 356 4164 lutariter
390 4109 752 4181 pmnitente:
786 4111 922 4166 Non
952 4117 1038 4174 est
1067 4114 1298 4168 sanitas
1329 4114 1392 4169 in
1425 4128 1609 4170 carne
1627 4131 1757 4172 mea

97 4208 131 4250 α
156 4195 312 4263 facie
329 4199 444 4254 irae
474 4203 610 4266 tuas,
645 4214 766 4256 non
792 4204 876 4256 est
929 4215 1059 4270 paa:
1084 4201 1310 4258 ossibus
1363 4203 1505 4259 meis
1537 4217 1574 4258 a
1595 4203 1758 4272 facie

96 4291 469 4350 peccatorum
500 4303 764 4344 meorum
793 4290 982 4357 (Psal.
1024 4306 1249 4357 xxxvn,
1282 4292 1337 4360 4,
1370 4291 1420 4363 8)
1448 4309 1462 4360 ;
1492 4293 1548 4346 et
1572 4291 1756 4364 paulo

97 4378 266 4442 post:
304 4376 600 4443 Quoniam
633 4379 824 4434 lumbi
847 4379 965 4434 mei
1004 4380 1242 4449 impleti
1265 4385 1406 4436 sunt
1452 4381 1753 4437 illusioni-

98 4460 217 4532 bus,
241 4472 292 4522 et
314 4483 438 4523 non
465 4472 548 4524 est
569 4468 802 4524 sanitas
824 4468 884 4526 in
916 4484 1100 4526 carne
1124 4483 1256 4526 mea
1278 4468 1456 4540 (Ibid.
1499 4485 1553 4526 v.
1587 4471 1661 4542 8).
1688 4473 1754 4527 Et
1783 4458 1824 4512 ί)

97 4553 378 4616 Dominus
400 4573 509 4631 per
532 4559 928 4632 prophetam:
961 4560 1145 4620 Omne
1167 4565 1348 4630 caput
1372 4562 1750 4633 languidum,

97 4649 148 4701 et
175 4661 343 4705 omne
368 4664 475 4706 cor
502 4663 790 4720 maerens;
821 4665 858 4706 a
877 4651 1094 4721 planta
1120 4651 1290 4722 pedis
1313 4666 1497 4723 usque
1523 4652 1606 4708 ad
1627 4668 1753 4709 ver-

99 4735 260 4793 ticem
290 4755 412 4796 non
443 4745 525 4796 est
580 4741 644 4797 in
695 4755 760 4796 eo
805 4741 1034 4804 sanitas
1069 4742 1212 4809 (Isa.
1245 4756 1282 4809 1,
1330 4741 1405 4812 6).
1438 4744 1587 4796 Nam
1617 4741 1753 4799 licet

98 4828 518 4894 aegrotantibus
541 4827 719 4885 nobis
734 4827 797 4884 in
816 4829 1111 4886 memoria
1131 4835 1336 4886 nostra
1368 4830 1442 4887 sit
1469 4831 1748 4888 recorda-

98 4911 172 4970 tio
199 4916 494 4986 sanitatis,
522 4934 714 4990 quam
741 4918 1083 4991 appetimus
1113 4923 1171 4975 et
1199 4923 1502 4993 optamus,
1535 4919 1748 4978 deesse

97 5003 291 5062 tamen
319 5007 499 5064 nobis
529 5007 846 5070 sanitatem
881 5007 1304 5080 cognoscimus
1330 5013 1388 5066 et
1416 5008 1747 5083 plurimum

96 5089 378 5158 dolemus.
412 5100 495 5153 Ac
519 5113 627 5164 per
646 5098 762 5154 hoc
782 5113 905 5154 non
933 5102 1022 5155 est
1042 5101 1182 5154 tunc
1203 5098 1264 5154 in
1283 5102 1501 5154 natura
1539 5103 1748 5157 nostra

94 5183 327 5254 sanitas,
361 5187 641 5262 quamvis
670 5187 734 5243 in
778 5187 1075 5244 memoria
1119 5187 1507 5244 recordemur
1536 5188 1694 5245 illius
1727 5207 1741 5244 :

95 5284 223 5341 quae
268 5291 392 5332 non
435 5282 521 5334 est
569 5278 786 5342 animae
831 5282 1051 5336 nostra:
1095 5276 1453 5349 substantia,
1487 5276 1596 5334 sed
1622 5277 1739 5336 do-

95 5373 236 5419 num
259 5365 445 5428 divini
476 5369 762 5434 muneris,
795 5367 1080 5426 collatum
1119 5372 1336 5430 nostrae
1369 5368 1737 5428 substantiae.

164 5469 322 5528 Unde
348 5475 718 5545 Augustinus
749 5475 811 5532 in
838 5475 994 5533 libro
1020 5475 1096 5532 de
1127 5475 1368 5533 Civitate
1392 5475 1497 5532 Dei
1525 5481 1742 5549 quarto

93 5555 319 5619 decimo
349 5566 503 5640 (cap.
538 5569 626 5640 15)
651 5586 664 5624 :
693 5568 984 5641 [Denique
1013 5571 1079 5624 ut
1105 5566 1364 5623 breviter
1392 5566 1646 5635 dicatur,
1678 5567 1742 5624 in

97 5644 246 5703 illius
270 5657 492 5722 peccati
521 5673 705 5730 poena
729 5657 879 5730 quid
903 5655 1326 5713 inobedientite
1376 5656 1491 5713 nisi
1536 5656 1744 5714 inobe-

95 5734 312 5802 dientia
348 5747 635 5806 retribnta
674 5748 811 5805 est?
839 5750 993 5804 Nam
1031 5762 1171 5820 quae
1211 5745 1475 5804 hominis
1503 5751 1593 5806 est
1620 5745 1740 5807 alia

1916 468 2123 564 ipsius,
2160 475 2223 528 ut
2249 474 2354 564 qui
2384 477 2551 547 quod
2582 479 2770 542 voluit
2798 483 2993 552 potuit
3017 486 3148 558 [al.,
3192 495 3256 546 ut
3285 468 3578 564 quoniam

1915 558 2105 657 noluit
2131 562 2295 657 quod
2326 566 2567 657 potuit],
2595 569 2762 640 quod
2792 587 2916 630 non
2941 579 3138 644 potest
3165 558 3354 638 velit—‘2
3381 558 3576 657 ln‘pa-V

1913 647 2116 703 radiso
2142 650 2303 708 enim
2335 653 2573 710 etiamsi
2612 672 2736 716 non
2777 661 2983 717 omnia
3016 670 3246 734 poterat
3275 677 3412 728 ante
3442 647 3575 745 pec—

1913 742 2136 808 catum,
2165 741 2462 814 quidquid
2485 748 2689 802 tamen
2712 763 2834 806 non
2864 755 3116 823 poterat,
3144 771 3266 813 non
3294 741 3571 834 volebat;

1912 830 1968 882 et
2015 827 2151 884 ideo
2204 837 2436 902 poterat
2484 836 2688 892 omnia
2735 854 2872 910 quae
2923 840 3181 900 volebat.
3232 850 3399 908 Nunc
3427 827 3571 910 vero

1911 915 2063 972 sicut
2107 918 2168 972 in
2217 919 2344 989 ejus
2400 922 2581 995 stirpe
2615 928 3064 1002 cognoscimus,
3097 937 3154 992 et
3180 933 3386 1002 divina
3417 941 3568 1006 Scri-

1909 1010 2085 1076 ptura
2137 1011 2402 1077 testatur,
2450 1013 2622 1069 homo
2676 1018 2935 1080 vanitati
2977 1022 3190 1080 similis
3233 1026 3438 1095 factus
3484 1036 3569 1086 est

1908 1093 2096 1164 (Psal.
2132 1112 2322 1160 cxuu,
2354 1103 2430 1166 4).
2461 1102 2602 1168 Quis
2633 1105 2792 1168 enim
2823 1116 3132 1166 enumeret
3155 1093 3341 1184 quam
3374 1093 3570 1181 multa

1907 1197 2043 1254 quae
2066 1201 2189 1240 non
2217 1192 2413 1259 potest
2441 1190 2598 1259 velit,
2628 1192 2775 1248 dum
2823 1196 2935 1251 sibi
2962 1197 3111 1270 ipse,
3142 1199 3205 1258 id
3233 1208 3322 1258 est
3358 1205 3569 1271 volun-

1907 1272 2009 1328 tati
2038 1274 2191 1344 ejus,
2240 1276 2372 1348 ipse
2432 1280 2671 1344 animus
2702 1283 2856 1353 ejus,
2903 1302 3098 1358 eoque
3155 1289 3399 1359 inferior
3426 1311 3566 1356 caro

1906 1362 2036 1432 ejus
2066 1380 2191 1420 non
2222 1365 2648 1439 obtemperat?
2677 1375 2811 1443 Ipso
2843 1390 3108 1447 namque
3141 1378 3328 1448 invito
3359 1387 3415 1439 et
3443 1385 3568 1451 ani-

1904 1467 2040 1506 mus
2070 1454 2429 1528 plerumque
2481 1459 2776 1533 turbatur,
2810 1468 2868 1519 et
2910 1480 3048 1522 caro
3096 1467 3278 1539 dolet,
3309 1477 3366 1530 et
3409 1478 3566 1531 vete-

1903 1541 2099 1605 rascit,
2133 1548 2190 1598 et
2242 1545 2534 1617 moritur;
2591 1554 2649 1604 et
2699 1551 2997 1625 quidquid
3055 1555 3218 1612 aliud
3277 1561 3560 1632 patimur,

1901 1629 2069 1700 quod
2116 1646 2240 1694 non
2288 1639 2631 1705 pateremur
2676 1638 2864 1712 inviti,
2898 1642 2946 1697 si
2993 1629 3298 1704 voluntati
3344 1629 3562 1710 nostrm

1900 1723 2106 1775 nostra
2135 1726 2352 1779 natura
2382 1725 2736 1783 omnimodo
2779 1735 2960 1803 atque
2991 1748 3064 1789 ex
3107 1737 3392 1796 omnibus
3429 1757 3566 1814 par-
3606 1777 3636 1797 κ

1901 1806 2059 1862 tibus
2103 1809 2392 1868 obediret.
2438 1819 2510 1869 At
2537 1815 2699 1871 enim
2731 1817 2958 1890 aliquid
2989 1837 3129 1878 caro
3163 1826 3404 1897 patitur,
3429 1806 3561 1902 quo

1901 1898 2122 1956 servire
2160 1915 2284 1956 non
2331 1902 2563 1970 sinitur.
2595 1907 2752 1973 Quid
2797 1908 3040 1968 interest
3085 1914 3265 1981 unde,
3297 1898 3562 1990 dum—ta-

1898 2002 2038 2042 men
2094 2004 2206 2060 pro
2258 1991 2489 2060 justitia
2531 1994 2879 2054 damnantis
2925 1997 3054 2073 [al.,
3107 2019 3216 2074 per
3263 2005 3558 2075 justitiam

1896 2075 2290 2150 dominantis]
2320 2081 2441 2149 Dei,
2475 2084 2571 2138 cui
2593 2084 2815 2142 subditi
2845 2089 3065 2146 servire
3092 2091 3424 2164 noluimus,
3455 2113 3557 2154 ea-

1895 2181 1962 2255 ro
2012 2173 2219 2226 nostra
2274 2171 2472 2242 nobis,
2519 2189 2658 2245 quae
2707 2176 2840 2247 [al.,
2892 2194 3016 2250 qua
3060 2181 3264 2255 nobis]
3313 2185 3557 2252 subdita

1893 2254 2108 2323 fuerat,
2138 2273 2262 2313 non
2313 2261 2629 2318 serviendo
2682 2265 2936 2326 molesta
2965 2269 3070 2339 sit;
3112 2254 3395 2344 quamvis
3441 2292 3554 2334 nos

1894 2342 2013 2398 Deo
2069 2361 2192 2400 non
2250 2350 2587 2422 serviendo,
2643 2353 2878 2412 molesti
2933 2342 3551 2434 nobis—potuerimus

1893 2449 2041 2502 esse,
2073 2451 2195 2491 non
2225 2437 2353 2493 illi?
2382 2443 2586 2512 Neque
2615 2443 2777 2499 enim
2809 2445 2892 2512 sic
2938 2447 3034 2503 ille
3064 2455 3290 2519 nostro,
3329 2459 3390 2510 ut
3435 2471 3550 2510 nos

1890 2524 2123 2580 servitio
2166 2529 2435 2600 corporis
2481 2529 2871 2602 indigemus:
2920 2541 2980 2594 et
3020 2537 3156 2596 ideo
3208 2545 3414 2600 nostra
3459 2548 3552 2600 est

1887 2614 2054 2706 quod
2085 2616 2407 2706 recipimus
2428 2619 2559 2689 [al.,
2589 2623 2998 2698 percipimus],
3021 2643 3146 2685 non
3171 2629 3334 2687 illius
3365 2649 3548 2706 pmna

1887 2702 2054 2772 quod
2083 2702 2352 2761 fecimus.
2388 2708 2630 2765 Dolores
2662 2727 2844 2784 por-ro
2873 2716 2978 2788 qui
3007 2716 3289 2776 dicuntur
3323 2702 3544 2790 carnis,

1888 2791 2105 2846 anima:
2135 2797 2274 2849 sunt
2296 2795 2357 2850 in
2396 2812 2577 2864 carne
2605 2804 2662 2854 et
2690 2816 2763 2866 ex:
2791 2818 2990 2868 carne.
3038 2807 3189 2870 Quid
3215 2809 3376 2866 enim
3402 2827 3544 2868 caro

1883 2894 1992 2950 per
2018 2881 2284 2954 seipsam
2315 2884 2442 2942 sine
2471 2887 2676 2945 anima
2696 2889 2789 2946 vel
2809 2890 2992 2964 dolet,
3016 2894 3108 2950 vel
3131 2899 3544 2972 concupiscit?

1884 2969 1998 3024 Sed
2025 2987 2165 3026 cum
2197 2975 2626 3047 concupiscere
2655 2993 2799 3034 caro
2823 2980 3040 3038 dicitur
3068 2985 3164 3048 vel
3189 2969 3412 3053 dolere,
3439 2993 3546 3057 aut

1880 3057 2010 3128 ipse
2037 3061 2223 3122 homo
2249 3065 2356 3129 est,
2386 3062 2537 3122 sicut
2562 3064 2998 3138 disseruimus;
3022 3076 3127 3134 aut
3156 3073 3386 3146 aliquid
3415 3079 3543 3134 ante

1879 3162 1995 3201 mie
2025 3148 2192 3219 quod
2243 3149 2443 3214 carnis
2474 3151 2658 3224 afﬁcit
2697 3156 2924 3228 passio,
2956 3158 3050 3214 vel
3098 3176 3334 3234 aspera,
3368 3169 3433 3222 ut
3453 3165 3542 3224 fa-

1879 3234 1995 3290 ciat
2024 3235 2295 3303 dolorem
2321 3257 2333 3307 ;
2357 3239 2452 3294 vel
2481 3239 2656 3312 lenis,
2679 3247 2744 3298 ut
2767 3243 3159 3318 voluptatem.
3209 3252 3324 3307 Sed
3365 3253 3540 3312 dolor

1877 3324 2074 3380 carnis
2105 3329 2527 3385 tantummodo
2557 3330 2812 3388 offensio
2842 3339 2931 3390 est
2962 3337 3180 3396 animae
3219 3357 3292 3397 ex
3330 3358 3534 3410 carne,

1876 3417 1932 3468 et
1955 3414 2239 3486 quaedam
2269 3415 2348 3473 ab
2379 3418 2509 3488 ejus
2544 3421 2825 3491 passione
2855 3423 3179 3496 dissentio;
3214 3428 3366 3487 sicut
3411 3434 3537 3496 ante

1873 3518 1989 3558 mm
2019 3503 2212 3569 dolor,
2244 3521 2380 3577 quae
2419 3507 2654 3565 tristitia
2680 3519 3084 3586 nuncupatur,
3116 3517 3411 3578 dissensio
3448 3527 3538 3584 est

1873 3591 1950 3647 ab
2002 3593 2094 3649 his
2137 3595 2319 3656 rebus
2358 3613 2494 3669 quae
2548 3599 2726 3656 nobis
2778 3603 3123 3667 nolentibus
3166 3610 3531 3674 acciderunt.

1875 3682 1988 3738 Sed
2024 3683 2314 3740 tristitiim
2347 3685 2706 3762 plerumque
2749 3694 3035 3764 praecedit
3081 3702 3295 3767 metus,
3345 3701 3451 3773 qui
3475 3707 3536 3766 et

1869 3771 1997 3844 ipse
2039 3772 2102 3828 in
2133 3774 2338 3835 anima
2366 3781 2472 3844 est,
2507 3794 2629 3834 non
2659 3779 2721 3834 in
2774 3797 2973 3840 carne.
3008 3784 3285 3852 Dolorem
3329 3771 3532 3864 autem

1869 3863 2066 3918 carnis
2095 3879 2220 3918 non
2249 3866 2532 3936 praecedit
2562 3867 2716 3926 ullus
2741 3871 2922 3942 quasi
2946 3878 3143 3930 metus
3168 3877 3386 3950 carnis,
3426 3863 3532 3952 qui

1867 3955 2004 4008 ante
2035 3952 2306 4016 dolorem
2335 3954 2394 4009 in
2426 3971 2604 4018 carne
2643 3960 2949 4023 sentiatur.
2987 3962 3362 4036 Voluptatem
3385 3984 3530 4028 vero

1866 4041 2150 4112 praecedit
2178 4042 2479 4113 appetitus
2510 4044 2781 4116 quidam,
2813 4049 2918 4120 qui
2949 4051 3197 4110 sentitur
3242 4054 3305 4111 in
3349 4073 3529 4116 carne

1866 4130 2040 4200 quasi
2071 4130 2369 4201 cupiditas
2393 4133 2544 4203 ejus,
2575 4134 2725 4192 sicut
2748 4135 2940 4198 fames
2965 4144 3023 4197 et
3051 4141 3196 4213 sitis,
3221 4147 3278 4201 et
3296 4161 3368 4202 ea
3390 4163 3528 4220 quae

1863 4220 1925 4276 in
1957 4220 2319 4290 genitalibus
2346 4224 2621 4290 usitatius
2648 4225 2837 4284 libido
2861 4231 3228 4303 nominatur,
3252 4251 3392 4298 eum
3409 4237 3528 4298 hoc

1867 4309 1944 4366 sit
1963 4311 2241 4379 generale
2267 4312 2635 4374 vocabulum
2665 4317 2865 4374 omnis
2898 4320 3349 4397 cupiditatis.]1-
3377 4327 3525 4385 Item

1869 4400 2188 4458 subdendo
2214 4420 2226 4458 :

2433 4528 2678 4572 JOLNNIS
2719 4531 2948 4574 SOOTUS.

1934 4617 2103 4690 (Cap.
2141 4617 2223 4687 15,
2257 4633 2426 4676 num.
2486 4625 2570 4688 t7,
2599 4625 2742 4677 sect.
2776 4623 2884 4694 10).
2919 4627 2960 4677 Θ
2987 4624 3181 4682 Nulla
3230 4627 3520 4697 siquidem

1860 4707 2180 4762 rationalis
2211 4713 2436 4764 natura
2457 4715 2561 4776 est,
2603 4725 2736 4780 quae
2763 4727 2884 4766 non
2928 4713 3071 4768 velit
3107 4714 3325 4785 fugere
3351 4717 3519 4773 mise-

1861 4795 2037 4861 riam,
2070 4799 2125 4850 et
2169 4811 2490 4865 pervenire
2537 4797 2613 4854 ab
2655 4797 3102 4870 beatitudinem,
3129 4809 3238 4858 aut
3271 4810 3518 4875 gustata

1861 4883 2143 4941 beatitate
2170 4885 2312 4942 velit
2341 4887 2613 4943 recedere
2641 4889 3036 4962 miseramque
3063 4905 3201 4948 esse.

2527 5019 2847 5064 CORRECTIO.

1928 5118 1962 5184 Ἰ-
1987 5119 2103 5175 Cur
2121 5135 2246 5176 non
2267 5119 2521 5177 attendis
2543 5120 2856 5180 diabolum
2877 5126 2934 5182 et
2952 5124 3203 5197 angelos
3241 5127 3372 5200 ejus
3402 5144 3514 5201 gu—

1855 5212 2010 5265 stata
2054 5207 2336 5268 beatitate
2374 5208 2708 5268 voluntarie
2753 5213 3091 5281 recessisse,
3137 5217 3511 5290 miserosque

1853 5296 2041 5353 factos
2070 5313 2387 5370 nunquam
2411 5314 2445 5355 a
2465 5298 2706 5358 miseria
2723 5301 2873 5359 velle
2895 5304 3191 5374 recedere,
3215 5321 3410 5378 neque
3433 5305 3513 5363 ad

1849 5384 2286 5443 beatitudinem
2325 5388 2671 5459 pervenire;
2694 5391 2958 5447 maxime
2992 5392 3225 5450 dicente
3257 5393 3510 5452 Domino

1851 5474 1930 5531 ad
1959 5475 2102 5531 Job:
2131 5475 2246 5542 Qui
2268 5476 2472 5546 factus
2497 5485 2581 5535 est
2612 5484 2677 5535 ut
2709 5481 2951 5536 nullum
2975 5481 3208 5538 timeret
3238 5482 3371 5554 (Job
3390 5498 3506 5553 xm,

1850 5565 1959 5636 24).
1985 5564 2149 5622 Unde
2174 5564 2388 5622 beatus
2413 5567 2729 5638 Gregorius
2759 5567 2820 5624 in
2850 5567 3194 5640 Moralibus,
3224 5571 3380 5642 libro
3410 5571 3512 5628 tri-

1849 5656 2078 5728 gesimo
2104 5660 2319 5729 quarto
2345 5657 2501 5730 (cap.
2540 5659 2653 5730 l7):
2686 5659 2932 5730 [Factus
2959 5664 3045 5716 est
3068 5675 3233 5732 ergo,
3270 5667 3338 5718 ut
3367 5664 3506 5718 nul-

1852 5747 1973 5803 lum
2002 5748 2252 5804 timeret.
2288 5745 2526 5806 Nullum
2547 5747 2838 5818 videlicet,
2857 5748 3004 5834 quia
3021 5765 3132 5807 nec
3163 5752 3372 5822 Deum,
3395 5752 3508 5824 sed
