3936 6406
408 278 542 335 1223

1484 278 1540 334 S.
1581 276 1957 335 PRUDENTII
1994 271 2380 333 TRECENSIS
2423 275 2736 334 EPISCOPI

3689 282 3813 338 1224

404 418 603 476 neque
630 401 747 458 hoc
775 400 943 475 quod
988 416 1279 474 passurus
1320 404 1409 457 est
1436 401 1663 459 metuit.
1695 401 1801 457 Cui
1827 399 2057 458 felicius
2092 399 2141 454 Α
2240 400 2459 455 Annon
2502 403 2632 456 erat
2658 398 3074 474 natura_Cain,
3115 398 3223 472 qui
3272 397 3505 472 primus
3546 401 3811 460 omnium

404 492 693 549 nimirum
740 491 934 548 fuerat
975 490 1242 547 timendo
1288 490 1477 547 vitare
1523 491 1836 564 supplicia,
1867 507 2057 564 quam

404 596 529 637 non
558 579 825 636 timendo
850 578 1100 635 tolerare
1130 595 1143 647 ;
1175 579 1510 653 appetitum
1532 579 1737 653 itaque
1761 579 2058 637 celsitudi-

403 670 499 725 nis
526 668 698 725 vertit
715 668 776 723 in
806 667 1065 738 rigorem
1095 669 1332 737 mentis,
1363 674 1427 726 ut
1448 668 1775 725 damnatus
1800 670 1928 741 jam
1950 684 2059 743 per

403 757 686 815 duritiam
716 772 778 813 se
799 756 957 813 male
986 772 1116 813 esse
1147 758 1278 830 [al.,
1301 758 1517 830 egisse]
1546 774 1666 815 non
1700 761 1932 827 sentiat,
1952 757 2058 831 qui

400 860 657 921 prazesse
706 860 815 918 per
866 844 1118 916 gloriam
1168 847 1498 919 quaerebat.
1554 851 1725 915 Nam,
1769 847 1913 922 quia
1954 848 2055 920 jus

399 935 660 1009 quaesitae
709 936 1019 1009 potestatis
1063 953 1188 993 non
1217 936 1494 1005 obtinuit,
1538 939 1715 1011 quasi
1742 939 2057 1012 quoddam

399 1023 697 1097 superbia;
728 1041 853 1081 suae
890 1025 1225 1082 remedium
1255 1025 1556 1083 insaniam
1588 1027 2057 1084 insensibilitatis

396 1112 643 1184 invenit,
676 1118 734 1169 et
781 1113 926 1186 quia
965 1114 1236 1186 profectu
1288 1115 1624 1185 transgredi
1670 1121 1886 1172 cuncta
1932 1131 2057 1172 non

395 1201 608 1275 potuit,
662 1201 955 1274 despectu
1006 1218 1069 1258 se
1122 1207 1331 1259 contra
1383 1208 1600 1260 cuncta
1650 1204 2056 1278 praeparavit]

396 1289 433 1356 -Ι-
453 1293 520 1345 In
547 1289 764 1347 eodem
786 1290 1101 1361 Gregorius
1122 1291 1324 1363 (Ibid.)
1347 1308 1360 1347 :
1390 1294 1501 1349 Cor
1522 1292 1652 1364 ejus
1676 1292 2059 1349 indurabitur

396 1379 574 1453 quasi
602 1379 780 1453 lapis,
814 1395 918 1437 cor
946 1380 1108 1437 enim
1138 1381 1369 1454 antiqui
1393 1382 1579 1438 hostis
1605 1386 1671 1438 ut
1697 1382 1853 1455 lapis
1883 1382 2057 1439 indu-

396 1467 647 1531 rabitur,
679 1469 824 1541 quia
862 1468 1030 1524 nulla
1082 1485 1355 1542 unquam
1403 1470 1813 1527 conversionis
1870 1471 2058 1544 poeni-

397 1556 583 1613 tentia
629 1557 949 1613 mollietur.
983 1557 1018 1624 'i
1049 1560 1128 1614 De
1176 1574 1300 1631 qua
1328 1575 1392 1614 re
1421 1559 1566 1632 quia
1602 1559 2057 1633 insequentibus

402 1645 591 1702 multa
616 1646 1019 1720 prosequeris,
1055 1651 1113 1704 et
1135 1662 1247 1704 nos
1276 1647 1514 1705 interim
1535 1648 1770 1706 favente
1800 1650 2057 1707 Domino

395 1735 786 1808 respiremus.

1028 1827 1253 1882 CAPUT
1291 1828 1423 1883 XVI.

395 1922 576 1995 Deieo
594 1922 772 1995 quod
799 1922 975 1979 nulla
999 1929 1226 1979 natura
1255 1930 1541 1982 naturam
1568 1925 1771 1995 punit,
1807 1905 1885 1982 et‘
1900 1924 2057 1983 nihil

431 1994 607 2049 aliud
621 2009 741 2050 esse
755 2009 968 2063 poenas
981 2001 1385 2064 peccatorum,
1399 1998 1520 2053 nisi
1524 1994 1777 2067 peccata
1794 2012 2020 2055 eorum.

468 2091 678 2148 Sextus
711 2091 982 2147 decimus
1009 2092 1473 2164 phantasiarum
1504 2099 1745 2151 tuarum
1780 2095 1994 2152 horror
2018 2112 2057 2152 a

395 2179 657 2248 veritate,
689 2184 873 2253 atque
919 2181 1269 2239 auctoritate
1300 2183 1520 2239 Veteris
1567 2189 1624 2240 et
1663 2184 1809 2241 Novi
1857 2187 2054 2242 Testa-

396 2268 583 2325 menti
624 2268 979 2326 omnimodo
1015 2270 1390 2327 convincitur
1428 2272 1679 2329 alienus.
1714 2273 1799 2330 Ita
1828 2273 2054 2347 quippe

352 2408 353 2411 η
392 2356 555 2413 virus
586 2360 701 2414 tua:
729 2357 999 2432 perﬁdiae
1028 2359 1285 2416 cuditur.

963 2463 1210 2506 JOANNES
1252 2465 1480 2507 SCOTUS.

467 2535 661 2608 (Num.
698 2540 749 2592 1.
779 2536 843 2593 in
870 2536 961 2609 T.)
989 2541 1029 2590 Θ
1060 2539 1146 2595 De
1170 2553 1234 2594 eo
1280 2539 1440 2611 quod
1483 2539 1663 2596 nulla
1690 2544 1918 2598 natura
1947 2556 2054 2598 na-

393 2629 595 2682 turam
635 2627 836 2696 punit,
870 2632 926 2684 et
969 2626 1129 2682 nihil
1157 2627 1332 2683 aliud
1377 2642 1499 2684 esse
1535 2642 1749 2698 poenas
1779 2637 2054 2699 peccato-

391 2729 550 2785 rum,
581 2716 703 2771 nisi
725 2722 975 2785 peccata
1001 2730 1227 2772 eorum.

639 2822 643 2831 '
1053 2819 1367 2863 CORREC‘I‘IO
1376 2846 1390 2861 .

461 2892 497 2960 1·
509 2892 683 2959 Quod
695 2896 850 2951 Deus
860 2894 1072 2968 puniat
1090 2899 1457 2967 peccatores,
1471 2910 1684 2953 omnes
1706 2895 2049 2954 divinorum

389 2978 768 3054 eloquiorum
795 2982 1034 3054 paginae
1073 2986 1385 3039 testantur.
1432 2986 1624 3055 Negas
1670 3000 1813 3055 ergo
1858 2988 2047 3042 Deum

2169 488 2516 545 mortalium
2540 488 2777 545 invidiae
2808 488 3044 545 facibus
3074 503 3364 545 accensus
3382 488 3626 546 fratrem
3645 507 3813 549 suum

2167 576 2435 633 occidit?
2457 577 2615 633 Audi
2634 577 2891 651 qualiter
2915 581 2972 634 et
2990 577 3117 651 ipse
3138 577 3385 650 punitus
3408 577 3515 634 sit:
3536 579 3815 652 Dixitque

2166 666 2250 722 ad
2273 681 2405 722 eum
2426 667 2716 723 Dominus
2739 684 2753 722 :
2780 667 2935 735 Quid
2955 668 3197 738 fecisti?
3218 682 3336 723 vox
3354 668 3668 738 sanguinis
3685 669 3814 740 fra-

2170 755 2279 810 tris
2311 755 2403 810 tui
2430 756 2652 812 clamat
2684 757 2767 813 ad
2793 771 2886 813 me
2912 756 2986 813 de
3011 761 3176 813 terra
3209 773 3223 812 :
3251 756 3429 812 Nunc
3455 771 3599 828 ergo
3643 759 3818 816 male-

2165 843 2359 899 dictus
2390 846 2506 900 eris
2534 860 2717 915 super
2745 851 2990 913 terram,
3021 860 3155 917 quae
3183 845 3422 915 aperuit
3459 860 3522 901 os
3567 861 3739 903 suum
3763 854 3815 905 et

2164 933 2423 1002 suscepit
2451 934 2762 1004 sanginem
2789 935 3010 1005 fratris
3041 935 3137 990 tui
3160 934 3234 990 de
3275 948 3461 990 manu
3492 938 3641 992 tua:
3671 935 3815 992 Cum

2164 1027 2448 1090 operatus
2470 1021 2667 1092 fueris
2686 1037 2840 1094 eam,
2854 1039 2976 1079 non
2997 1022 3167 1079 dabit
3180 1023 3422 1093 fructus
3446 1037 3609 1078 suos:
3634 1038 3816 1095 vagus

2163 1115 2217 1166 et
2243 1110 2549 1181 profugus
2578 1112 2696 1167 eris
2722 1127 2904 1181 super
2949 1118 3196 1169 terram.
3241 1111 3532 1183 Dixitque
3561 1111 3710 1169 Cain
3737 1113 3818 1169 ad

2163 1199 2484 1256 Dominum
2511 1216 2524 1255 :
2568 1200 2774 1271 Major
2802 1205 2888 1257 est
2933 1202 3222 1273 iniquitas
3250 1215 3382 1258 mea
3428 1215 3609 1272 quam
3637 1206 3704 1257 ut
3731 1217 3819 1259 ve-

2162 1289 2330 1345 niam
2358 1304 2610 1347 merear.
2638 1290 2795 1347 Ecce
2822 1291 3018 1361 ejicies
3047 1305 3141 1347 me
3170 1289 3345 1346 hodie
3370 1304 3407 1346 a
3432 1290 3596 1360 facie
3623 1296 3815 1361 terrae,

2164 1384 2220 1435 et
2240 1393 2276 1435 a
2305 1379 2469 1449 facie
2493 1384 2602 1436 tua
2631 1379 2987 1447 abscondar,
3021 1384 3077 1436 et
3107 1394 3207 1437 ero
3233 1394 3422 1450 vagus
3441 1384 3496 1436 et
3523 1380 3817 1451 profugus

2164 1467 2230 1523 in
2260 1472 2426 1524 terra
2464 1484 2477 1523 :
2507 1469 2696 1525 omnis
2753 1469 2963 1539 igitur,
2991 1469 3098 1541 qui
3131 1469 3425 1525 invenerit
3470 1482 3564 1525 me
3599 1469 3819 1526 occidet

2164 1571 2276 1613 me.
2307 1557 2595 1630 Dixitque
2620 1560 2674 1615 ei
2697 1559 2985 1614 Dominus
3009 1575 3022 1613 ε
3044 1558 3441 1630 Nequaquam
3468 1558 3556 1615 ita
3576 1559 3700 1631 fiet,
3720 1559 3820 1616 sed

2165 1647 2355 1702 omnis
2410 1649 2515 1719 qui
2553 1648 2839 1704 occiderit
2891 1648 3063 1715 Cain,
3117 1647 3463 1718 septuplum
3506 1649 3817 1716 punietur.

2086 1758 2128 1813 Β
2163 1734 2491 1806 Posuitque
2519 1736 2808 1792 Dominus
2836 1736 2988 1792 Cain
3021 1737 3281 1807 signum.
3312 1741 3381 1792 ut
3410 1751 3530 1792 non
3571 1752 3703 1794 eum
3730 1739 3818 1795 in-

2166 1824 2461 1892 terﬁceret
2489 1826 2680 1881 omnis
2707 1826 2813 1897 qui
2832 1825 3153 1881 invenisset
3179 1839 3311 1882 eum
3330 1824 3496 1896 (Gen.
3518 1841 3596 1890 iv,
3616 1825 3815 1898 10-15).

2163 1910 2349 1968 Item:
2376 1914 2664 1986 Dixitque
2687 1914 2941 1971 Lamech
2970 1914 3264 1970 uxoribus
3292 1915 3416 1970 suis
3441 1914 3590 1971 Adae
3616 1920 3672 1972 et
3697 1915 3818 1973 Sel-

2167 2001 2241 2057 la:
2272 2019 2285 2057 :
2317 2002 2542 2059 Audite
2568 2018 2766 2060 vocem
2786 2019 3001 2075 meam,
3028 2018 3246 2061 uxores
3272 2004 3556 2077 Lamech,
3585 2006 3818 2062 auscul-

2166 2095 2290 2147 tate
2333 2105 2661 2149 sermonem
2719 2108 2913 2149 meum
2961 2094 3246 2165 quoniam
3289 2093 3483 2151 occidi
3522 2094 3714 2151 virum
3751 2094 3816 2151 in

2164 2180 2385 2235 vulnus
2409 2195 2601 2237 meum
2607 2223 2625 2252 ,
2643 2187 2697 2238 et
2718 2182 3229 2238 adolescentulum
3250 2183 3315 2238 in
3338 2183 3582 2239 livorem
3602 2195 3817 2254 meum;

2161 2270 2505 2339 septuplum
2526 2270 2677 2326 ultio
2702 2270 2951 2327 dabitur
2992 2270 3065 2327 de
3091 2270 3267 2341 Cain,
3295 2271 3370 2328 de
3390 2271 3653 2329 Lamech
3681 2286 3818 2328 vero

2160 2359 2496 2430 septuagies
2524 2360 2735 2428 septies
2774 2358 2942 2430 (Gen.
2974 2374 3049 2425 tv,
3081 2358 3173 2428 23,
3202 2360 3316 2431 24).
3341 2359 3535 2416 Audis
3564 2360 3821 2433 punien-

2159 2446 2273 2518 tes,
2302 2446 2477 2503 audis
2506 2445 2786 2520 punitos;
2819 2451 2879 2503 et
2909 2446 3098 2503 audes
3145 2447 3394 2518 gannire
3439 2451 3659 2505 natura
3694 2464 3824 2507 non

2159 2533 2364 2608 puniri
2390 2538 2673 2592 naturam
2688 2535 2717 2592 ‘?

2232 2625 2350 2679 Aut
2373 2622 2552 2693 igitur
2576 2623 2796 2680 falsum
2826 2626 2915 2680 est
2941 2622 3111 2697 quod
3152 2640 3337 2681 verax
3385 2623 3690 2699 Scriptura
3740 2630 3823 2685 te-

2160 2714 2368 2779 statur,
2399 2715 2458 2767 et
2484 2727 2696 2769 verum
2725 2712 2834 2769 erit
2860 2711 3029 2786 quod
3076 2711 3259 2770 fallax
3303 2713 3465 2770 ﬁctio
3504 2715 3819 2773 commini-

2159 2801 2382 2870 scitur;
2419 2804 2524 2857 aut
2550 2800 2597 2856 si
2627 2800 2972 2858 nullatenus
3021 2802 3173 2859 ratio
3226 2802 3484 2859 admittit
3542 2804 3817 2862 Veritatis

2160 2889 2527 2963 Scripturam
2550 2905 2728 2963 posse
2752 2889 3008 2958 mentiri,
3041 2891 3311 2964 sequitur
3338 2907 3447 2964 per
3470 2892 3675 2950 omnia
3702 2893 3814 2951 fal-

2158 2995 2295 3034 sum
2323 2995 2456 3035 esse
2507 2979 2676 3052 quod
2719 2982 2823 3036 tua
2868 2978 3097 3036 falsitas
3121 2978 3447 3037 adinvenit.
3476 2982 3693 3039 Annon
3721 2987 3817 3039 est

388 3084 521 3124 esse
540 3073 824 3126 naturam
845 3070 950 3143 qui
970 3070 1496 3142 punit,etangelos
1517 3077 1848 3146 apostatas,
1867 3077 2047 3147 atque
2078 3110 2119 3167 Ο
2156 3074 2393 3167 natura,
2425 3068 2526 3141 qui
2559 3068 2704 3167 dicit
2733 3070 2997 3167 :_Delebo
3037 3069 3353 3167 hominem,
3392 3087 3560 3167 quem
3590 3075 3810 3167 creavi,

383 3156 662 3214 homines
689 3162 1195 3230 trangressorum,
1228 3176 1383 3232 quos
1411 3161 1603 3234 punit.
1631 3164 1782 3218 Nam
1823 3162 1898 3219 de
1923 3163 2048 3220 dia-

383 3243 527 3302 bolo
554 3261 664 3320 per
690 3247 1051 3319 prophetam
1095 3247 1176 3304 ad
1224 3248 1413 3304 Deum
1461 3246 1677 3305 dicitur
1704 3266 1718 3305 :
1750 3251 2049 3324 Nunquid

384 3348 505 3390 non
555 3342 620 3389 tu
660 3336 983 3405 percusisti
1039 3336 1381 3407 superbum,
1434 3339 1772 3396 vulnerasti
1829 3341 2044 3397 draco-

384 3437 519 3479 nem
542 3425 571 3477 ?
601 3422 744 3494 (Isa.
769 3439 842 3492 L1,
865 3427 945 3491 9.)
967 3425 1032 3481 Et
1058 3425 1199 3481 item
1229 3442 1242 3480 :
1278 3427 1365 3481 Tu
1387 3426 1727 3485 humiliasti
1742 3429 1895 3485 sicut
1917 3431 2046 3486 vul-

383 3515 662 3567 neratum
689 3512 1031 3582 superbum.
1055 3514 1127 3569 In
1145 3514 1390 3571 brachio
1413 3516 1656 3573 virtutis
1678 3522 1796 3574 tux
1821 3518 2047 3589 disper-

383 3599 518 3655 sisti
542 3599 813 3656 inimicos
843 3605 976 3657 tuos
1005 3601 1194 3671 (Psal.
1230 3617 1494 3675 1.xxxvm,
1526 3603 1633 3675 ll).
1667 3608 1732 3661 Et
1759 3622 2001 3662 rursum
2028 3624 2041 3663 :

384 3688 472 3743 Tu
503 3688 857 3760 confregisti
885 3691 1090 3760 capita
1111 3690 1392 3747 draconis
1413 3707 1435 3747 .’
1455 3692 1674 3751 dedisti
1689 3709 1820 3751 eum
1853 3710 2045 3753 escam

375 3779 624 3848 populis
639 3779 1011 3850 AEthiopum
1036 3781 1226 3849 (Psal.
1246 3796 1447 3853 Lxxm,
1474 3781 1583 3853 14).
1606 3783 1883 3841 Peccanti
1901 3800 2046 3842 vero

378 3865 612 3924 homini
639 3867 867 3925 dictum
897 3871 986 3925 est
1023 3868 1229 3942 utique
1255 3885 1292 3926 a
1317 3871 1437 3927 Deo
1470 3887 1484 3927 :
1511 3872 1842 3930 Maledicta
1879 3880 2045 3932 terra

379 3956 444 4012 in
487 3972 665 4027 opere
710 3963 812 4015 tuo
865 3957 1032 4030 (Gen.
1064 3974 1146 4027 1n,
1186 3959 1272 4029 l7)
1307 3976 1321 4015 :
1353 3960 1496 4018 Cum
1543 3967 1825 4032 operatus
1851 3964 2045 4035 fueris

379 4060 532 4115 eam,
562 4063 685 4104 non
710 4048 878 4106 dabit
902 4049 1148 4119 fructus
1173 4064 1309 4107 suos
1341 4051 1505 4122 (Gen.
1533 4067 1612 4122 1v,
1663 4053 1769 4125 12).
1819 4054 2044 4124 Spinas

380 4140 436 4191 et
466 4136 720 4193 tribulos
760 4139 1124 4208 germinabit
1150 4139 1302 4196 tibi:
1339 4141 1413 4196 In
1456 4141 1673 4199 sudore
1702 4143 1907 4200 vultus
1955 4145 2049 4201 tui

2155 3173 2193 3215 a
2219 3159 2380 3229 facie
2410 3164 2606 3224 terrm,
2639 3158 2715 3215 ab
2746 3158 2983 3216 homine
3020 3175 3205 3232 usque
3254 3161 3338 3219 ad
3387 3163 3741 3231 animantia,
3776 3179 3814 3220 a

2154 3248 2365 3318 reptili
2390 3261 2575 3319 usque
2602 3247 2684 3303 ad
2736 3248 3007 3305 volucres
3036 3250 3191 3306 caeli.
3219 3251 3479 3308 Paenitet
3526 3252 3681 3308 enim
3716 3268 3816 3310 me

2151 3338 2362 3410 fecisse
2391 3353 2485 3395 eos
2513 3351 2538 3394 .°
2566 3339 2632 3393 Et
2660 3336 2815 3394 infra
2844 3354 2858 3393 :
2888 3339 3059 3395 Finis
3105 3340 3401 3397 universa
3425 3343 3627 3399 carnis
3652 3343 3816 3399 venit

2155 3441 2359 3483 coram
2388 3440 2482 3482 me
2507 3441 2521 3480 :
2554 3426 2786 3496 repleta
2814 3431 2901 3483 est
2932 3432 3098 3485 terra
3123 3428 3442 3500 iniquitate
3468 3444 3507 3487 a
3526 3431 3688 3502 facie
3714 3446 3814 3488 eo-

2152 3531 2310 3583 rum,
2343 3520 2399 3573 et
2420 3530 2525 3587 ego
2555 3515 2901 3585 disperdam
2929 3532 3024 3573 eos
3049 3532 3184 3574 cum
3215 3523 3400 3575 terra.
3430 3522 3498 3575 Et
3521 3535 3762 3576 rursum
3797 3539 3811 3577 :

2150 3606 2302 3662 Ecce
2328 3621 2434 3676 ego
2463 3605 2763 3663 adducam
2791 3605 3009 3663 diluvii
3036 3622 3226 3679 aquas
3253 3623 3435 3679 super
3466 3615 3713 3676 terram,
3748 3616 3815 3667 ut

2152 3695 2510 3764 interﬁciam
2541 3710 2771 3752 omnem
2816 3712 3077 3766 carnem,
3111 3699 3174 3754 in
3222 3714 3343 3771 qua
3380 3700 3628 3769 spiritus
3676 3702 3817 3757 vitae

2152 3789 2236 3840 est
2283 3784 2489 3840 subter
2532 3786 2770 3843 cwlum.
2827 3786 3137 3859 Universa,
3180 3804 3312 3860 quas
3360 3789 3425 3844 in
3454 3794 3620 3847 terra
3646 3796 3814 3856 sunt,

2152 3878 2578 3930 consumentur
2605 3874 2776 3946 (Gen.
2808 3892 2883 3939 vr,
2906 3882 2961 3945 7,
2998 3880 3083 3947 13,
3120 3882 3228 3945 17).
3261 3880 3326 3934 Et
3348 3878 3601 3936 iterum:
3635 3880 3816 3938 Cum-

2152 3978 2266 4035 que
2294 3964 2647 4021 transissent
2668 3970 2888 4035 septem
2917 3964 3061 4035 dies,
3093 3981 3267 4038 aqua:
3289 3967 3510 4026 diluvii
3550 3970 3814 4028 inunda-

2150 4059 2368 4110 verunt
2387 4068 2568 4124 super
2595 4058 2821 4112 terram
2847 4070 2869 4110 .·
2897 4057 3201 4129 Ruptique
3224 4064 3366 4115 sunt
3395 4074 3593 4116 omnes
3607 4060 3811 4131 fontes

2151 4142 2355 4214 abyssi
2387 4158 2643 4214 magnai,
2674 4149 2729 4201 et
2759 4149 3086 4202 cataractx
3122 4148 3262 4204 caeli
3304 4154 3530 4218 apertx
3555 4155 3720 4218 sunt,
3754 4155 3811 4208 et

380 4227 642 4283 comedes
664 4241 887 4296 panem
917 4233 1086 4283 tuum
1121 4229 1349 4285 cunctis
1377 4229 1583 4288 diebus
1611 4232 1746 4289 vita:
1774 4238 1912 4306 tux,
1942 4234 2051 4291 do-
2147 4234 2913 4306 factxsuntpluviaesuper
2927 4240 3153 4293 terram
3174 4238 3584 4311 quadraginta
3598 4239 3809 4298 diebus

378 4329 488 4371 nec
515 4314 842 4372 revertaris
864 4315 930 4370 in
961 4320 1187 4373 terram
1216 4316 1290 4374 de
1315 4333 1437 4389 qua
1465 4325 1738 4391 sumptus
1785 4337 1864 4391 es,
1899 4323 2042 4395 quia
2150 4328 2206 4380 et
2235 4323 2645 4396 quadraginta
2668 4325 2940 4385 noctibus
2965 4327 3132 4395 (Gen.
3156 4343 3262 4395 vn,
3287 4333 3374 4388 1ο.
3400 4334 3486 4400 11,
3507 4329 3613 4399 12).
3635 4333 3700 4388 Et
3720 4332 3811 4389 in-

375 4404 580 4475 pulvis
604 4419 684 4472 es,
711 4404 844 4461 etin
864 4405 1175 4474 pulverem
1199 4410 1696 4476 reverteris(Gen.
1725 4413 2033 4483 ιιι,18,19).
2067 4472 2110 4493 ἢ
2147 4412 2240 4470 fra
2272 4429 2289 4471 :
2350 4413 2693 4482 Quindecim
2735 4415 2950 4473 cubitis
3005 4418 3192 4474 altior
3232 4419 3357 4491 fuit
3409 4435 3571 4493 aqua
3622 4436 3814 4493 super

376 4494 562 4551 Audis
594 4495 783 4551 Deum
821 4494 1172 4568 punientem
1219 4497 1652 4572 hominemque
1706 4500 1988 4573 punitum
2008 4503 2037 4560 ‘t
2066 4494 2111 4528 υ
2148 4507 2398 4571 montes,
2419 4518 2565 4575 quos
2589 4510 2928 4575 operuerat.
2954 4506 3321 4579 Consumpta
3343 4515 3427 4566 est
3452 4511 3642 4568 omnis
3662 4526 3810 4569 caro

376 4588 434 4641 et
460 4601 584 4642 non
614 4584 813 4642 solum
851 4585 1184 4658 hominem,
1215 4603 1427 4644 verum
1475 4588 1656 4645 etiam
1702 4593 1925 4647 terram
1969 4591 2034 4649 in
2148 4607 2284 4665 qua:
2302 4593 2655 4650 movebatur
2679 4608 2863 4665 super
2886 4600 3132 4661 terram,
3164 4598 3495 4669 volucrum,
3522 4601 3811 4659 animan-

372 4690 620 4748 posnam
668 4673 826 4730 illius
873 4674 1152 4748 punitam
1176 4676 1205 4733 ?
1247 4680 1307 4733 et
1348 4692 1538 4748 negas
1585 4681 1801 4735 natura
1836 4680 2039 4753 puniri
2148 4682 2320 4754 tium,
2346 4682 2691 4754 bestiarum,
2720 4685 3103 4759 omniumque
3143 4688 3473 4758 reptilium,
3505 4705 3639 4762 quae
3669 4707 3812 4763 rep.

374 4770 655 4823 naturam
675 4764 688 4822 l
724 4765 869 4821 Item
890 4763 1039 4822 dixit
1062 4766 1353 4825 Dominus
1383 4770 1538 4824 Deus
1558 4768 1638 4825 ad
1660 4775 1995 4843 serpentem
2013 4786 2039 4829 .'

376 4854 530 4922 Quia
554 4855 759 4925 fecisti
785 4855 916 4923 hoc,
947 4856 1306 4913 maledictus
1352 4872 1412 4914 es
1467 4858 1628 4915 inter
1659 4860 1861 4918 omnia
1908 4862 2040 4919 ani-

373 4946 608 5002 mantia
632 4950 688 5002 et
718 4945 932 5002 bestias
957 4950 1132 5002 terrx
1154 4961 1180 5003 .°
1204 4947 1405 5017 Super
1421 4953 1632 5017 pectus
1675 4954 1846 5005 tuum
1893 4966 2036 5021 gra-

373 5032 577 5100 dieris,
610 5038 665 5089 et
688 5037 912 5090 terram
944 5034 1206 5093 comedes
1233 5037 1464 5093 cunctis
1489 5036 1694 5094 diebus
1725 5039 1863 5095 vitae
1894 5045 2033 5099 tuae.

371 5121 733 5179 Inimicitias
774 5136 1001 5192 ponam
1028 5123 1195 5180 inter
1232 5130 1288 5181 te
1314 5129 1372 5182 et
1397 5126 1731 5200 mulierem,
1757 5133 1813 5184 et
1840 5143 2035 5187 semen

372 5215 541 5268 tuum
563 5214 618 5267 et
640 5224 836 5267 semen
865 5211 1070 5268 illius:
1102 5213 1236 5283 ipsa
1260 5220 1521 5272 conteret
1551 5223 1733 5287 caput
1764 5222 1955 5287 tuum,
1980 5224 2038 5277 et

371 5305 438 5357 tu
468 5299 851 5357 insidiaberis
871 5300 1156 5359 calcaneo
1180 5304 1310 5373 ejus
1343 5303 1506 5375 (Gen.
1539 5320 1620 5374 Ill,
1655 5306 1765 5379 ll).
1812 5307 2038 5383 Mulieri

368 5403 615 5463 quoque
645 5387 794 5445 dixit
824 5390 1284 5460 :Multiplicabo
1306 5406 1608 5452 aerumnas
1652 5400 1788 5453 tuas
1818 5404 1874 5454 et
1903 5413 2039 5454 con-

370 5484 575 5548 ceptus
602 5484 733 5535 tuos
758 5495 772 5535 :
806 5479 870 5535 in
899 5479 1106 5538 dolore
1132 5482 1335 5551 paries
1357 5483 1539 5555 ﬁlios,
1570 5489 1627 5542 et
1648 5486 1759 5542 sub
1789 5486 1912 5543 viri
1933 5503 2037 5558 po-

370 5569 582 5623 testate
609 5568 747 5629 eris,
778 5571 835 5623 et
879 5568 1005 5637 ipse
1026 5568 1441 5626 dominabitur
1469 5574 1562 5628 tui
1587 5573 1760 5644 (Gen.
1794 5590 1886 5644 m,
1924 5576 2030 5649 16).

370 5652 555 5706 Audis
583 5653 861 5724 punitum
893 5656 1198 5725 angelum,
1228 5658 1571 5733 pariterque
1616 5661 1944 5734 feminam;
1977 5668 2036 5722 et

371 5734 641 5794 difﬁteris
667 5744 888 5797 natura
913 5743 1116 5814 puniri
1143 5748 1457 5805 naturam!

2148 4776 2281 4830 tant
2306 4786 2487 4843 super
2502 4777 2750 4845 terram,
2779 4775 3048 4832 universi
3069 4777 3356 4850 homines,
3385 4784 3443 4836 et
3487 4786 3714 4839 cuncta
3743 4783 3809 4839 in

2146 4861 2361 4933 quibus
2390 4861 2766 4931 spiraculum
2796 4864 2935 4923 vitae
2958 4871 3062 4931 est,
3087 4866 3151 4922 in
3174 4873 3340 4925 terra
3374 4873 3612 4928 mortua
3638 4876 3808 4928 sunt.

2142 4950 2225 5007 Et
2253 4950 2471 5007 delevit
2487 4965 2717 5008 omnem
2744 4953 3140 5012 substantiam
3161 4972 3293 5028 quae
3320 4962 3450 5016 erat
3472 4972 3655 5029 super
3682 4966 3812 5018 ter-

2144 5055 2300 5110 ram,
2323 5038 2398 5097 ab
2429 5040 2665 5099 homine
2686 5057 2871 5115 usque
2894 5044 2976 5102 ad
2996 5059 3200 5117 pecus,
3233 5053 3356 5105 tam
3383 5050 3597 5121 reptile
3619 5065 3812 5122 quam

2144 5130 2417 5187 volucres
2438 5131 2611 5202 caeli;
2628 5136 2682 5188 et
2727 5132 2927 5191 deleta
2946 5140 3087 5192 sunt
3118 5136 3190 5193 de
3215 5141 3381 5195 terra
3409 5138 3574 5211 (Gen.
3597 5144 3806 5210 “1,20,

2143 5219 2235 5288 21,
2260 5222 2352 5287 22,
2382 5220 2494 5293 23).
2526 5219 2679 5284 Quid
2697 5222 3073 5280 manifestius
3103 5230 3208 5283 aut
3231 5226 3449 5284 certius
3469 5228 3762 5303 quaeritur
3779 5229 3809 5285 ‘t

2145 5310 2301 5365 Deus
2321 5308 2527 5382 utique
2547 5313 2765 5368 natura
2781 5316 2870 5369 est
2883 5312 3256 5388 incorporea,
3270 5316 3809 5391 incommutabilis,

2145 5397 2552 5472 omnipotens,
2573 5400 2957 5474 sempiterna,
2981 5405 3235 5463 creatrix
3252 5405 3507 5464 aliarum
3528 5408 3813 5466 omnium

2143 5492 2520 5557 naturarum,
2563 5492 2968 5565 corporalium
3005 5499 3186 5569 atque
3222 5496 3723 5572 incorporalium,
3754 5501 3816 5555 et

2142 5578 2550 5637 mutabilium.
2590 5583 2737 5639 Ecce
2777 5599 2963 5641 verax
3008 5585 3312 5660 Scriptura
3361 5590 3553 5645 Deum
3582 5587 3816 5646 clamat

2140 5666 2432 5724 delevisse
2448 5675 2751 5729 creaturas
2765 5671 3106 5744 hominum,
3119 5676 3455 5749 volucrum,
3470 5677 3811 5736 bestiarum

2142 5760 2323 5830 atque
2341 5758 2665 5833 reptilium,
2679 5777 2817 5836 quae
2834 5764 2981 5838 quia
2998 5766 3238 5828 mentiri
3251 5783 3570 5843 nunquam
3582 5772 3812 5844 potest,
