3936 6384
128 277 257 334 i225

1044 275 1135 329 DE
1173 268 1844 330 PREDESTINATIONE
1882 270 2161 328 CONTRA
2197 267 2250 324 J.
2300 266 2598 324 SCOTUM.

3432 274 3570 333 l226

125 401 451 458 certissime
502 413 615 455 nos
663 397 839 454 docet
887 397 1147 461 credere,
1182 401 1240 454 et
1283 397 1468 454 libere
1513 394 1784 453 conﬁteri
1816 397 1862 450 Α
1905 394 2132 452 thaeum
2154 395 2322 467 (Cap.
2349 409 2438 460 ιι,
2461 391 2573 464 28.)
2595 392 2679 450 ita
2701 391 2988 451 edisserit.
3012 393 3344 468 [Duplicem
3367 400 3570 453 autem

124 495 420 554 naturam,
452 488 666 561 punire
695 492 999 544 naturam.

194 581 335 646 Quae
370 584 573 635 tamen
611 575 842 649 punitio
889 577 952 631 in
992 577 1364 650 quibusdam
1397 576 1788 632 abolitionem

126 666 563 729 omnimodam,
594 665 654 720 in
701 664 1072 736 quibusdam
1120 667 1550 738 temporariam
1581 680 1790 737 opera-

125 762 232 814 tur.
268 760 416 813 Nam
464 752 798 810 animantia
841 752 1090 809 rationis
1140 755 1406 826 expertia
1437 752 1788 809 omnimode

125 845 398 903 consumi
453 843 604 900 ratio
654 847 712 898 et
757 842 1080 899 auctoritas
1128 842 1436 912 indicant;
1468 842 1790 899 rationales

124 951 259 992 vero
286 938 594 992 creaturas
624 946 748 988 non
777 931 1106 999 omimode,
1135 931 1218 988 ita
1247 936 1313 987 ut
1340 947 1464 988 non
1490 931 1643 987 sint:
1687 946 1790 986 ve-

127 1042 258 1082 rum
289 1025 372 1081 ita
397 1029 461 1081 ut
484 1023 643 1095 juste
669 1038 739 1078 ac
765 1037 1032 1092 congrue
1060 1037 1172 1094 pro
1197 1020 1396 1078 modis
1417 1021 1532 1077 sibi
1551 1036 1792 1093 compe-

128 1115 388 1171 tentibus
430 1112 719 1170 ordinatae
748 1116 928 1183 atque
954 1110 1238 1183 judicatus
1269 1110 1386 1166 sint
1413 1109 1661 1183 quidem
1684 1125 1794 1182 per

127 1202 546 1264 substantiam,
612 1200 721 1257 sed
777 1215 902 1256 non
965 1199 1080 1256 sint
1130 1215 1240 1272 per
1287 1199 1788 1262 misericordiam,

123 1309 332 1364 quam,
359 1291 423 1346 in
447 1290 644 1364 prauis
669 1288 894 1345 meritis
921 1289 1282 1355 constituta,
1310 1303 1630 1360 nunquam
1653 1303 1794 1343 con-

123 1381 296 1455 sequi
325 1379 735 1436 merebuntur.
765 1381 988 1450 Nempe
1020 1379 1216 1448 ignem
1249 1384 1303 1434 et
1349 1377 1612 1446 sulphur
1632 1377 1792 1447 pluit

120 1471 416 1542 Dominus
471 1485 508 1525 a
555 1469 830 1537 Domino,
892 1473 949 1524 et
1007 1469 1372 1537 consumpsit
1421 1467 1685 1523 homines
1739 1472 1795 1523 et

123 1560 326 1616 omnia
349 1573 480 1630 qua:
500 1559 752 1628 fuerant
783 1559 847 1613 in
877 1558 1199 1628 Pentapoli
1222 1557 1394 1624 (Gen.
1424 1572 1546 1627 xix,
1578 1556 1667 1627 24)
1691 1573 1704 1623 ;
1731 1555 1794 1610 in

125 1653 210 1706 tot
254 1647 449 1721 plagis
498 1661 536 1703 a
581 1647 836 1703 Domino
884 1646 944 1702 in
991 1646 1306 1720 Egyptios
1333 1645 1529 1715 illatis,
1557 1661 1796 1718 semper

1901 499 2031 540 esse
2064 485 2408 555 gehennam
2454 481 2626 538 nimii
2662 481 2818 552 ignis
2849 487 2908 539 et
2937 481 3174 554 frigoris
3203 485 3264 541 in
3312 486 3424 542 Job
3451 487 3576 560 ple-

1895 573 2147 629 nissime
2179 573 2456 645 legimus.
2489 573 2533 642 σι-
2572 571 2731 627 Beda
2758 571 2820 627 in
2855 573 3224 644 expositione
3256 575 3575 632 Parabola-

1894 678 2032 717 rum
2082 661 2421 719 Salomonis
2455 659 2578 732 (lib.
2612 676 2700 724 ιιι,
2733 676 2870 733 cap.
2899 661 2967 718 31
3010 661 3073 717 in
3124 663 3387 734 medio):
3435 665 3572 722 Non

1898 751 2126 807 timebit
2155 751 2362 807 domui
2388 764 2515 808 suae
2544 765 2582 806 α
2605 749 2944 821 frigoribus
2967 752 3121 807 nivis
3146 768 3160 806 :
3184 757 3440 824 possunt
3469 769 3576 812 au-

1898 843 2018 896 tem
2049 839 2272 910 frigora
2300 839 2452 895 nivis
2499 841 2680 895 etiam
2710 843 3009 896 tormenta
3048 844 3273 897 aeterna
3302 840 3570 912 intelligi,

1897 945 2036 1002 qua:
2058 931 2198 1000 igne
2238 932 2296 986 et
2326 929 2545 1000 frigore
2576 928 2752 985 mista
2783 945 2914 985 esse
2943 929 3221 1002 legimus.
3255 932 3405 987 Cum
3431 930 3577 987 dici-

1900 1023 2034 1074 tur:
2063 1020 2162 1076 Ibi
2180 1021 2360 1090 ﬂetus
2391 1025 2447 1076 et
2475 1019 2704 1076 stridor
2730 1019 3000 1077 dentium
3040 1019 3280 1089 (Matth.
3310 1035 3431 1090 vm,
3467 1019 3573 1101 12),

1899 1106 2107 1164 ﬂetum
2154 1109 2379 1183 quippe
2439 1109 2649 1173 oculis,
2677 1109 2833 1180 ignis
2879 1113 2935 1166 et
2984 1109 3209 1178 fumus,
3257 1109 3574 1167 stridorem

1902 1212 2046 1253 vero
2076 1197 2359 1254 dentibus
2392 1197 2542 1255 solet
2568 1197 2757 1268 frigus
2788 1198 3054 1268 gignere.
3079 1198 3244 1254 Unde
3276 1203 3333 1256 et
3358 1198 3573 1256 beatus

1897 1286 2011 1343 Job
2043 1287 2120 1344 de
2158 1288 2355 1360 poenis
2401 1287 2802 1360 reproborum
2849 1287 3104 1361 loquens
3149 1289 3430 1346 aeternis:
3477 1289 3579 1346 Ad

1901 1377 2184 1443 calorem,
2230 1377 2445 1450 inquit,
2477 1378 2730 1434 nimium
2776 1383 3092 1435 transeant
3139 1379 3214 1435 ab
3263 1380 3436 1450 aquis
3485 1379 3577 1435 ni-

1901 1466 2062 1521 vium
2088 1465 2582 1536 (Job.xxrv,19).]
2607 1467 2708 1523 Sin
2737 1483 2880 1524 vero
2907 1467 3121 1525 eadem
3139 1467 3365 1542 duplex
3388 1483 3572 1540 paena

1900 1569 2025 1610 non
2055 1554 2135 1611 ad
2182 1553 2487 1628 duplicem
2517 1555 2924 1614 substantiam
2957 1573 3133 1631 aquae
3164 1562 3222 1614 et
3248 1556 3429 1630 ignis,
3464 1556 3574 1614 sed

1903 1642 1982 1700 ad
2006 1659 2216 1708 unam,
2244 1643 2518 1701 videlicet
2543 1644 2699 1715 ignis
2725 1645 3039 1704 referenda
3079 1646 3280 1720 potius
3307 1646 3574 1702 aestima-

126 1738 416 1794 Dominus
454 1735 671 1805 facere,
706 1740 763 1792 et
805 1739 1091 1792 creaturae
1141 1735 1376 1792 Domini
1421 1734 1794 1791 voluntatem
1829 1754 1870 1808 Β
1903 1735 2018 1800 tur,
2048 1737 2263 1805 potest,
2294 1733 2630 1790 secundum
2658 1734 2998 1809 Philippum
3019 1735 3446 1809 presbyterum
3471 1750 3575 1792 cx-

127 1828 524 1900 exsequentes
552 1825 940 1882 inducuntur.
973 1827 1126 1881 Num
1155 1829 1326 1882 erant
1352 1828 1582 1880 naturae
1610 1823 1796 1879 maris

129 1915 312 1973 Rubri
359 1916 604 1983 ﬂuenta,
636 1931 774 1987 quae
806 1915 1186 1971 Pharaonem
1215 1917 1273 1970 et
1306 1913 1438 1985 ejus
1469 1913 1796 1970 exercitum

132 2005 554 2062 interfecerunt
592 2004 800 2076 (Exod.
834 2020 953 2074 xw,
983 2007 1070 2071 '28)
1095 2004 1124 2060 ‘I
1175 2007 1303 2060 Non
1350 2007 1520 2059 erant
1567 2006 1796 2058 naturae

127 2095 286 2166 ignis
315 2095 376 2150 in
402 2109 606 2151 eremo
645 2099 975 2166 serpentes,
1007 2097 1064 2150 et
1105 2093 1552 2162 exterminator,
1582 2091 1685 2164 qui
1715 2093 1800 2147 tot

128 2185 449 2242 hominum
471 2183 658 2240 millia
681 2185 1110 2256 peremerunt?
1140 2183 1341 2254 (Num.
1370 2199 1483 2252 χχι,
1513 2185 1565 2250 6,
1589 2187 1620 2236 7
1644 2181 1798 2253 seq.)

132 2274 248 2331 Sed
275 2273 426 2348 quid
450 2273 526 2330 de
559 2273 876 2346 Scripturis
919 2277 1084 2329 tanta
1113 2272 1356 2343 congeri
1385 2287 1633 2328 necesse
1663 2272 1799 2327 est?

129 2379 274 2421 cum
304 2363 463 2419 facta
492 2363 846 2436 quotidiana
865 2379 978 2419 nos
1000 2362 1260 2418 doceant
1283 2377 1602 2435 nunquam
1627 2365 1798 2417 natu-

129 2467 265 2508 ram
290 2451 412 2507 nisi
437 2456 658 2508 natura
686 2451 906 2524 puniri.
939 2453 1054 2506 Aut
1079 2450 1240 2506 enim
1271 2450 1399 2523 ipse
1423 2453 1662 2508 Creator
1691 2465 1799 2506 na-

128 2546 402 2598 turarum
429 2540 680 2598 rebelles
711 2540 825 2597 sibi
875 2544 1056 2613 atque
1095 2539 1507 2596 inobedientes
1554 2545 1800 2596 naturas

125 2629 456 2688 rationales
505 2635 658 2686 nutu
704 2629 1294 2702 omnipotentissimo
1342 2628 1517 2702 punit
1550 2633 1654 2686 aut
1691 2629 1802 2685 ali-

128 2720 381 2792 quando
418 2719 763 2786 manifesto,
805 2718 1136 2792 aliquando
1181 2718 1438 2783 occulto,
1481 2734 1800 2792 nunquam

134 2814 344 2867 tamen
385 2809 609 2882 injusto
636 2809 864 2880 judicio
901 2813 1150 2865 naturas
1199 2812 1432 2865 creatas
1483 2825 1519 2865 a
1571 2809 1801 2865 naturis

139 2899 357 2956 creatis
391 2899 592 2973 puniri
615 2898 788 2971 jubet
822 2897 919 2954 vel
950 2898 1109 2954 sinit.

203 2988 490 3062 Nunquid
519 2988 704 3044 homo
732 2987 1043 3043 hominem
1072 2986 1454 3053 interﬁciens,
1478 2991 1584 3043 aut
1609 2986 1802 3043 bestia

1900 1821 2280 1894 planatorem
2313 1821 2474 1879 beati
2502 1822 2637 1894 Job,
2665 1827 2723 1880 ct
2761 1823 2846 1880 ita
2889 1823 3156 1894 intelligi,
3187 1824 3292 1897 qui
3330 1823 3410 1881 de
3448 1839 3574 1881 me-

1902 1910 2150 1966 moratis
2177 1910 2340 1967 beati
2379 1911 2491 1968 Job
2531 1912 2731 1968 verbis
2782 1913 2866 1970 ita
2911 1912 3148 1969 locutus
3187 1917 3276 1970 est
3316 1913 3404 1986 (in
3439 1913 3574 1983 Job,

1900 1999 2005 2055 lib.
2033 2017 2094 2071 ιι,
2117 2017 2168 2056 c.
2198 2003 2289 2070 24,
2319 2000 2436 2056 sub
2465 2000 2694 2073 ﬁnem).

1977 2088 2348 2164 [Quasiduas
2373 2091 2681 2162 gehennas
2709 2096 2951 2149 sanctus
2979 2092 3090 2150 Job
3119 2092 3316 2149 dicere
3339 2093 3578 2151 videtur

1903 2179 2060 2250 ignis
2093 2185 2149 2236 et
2177 2179 2432 2252 frigoris,
2463 2197 2571 2254 per
2617 2198 2772 2255 quas
2820 2181 3123 2254 diabolus,
3163 2183 3477 2239 haereticus
3517 2187 3576 2240 et

1904 2269 2091 2326 homo
2111 2269 2334 2343 impius
2348 2276 2770 2343 commutatur,
2787 2288 2927 2328 cum
2952 2271 3014 2327 in
3037 2271 3363 2342 Evangelio
3384 2273 3580 2346 dupli-

1907 2359 1989 2414 cis
2037 2358 2221 2431 hujus
2251 2376 2449 2433 poenae
2495 2360 2609 2416 sibi
2653 2360 2960 2418 dissimilis
3005 2362 3422 2418 auctoritatem
3453 2378 3580 2419 non

1903 2448 2268 2507 habeamus.
2298 2453 2536 2507 Certum
2566 2450 2817 2524 quidem
2867 2455 2956 2507 est
2983 2467 3108 2509 non
3158 2451 3361 2508 minus
3389 2467 3580 2525 quam

1905 2540 1968 2595 in
1998 2539 2136 2609 igne
2164 2555 2294 2596 esse
2325 2539 2660 2597 adustionis
2689 2540 2752 2597 in
2776 2540 2995 2612 frigore
3021 2559 3035 2611 ;
3083 2540 3190 2598 sed
3220 2541 3270 2598 si
3299 2541 3580 2613 gehenna

1910 2628 2332 2686 tantummodo
2361 2629 2520 2700 ignis
2551 2633 2664 2696 est,
2694 2629 2843 2686 forte
2890 2630 2953 2686 in
3007 2629 3140 2704 ipsa
3187 2630 3320 2687 talis
3360 2647 3580 2687 sensus

1908 2717 2285 2773 cruciatuum
2328 2717 2432 2774 ﬁet
2483 2717 2598 2774 illis
2635 2718 2740 2792 qui
2791 2718 2854 2775 in
2906 2734 2977 2775 ea
3023 2719 3481 2792 torquebuntur,
3515 2723 3584 2776 ut

1906 2823 2071 2863 nunc
2099 2807 2276 2880 quasi
2311 2807 2517 2877 ignem
2561 2807 2874 2864 ardentem
2905 2807 3183 2876 sentiant,
3216 2823 3378 2865 nunc
3410 2807 3583 2864 nimii

1909 2897 2130 2968 algoris
2179 2897 2565 2966 incendium;
2598 2901 2654 2954 et
2689 2896 2946 2970 poenalis
2976 2899 3391 2970 commutatio,
3417 2915 3581 2955 nunc

1908 2986 2096 3056 frigus
2147 2985 2563 3058 sentientibus,
2591 3001 2755 3041 nunc
2794 2985 3079 3052 calorem,
3111 2987 3286 3059 quasi
3327 2987 3403 3044 de
3446 2987 3582 3045 loco

130 3075 413 3139 bestiam,
439 3075 536 3133 vel
564 3075 692 3132 avis
725 3090 920 3137 avem,
953 3091 1060 3131 seu
1112 3075 1270 3145 ignis
1317 3073 1502 3144 ligna,
1537 3075 1660 3130 sive
1692 3074 1803 3131 fer-
1839 3109 1881 3163 ο
1909 3076 1988 3130 ad
2030 3074 2234 3132 locum
2296 3075 2484 3131 alium
2547 3075 2832 3131 transitus
2897 3076 3242 3132 aestimetur.
3311 3079 3379 3132 Et
3439 3076 3581 3134 inde

129 3182 294 3231 rum,
321 3164 604 3238 quaelibet
652 3163 986 3220 animantia
1030 3179 1157 3219 non
1206 3167 1348 3219 sunt
1393 3169 1646 3227 naturae,
1687 3180 1801 3236 pu-

130 3256 364 3312 nientia
407 3259 464 3311 et
510 3254 776 3326 punita?
827 3252 1136 3325 Siquidem
1181 3268 1436 3322 veneno,
1467 3252 1682 3308 boletis
1711 3252 1802 3308 ni-

127 3345 382 3417 miaque
411 3341 821 3414 quorumlibet
846 3341 1121 3398 ciborum
1150 3341 1465 3410 edacitate,
1499 3346 1802 3416 potusque

128 3431 429 3506 superﬂui
460 3429 764 3497 ebrietate,
796 3429 1018 3486 multos
1048 3430 1262 3503 perimi
1290 3434 1348 3487 et
1375 3429 1716 3486 audivimus
1747 3434 1804 3488 et

127 3524 450 3581 dolemus:
483 3521 559 3578 de
603 3537 728 3594 qua
755 3537 818 3577 re
849 3520 1017 3578 nulla
1044 3521 1196 3578 inter
1233 3521 1559 3578 catholicos
1589 3526 1804 3579 tracta-

134 3618 295 3671 tores
320 3628 596 3686 unquam
619 3610 999 3667 dissonantia
1026 3610 1156 3668 fuit.

199 3703 360 3759 Illud
389 3718 532 3758 vero
564 3701 731 3775 quod
780 3700 956 3757 addis
999 3707 1382 3772 peccatorum
1407 3717 1617 3771 plenas
1645 3701 1804 3758 nihil

129 3807 252 3850 esse
281 3792 464 3850 aliud
513 3807 693 3864 quam
728 3796 986 3861 peccata
1024 3805 1248 3847 eorum.
1293 3790 1609 3856 Quomodo
1639 3807 1803 3847 nunc

127 3885 385 3956 peccata
412 3897 626 3954 poenas
673 3884 1058 3954 peccatorum
1089 3879 1388 3948 enuntias,
1420 3897 1554 3954 quae
1606 3882 1803 3938 hacte«

127 3988 245 4030 nus
276 3971 432 4029 nihil
469 3987 602 4028 esse
652 3969 1012 4028 conﬁrmare
1054 3970 1298 4027 molitus
1324 3971 1436 4027 es?
1484 3971 1802 4037 Quomodo

127 4065 404 4135 peccata,
427 4077 565 4134 quin
591 4060 740 4116 nihil
759 4064 920 4129 sunt,
940 4075 1139 4132 poenae
1163 4064 1444 4132 poterunt
1465 4075 1618 4131 esse,
1641 4077 1799 4133 quae,

129 4150 475 4208 secundum
503 4154 581 4220 te,
606 4148 874 4205 similiter
897 4147 1046 4204 nihil
1073 4148 1260 4204 sunt?
1288 4148 1402 4205 Sed
1424 4148 1568 4221 quia
1587 4165 1803 4224 pcenas

129 4240 279 4297 nihil
315 4239 481 4296 aliud
524 4254 714 4312 quam
763 4236 1192 4294 conscientiam
1222 4242 1611 4310 peccatorum
1631 4238 1805 4309 juxta

131 4330 476 4401 Origenem,
502 4327 600 4384 vel
624 4325 960 4384 secundum
991 4331 1046 4382 te
1079 4325 1276 4382 solum
1301 4326 1640 4384 absentiam
1657 4326 1802 4384 bea-

130 4418 404 4475 titudinis
433 4417 524 4473 vis
565 4415 834 4487 intelligi,
867 4420 924 4472 et
951 4415 1014 4472 in
1053 4415 1446 4488 sequentibus
1486 4415 1802 4489 loquacius

129 4507 253 4564 imo
299 4507 578 4565 fallacius
633 4522 705 4562 ea
752 4504 1118 4578 exsequeris,
1163 4503 1311 4561 locis
1369 4505 1496 4562 suis
1549 4505 1803 4578 (Christo
1835 4476 1882 4530 Β

129 4596 414 4672 propitio)
463 4596 540 4654 de
587 4595 840 4667 singulis
888 4595 1226 4653 videamus.
1281 4595 1558 4669 Sequeris
1603 4595 1802 4668 igitur,

138 4693 196 4746 et
225 4689 404 4745 dicis.

712 4775 738 4818 ι
746 4775 958 4816 OANNBS
1004 4774 1209 4817 SCOTUS
1218 4800 1232 4815 .

205 4870 375 4943 (Cap.
411 4871 500 4935 t6,
530 4883 700 4923 num.
733 4869 790 4932 2,
829 4870 972 4922 sect.
1007 4866 1083 4938 l.)
1135 4869 1175 4919 Θ
1216 4865 1286 4936 In
1335 4882 1555 4939 magno
1603 4869 1806 4940 itaque

134 4960 352 5016 aeterni
377 4958 535 5029 ignis
581 4956 803 5014 ardore
831 4955 989 5012 nihil
1037 4955 1210 5011 aliud
1250 4955 1328 5011 sit
1350 4958 1613 5026 poenalis
1639 4959 1806 5014 mise-

135 5048 254 5119 ria,
281 5063 467 5121 quam
499 5046 684 5104 beata:
709 5045 1025 5116 felicitatis
1050 5043 1338 5101 absentia.

814 5221 1138 5264 CORRECTIO.

206 5318 250 5388 -ιι
273 5318 378 5372 Ast
400 5313 721 5373 orthodoxi
747 5317 1096 5371 tractatores
1119 5329 1244 5370 non
1265 5313 1462 5371 solum
1479 5313 1660 5371 aliam
1682 5330 1807 5387 pa:-

137 5421 308 5472 nam,
331 5421 544 5462 verum
565 5405 748 5462 etiam
775 5403 1080 5478 duplicem
1095 5419 1228 5460 esse
1246 5419 1493 5477 poenam
1516 5403 1806 5474 gehennae

138 5493 410 5551 sentiunt
427 5493 778 5552 auctoritate
800 5497 1020 5550 sanctae
1038 5493 1374 5565 Scriptum,
1397 5507 1520 5565 qua
1537 5507 1644 5565 per
1664 5492 1808 5550 bea-

143 5586 273 5639 tum
302 5582 414 5640 Job
444 5583 699 5640 dicitur:
731 5583 832 5639 Ad
860 5583 1108 5639 nimium
1141 5583 1403 5639 calorem
1433 5587 1702 5640 transeat
1733 5583 1809 5639 ab

138 5672 317 5743 aquis
343 5673 572 5730 nivium
604 5672 756 5744 (Job.
787 5687 950 5740 xxxv,
976 5672 1084 5742 19).
1115 5673 1384 5736 Quorum
1415 5675 1662 5728 sanctus
1682 5671 1807 5728 Hie-

137 5776 439 5835 ronymus
460 5762 525 5820 in
555 5761 927 5836 expositione
954 5759 1262 5834 Evangelii
1289 5760 1624 5820 secundum
1665 5765 1808 5821 Mat—

500 5853 749 5908 PATROL.
806 5849 967 5908 CXV.

1907 3165 2176 3220 fortassis
2205 3163 2352 3220 illud
2377 3164 2450 3220 sit
2477 3163 2646 3237 quod
2678 3163 2969 3220 Dominus
2999 3165 3080 3221 ait
3106 3163 3170 3221 in
3217 3164 3578 3235 Evangelia:

1907 3255 2130 3311 Mittite
2168 3255 2342 3310 illum
2388 3255 2451 3310 in
2479 3253 2752 3311 tenebras
2796 3255 3144 3323 exteriores,
3171 3255 3302 3311 illic
3332 3256 3446 3312 erit
3481 3257 3584 3326 ﬂe-

1910 3349 2004 3399 tus
2043 3349 2097 3399 et
2143 3343 2370 3399 stridor
2419 3343 2688 3401 dentium
2739 3343 2978 3415 (Matth.
3022 3360 3158 3412 xxn,
3195 3344 3317 3417 l3);
3367 3347 3434 3400 ut
3483 3343 3583 3401 hic

1910 3435 2141 3491 stridor
2193 3435 2462 3491 dentium
2506 3433 2582 3491 de
2643 3433 2842 3505 rigore
2899 3432 3134 3504 frigoris
3192 3434 3438 3492 oriatur.
3469 3434 3585 3491 Ubi

1909 3529 1967 3582 et
2013 3524 2465 3581 similitudinem
2521 3524 2859 3598 quamdam
2919 3540 2995 3582 ex
3045 3524 3266 3583 nostris
3318 3524 3585 3599 corpori-

1907 3614 2025 3671 bus
2049 3614 2428 3687 aliquatenus
2457 3630 2785 3688 possumus
2812 3614 3103 3680 invenire,
3135 3614 3198 3671 in
3229 3614 3474 3688 quibus,
3508 3629 3582 3672 ex

1909 3703 2061 3760 fellis
2103 3703 2220 3759 ruﬁ
2263 3702 2660 3772 abundantia,
2695 3703 2864 3776 quod
2913 3707 3005 3760 est
3051 3702 3490 3760 calidissimum
3517 3701 3582 3759 in

1911 3792 2128 3865 topicis
2157 3793 2411 3861 morbis,
2442 3791 2835 3850 intolerabilis
2881 3792 3046 3863 rigor
3069 3792 3352 3865 praecedit
3375 3792 3581 3864 ignem

1908 3882 2060 3940 febri
2089 3882 2521 3939 ardentissima
2549 3885 2917 3939 secuturum.
2943 3885 3010 3941 Et
3033 3881 3316 3942 dicuntur
3336 3896 3374 3939 a
3389 3880 3580 3939 medi-

1910 3972 1995 4028 cis
2017 3972 2149 4028 haec
2191 3971 2316 4028 duo
2357 3986 2495 4043 quae
2543 3969 2658 4026 sibi
2687 3969 2989 4028 contraria
3017 3968 3475 4041 dignoscuntur,
3506 3984 3583 4027 ex

1909 4079 2034 4119 una
2062 4061 2212 4118 fellis
2242 4061 2498 4121 materia
2539 4058 2602 4115 in
2647 4059 2895 4117 homine
2923 4060 3272 4134 procreari.]
3299 4063 3342 4132 -ξ-
3361 4061 3580 4118 Beatus

1912 4151 2230 4222 Gregorius
2259 4150 2322 4206 in
2353 4149 2738 4223 Expositione
2762 4148 2896 4218 Job,
2925 4148 3029 4206 lib.
3058 4165 3158 4207 xu.

1981 4243 2086 4314 [Et
2115 4241 2274 4312 ignis
2303 4241 2614 4298 devorabit
2642 4241 3040 4298 tabernacula
3079 4256 3281 4300 eorum
3307 4241 3415 4316 qui
3448 4257 3581 4299 mu-

1910 4347 2060 4388 nera
2094 4331 2351 4387 libenter
2387 4331 2696 4401 accipiunt
2721 4330 2875 4401 (Job.
2905 4347 3004 4395 xv,
3033 4333 3126 4400 34)
3151 4347 3165 4387 :
3198 4331 3290 4387 sin
3315 4346 3457 4391 vero
3482 4347 3581 4390 eo-

1908 4436 2047 4476 rum
2098 4418 2491 4477 tabernacula
2546 4435 2802 4493 corpora
2847 4419 3144 4476 debemus
3201 4420 3471 4492 accipere
3516 4421 3580 4478 in

1909 4509 2134 4583 quibus
2181 4509 2422 4566 illorum
2470 4509 2689 4567 animai
2731 4508 3033 4576 habitant,
3064 4507 3221 4580 ignis
3259 4525 3470 4564 eorum
3499 4513 3583 4566 ta-

1907 4598 2237 4656 bernacula
2268 4597 2555 4655 devorat:
2587 4598 2733 4670 quia
2761 4597 2869 4670 qui
2910 4597 3007 4653 hic
3037 4597 3100 4653 in
3139 4601 3338 4652 mente
3367 4597 3583 4654 ardent

1908 4690 2048 4759 igne
2073 4688 2361 4752 avaritiae,
2391 4687 2508 4742 illic
2554 4687 2738 4743 etiam
2781 4687 2842 4742 in
2893 4701 3075 4743 carne
3120 4689 3583 4743 concremantur

1909 4777 2154 4848 ignibus
2184 4775 2520 4850 gehennae]
2553 4777 2595 4846 -ι-
2629 4775 2792 4832 Idem
2843 4775 2904 4832 in
2947 4775 3102 4832 libro
3132 4791 3231 4831 XVI
3263 4779 3418 4849 (cap.
3446 4775 3536 4847 26)
3563 4794 3577 4832 :

1912 4867 2144 4939 [Nonne
2209 4865 2442 4922 succisa
2502 4871 2587 4922 est
2635 4865 2852 4921 erectio
2903 4879 3128 4936 eorum,
3174 4869 3230 4921 et
3295 4865 3583 4936 reliquias

1913 4971 2117 5013 eorum
2160 4953 2470 5011 devorabit
2518 4954 2651 5025 [al.,
2695 4952 3023 5024 devoravit]
3058 4953 3216 5024 ignis
3260 4952 3410 5025 (Job.
3439 4969 3580 5022 xxii,

1913 5046 2053 5113 20)?
2126 5045 2228 5101 Hic
2314 5059 2581 5118 namque
2623 5042 2816 5116 iniqui
2880 5043 3058 5100 erecti
3107 5047 3246 5100 sunt
3315 5044 3461 5119 quia
3520 5045 3584 5101 in

1909 5135 2111 5210 pravis
2170 5133 2509 5192 actionibus
2556 5133 2939 5200 extolluntur,
2999 5133 3144 5208 quia
3199 5138 3257 5191 et
3306 5150 3584 5208 perverse

1912 5229 2122 5298 agunt,
2175 5229 2234 5282 et
2289 5229 2493 5281 tamen
2543 5239 2654 5298 pro
2710 5224 3006 5298 perversis
3057 5224 3290 5281 actibus
3338 5225 3586 5281 minime

1915 5305 2247 5373 feriuntur:
2307 5319 2563 5387 peccant
2624 5318 2681 5370 et
2734 5314 2970 5383 ﬂorent,
3038 5319 3287 5387 peccata
3342 5317 3584 5385 augent,

1915 5411 1976 5464 et
2003 5410 2238 5462 terrena
2266 5403 2432 5461 bona
2475 5403 2914 5478 multiplicant;
2973 5404 3080 5460 sed
3129 5419 3340 5460 eorum
3372 5404 3588 5460 erectio

1915 5499 2059 5553 tunc
2089 5493 2428 5550 succidetur
2458 5509 2598 5550 cum
2635 5492 2733 5550 vel
2762 5509 2798 5549 a
2846 5491 3128 5566 prmsenti
3166 5492 3290 5549 vita
3331 5492 3410 5550 ad
3440 5493 3590 5550 inte-

1914 5585 2120 5651 ritum,
2153 5583 2304 5640 vela
2330 5587 2661 5656 conspectu
2693 5581 2897 5639 aeterni
2930 5581 3153 5653 judicis
3190 5581 3269 5638 ad
3299 5587 3592 5640 aeternum

1921 5675 2210 5748 gehennae
2255 5672 2605 5730 incendium
2647 5671 3095 5745 pertrahuntur.
3132 5671 3304 5738 Quia,
3345 5673 3450 5729 etsi
3498 5673 3594 5730 hic

1921 5769 2230 5824 mortuam
2264 5779 2444 5821 suam
2463 5777 2709 5822 carnem
2737 5761 3108 5838 relinquunt,
3128 5761 3329 5838 ipsam
3350 5778 3596 5838 quoque

3241 5855 3309 5908 39
