3936 6434
426 341 562 415 1927

1493 340 1550 397 S.
1590 333 1969 401 PRUDENTH
2009 334 2387 399 TREGENSIS
2425 338 2757 403 EPISCOPI.

284 38 1416 99 Μ

3732 343 3882 401 1228

420 466 480 523 in
508 464 938 523 resurrectione
963 462 1274 535 recipiunt,
1307 465 1371 517 ut
1410 478 1547 529 cum
1599 476 1778 516 carne
1811 459 2082 525 ardeant,
2111 463 2157 517 A
2196 460 2585 518 delectatione
2607 466 2966 536 pascuntur.
3003 461 3169 517 Unde
3199 462 3575 534 quibusdam
3607 462 3878 518 dicitur:

420 557 483 613 in
512 573 638 629 qua
674 557 1090 629 peccaverunt.
1127 553 1285 607 Sicut
1337 552 1499 607 enim
1551 566 1760 606 eorum
1798 548 1977 621 culpa
2023 549 2084 603 in

421 650 622 702 mente
652 645 759 700 fuit
806 647 862 699 et
888 657 1158 714 corpore,
1193 641 1274 697 ita
1303 657 1514 697 eorum
1564 655 1747 712 pcena
1774 639 1835 697 in
1880 639 2087 693 anima

420 736 531 792 erit
578 733 796 807 pariter
838 735 895 787 et
940 746 1141 786 carne.
1179 731 1327 797 Quia
1354 745 1496 799 ergo
1545 745 1654 785 nec
1692 729 1807 785 hoc
1857 729 1941 782 eis
1979 727 2089 781 erit

418 824 676 893 liberum
690 839 726 877 a
749 826 1062 888 tormento,
1081 820 1247 893 quod
1272 820 1368 877 hic
1393 824 1697 883 mortuum
1717 817 2084 889 relinquunt,

417 918 574 971 recte
624 928 786 968 nunc
842 910 1095 966 dicitur:
1147 911 1454 982 Reliquias
1505 925 1707 965 eorum
1773 906 2086 963 devorabit

417 1003 616 1074 ignis.]
647 1002 682 1067 ’1-
715 1005 776 1057 ln
823 1000 1037 1056 eodem
1071 999 1193 1069 (lib.
1229 1017 1329 1061 xv,
1364 1017 1496 1072 cap.
1530 1003 1662 1066 30):
1705 999 1784 1054 Et
1812 999 1967 1054 sicut
1989 999 2087 1066 fa-

417 1092 567 1148 villa
598 1106 777 1163 quan;
807 1091 982 1149 turbo
1026 1090 1316 1161 dispergit
1362 1096 1501 1147 ante
1530 1088 1949 1157 omnipotentis
1978 1087 2088 1141 Dei

415 1182 617 1241 oculos
661 1180 806 1252 (Job.
835 1196 955 1244 xxx,
994 1183 1102 1248 t8).
1139 1179 1331 1252 lniqui
1363 1179 1483 1241 vita
1508 1179 1732 1248 favilla
1772 1180 1883 1246 est,
1915 1175 2080 1247 quia,

415 1269 523 1328 etsi
551 1273 805 1343 apparet
842 1269 918 1325 ad
948 1273 1326 1325 momentum
1353 1268 1576 1335 viridis,
1610 1266 1687 1322 ab
1720 1266 1849 1337 ejus
1879 1269 2083 1320 tamen

409 1361 638 1435 judicio
665 1361 796 1433 jam
813 1365 1177 1432 consumpta
1202 1360 1481 1427 cernitur,
1500 1358 1643 1430 quia
1674 1356 2084 1428 consumptio-

414 1449 480 1507 ni
528 1455 617 1506 est
662 1455 900 1505 aeternae
931 1449 1240 1521 deputata,
1272 1449 1433 1504 hanc
1473 1447 1735 1503 favillam
1788 1446 1965 1503 turbo
1996 1445 2083 1501 di-

415 1538 660 1611 spergit,
693 1538 838 1611 quia
865 1541 1022 1595 Deus
1066 1539 1419 1615 manifestus
1450 1538 1662 1603 veniet,
1697 1537 1851 1591 Deus
1884 1540 2082 1589 noster

417 1634 473 1685 et
501 1644 623 1684 non
652 1628 869 1684 silebit.
902 1629 1069 1697 Ignis
1101 1630 1162 1683 in
1211 1634 1527 1697 conspectu
1581 1628 1708 1695 ejus
1739 1625 1993 1692 ardebit,
2027 1630 2079 1678 et

416 1719 481 1775 in
511 1719 770 1775 circuitu
803 1720 930 1788 ejus
958 1723 1269 1786 tempestas
1302 1718 1509 1773 valida
1534 1716 1723 1782 (Psal.
1758 1730 1905 1779 xux,
1927 1716 2077 1778 3,4).

2208 553 2313 606 Vos
2331 560 2526 609 autem
2556 556 2611 608 in
2661 569 2844 608 carne
2875 570 2989 607 non
3021 554 3179 620 estis,
3213 554 3316 608 sed
3347 555 3405 609 in
3437 554 3658 622 spiritu
3685 555 3878 623 (Rom.

2194 657 2315 708 Vill,
2342 647 2419 707 9).
2447 646 2645 715 Neque
2671 643 2829 697 enim
2852 644 2908 696 in
2939 658 3118 697 carne
3144 657 3264 696 non
3289 648 3476 705 erant,
3501 644 3604 714 qui
3624 659 3736 714 per
3757 660 3885 697 ma-

2194 729 2356 800 gistri
2392 732 2681 803 Epistolas
2699 730 3133 786 exhortationis
3157 731 3395 803 eloquia
3420 731 3881 804 suscipiebant-

2193 817 2299 872 sed
2328 820 2501 890 quasi
2524 820 2652 889 jam
2674 836 2795 875 non
2820 820 2877 873 in
2903 835 3081 875 carne
3108 835 3238 874 esse
3261 824 3372 889 est,
3395 820 3469 875 de
3491 836 3703 876 amore
3748 836 3877 884 car;

2192 908 2421 965 nalium
2464 910 2612 965 nihil
2656 910 2898 966 habere.
2934 914 3001 965 At
3030 915 3238 965 contra
3279 910 3524 982 iniquus
3558 910 3692 981 iste,
3725 910 3879 982 quia

2192 1014 2370 1054 omne
2399 999 2691 1067 gaudium
2724 1016 2901 1054 suum
2937 999 2997 1057 in
3030 999 3257 1057 carnali
3290 1001 3410 1056 vita
3434 1000 3659 1072 posuit,
3684 999 3749 1058 in
3788 1008 3876 1055 ta-

2188 1086 2516 1149 bernaculo
2539 1088 2736 1143 carnis
2757 1088 3051 1144 habitavit
3074 1106 3087 1156 ;
3120 1105 3307 1161 quani
3331 1089 3876 1145 videlicetcarnem

2190 1193 2329 1232 cum
2378 1179 2434 1232 in
2480 1178 2911 1233 resurrectione
2954 1178 3263 1248 receperit,
3298 1194 3434 1234 cum
3466 1195 3535 1234 ea
3566 1178 3873 1247 gehennae

2188 1265 2429 1334 ignibus
2460 1266 2712 1321 traditus
2744 1267 2996 1335 ardebit,
3023 1271 3163 1323 tunc
3194 1267 3272 1324 ab
3295 1284 3366 1324 ea
3397 1267 3571 1324 educi
3605 1266 3871 1340 appetit,

2190 1359 2329 1410 tunc
2360 1356 2490 1426 ejus
2516 1361 2815 1412 tormenta
2839 1356 3180 1425 evadere,si
3212 1358 3426 1423 valeat,
3455 1357 3693 1430 quaerit,
3718 1362 3872 1413 tunc

2187 1443 2392 1516 incipit
2418 1445 2565 1501 velle
2590 1446 2773 1501 vitare
2796 1445 2964 1518 quod
2995 1446 3251 1503 amavit:
3286 1446 3392 1502 sed
3418 1448 3559 1519 quia
3574 1445 3869 1510 eamdem

2188 1550 2429 1590 carnem
2465 1538 2581 1590 Deo
2612 1534 2960 1606 prteposuit,
2981 1535 3290 1606 judicante
3315 1539 3432 1591 Deo
3463 1536 3660 1606 agitur
3695 1540 3764 1599 ut
3796 1550 3869 1591 ex

2188 1640 2259 1679 ea
2291 1624 2552 1696 amplius
2602 1624 2662 1679 in
2708 1624 2846 1693 igne
2881 1625 3193 1681 crucietur.
3232 1626 3332 1681 Hie
3361 1625 3565 1697 itaque
3597 1640 3737 1687 eam
3772 1640 3870 1679 rc-

2186 1714 2455 1786 linquere
2487 1730 2609 1770 non
2642 1714 2785 1777 vult,
2805 1718 2862 1769 et
2894 1720 3095 1771 tamen
3126 1714 3202 1772 ab
3233 1731 3302 1773 ea
3318 1714 3709 1770 abstraliitur.
3742 1713 3871 1771 lllic

418 1807 630 1879 [Hujus
676 1806 837 1861 enim
897 1806 1265 1878 tempestatis
1312 1805 1548 1873 turbine
1598 1805 1676 1869 ab
1712 1803 1914 1859 interni
1945 1818 2082 1857 con-
2109 1820 2148 1875 Β
2186 1821 2322 1861 eam
2338 1803 2672 1875 relinquere
2705 1805 2950 1876 appetit,
2972 1809 3025 1861 et
3051 1803 3322 1860 tamenin
3346 1819 3416 1859 ea
3436 1809 3686 1875 propter
3718 1818 3867 1873 sup-

418 1900 628 1968 spectu
651 1895 870 1966 judicis
918 1894 1105 1967 iniqui
1153 1894 1487 1966 rapiuntur,
1521 1898 1577 1959 ct
1628 1894 1731 1965 qui
1771 1893 1866 1951 hic
1915 1908 2081 1948 men-

414 1990 535 2041 tem
580 1983 877 2039 desiderio
912 2000 1192 2057 perverso
1226 1983 1650 2053 solidavcrunt,
1683 1982 1761 2039 ibi
1804 1981 1990 2054 paleae
2024 1985 2079 2038 et

415 2073 625 2130 favillae
655 2073 1040 2143 videbuntur,
1072 2073 1217 2146 quia
1248 2089 1351 2129 eos
1398 2073 1477 2130 ad
1520 2078 1743 2130 {eterna
1783 2071 2077 2144 supplicia

414 2163 590 2219 turbo
658 2162 899 2237 rapiens
965 2163 1281 2236 asportet]
1335 2166 1377 2235 ἦ·
1438 2168 1497 2219 tn
1546 2162 1759 2218 eodem
1812 2162 1932 2233 (lib,
1993 2178 2074 2231 iv,

407 2253 692 2325 cap.l7l

479 2342 821 2413 [Devorabit
867 2357 997 2399 eum
1051 2342 1207 2412 ignis
1256 2343 1362 2414 qui
1406 2357 1525 2399 non
1557 2342 1941 2398 succenditur
1971 2338 2071 2410 [aL

402 2432 801 2489 succendetur
831 2431 984 2504 (Job.
1011 2448 1112 2500 xx,
1136 2431 1247 2504 26).
1280 2431 1419 2488 Miro
1448 2431 1620 2488 valde
1648 2430 1831 2486 modo
1864 2430 2073 2502 paucis

403 2520 605 2579 verbis
636 2536 960 2593 expressus
1015 2526 1106 2577 est
1151 2520 1307 2590 ignis
1351 2521 1662 2590 gehennae.
1707 2520 1863 2590 Ignis
1898 2535 2071 2575 nam-

403 2626 523 2685 que
553 2626 897 2683 corporeus,
935 2615 997 2666 ut
1040 2626 1169 2667 esse
1218 2609 1373 2679 ignis
1404 2609 1619 2673 valeat,
1650 2608 1951 2680 corporeis
1981 2606 2071 2663 in—

404 2699 569 2769 diget
593 2699 896 2768 fomentis,
929 2698 1036 2772 qui
1085 2715 1226 2754 cum
1272 2714 1518 2757 necesse
1557 2702 1650 2753 est
1692 2702 1756 2753 ut
1785 2701 2070 2764 servetur,

402 2804 512 2861 per
543 2792 833 2859 congesta
862 2787 1027 2857 ligna
1054 2786 1267 2859 procul
1308 2786 1496 2842 dubio
1524 2786 1801 2856 nutritur,
1834 2802 1945 2841 nec
1974 2802 2074 2841 va-

402 2875 485 2934 let
512 2876 628 2933 nisi
658 2893 984 2933 succensus
1023 2892 1157 2931 esse
1202 2880 1258 2932 et
1298 2875 1417 2933 nisi
1456 2875 1679 2932 refotus
1719 2875 2067 2932 subsistere.

402 2968 478 3023 At
504 2970 713 3021 contra
744 2966 1035 3035 gehennae
1086 2964 1240 3035 ignis
1280 2981 1420 3023 cum
1461 2964 1534 3021 sit
1575 2965 1986 3037 incorporeus,
2016 2968 2072 3019 et

402 3056 466 3112 in
517 3070 580 3110 se
628 3055 845 3111 missos
888 3055 1181 3127 reprobos
1237 3054 1624 3127 corporaliter
1676 3058 1905 3120 exurat,
1959 3070 2068 3109 nec

2186 1895 2365 1968 plicia
2397 1899 2685 1949 servatur.
2707 1893 2798 1949 Ad
2825 1899 3217 1963 augmentum
3248 1895 3455 1965 itaque
3484 1894 3780 1953 tormenti
3814 1898 3867 1946 et

2185 1984 2281 2038 hic
2313 1983 2388 2038 de
2415 1999 2666 2055 corpore
2699 1983 2909 2038 nolens
2954 1982 3243 2050 educitur,
3277 1988 3332 2038 et
3361 1981 3478 2041 illic
3505 1981 3568 2039 in
3596 1996 3864 2052 corpore

2186 2080 2417 2131 tenetur
2459 2074 2702 2131 invitus.
2739 2075 2889 2139 Quia
2932 2090 3074 2143 ergo
3113 2074 3242 2144 ejus
3292 2072 3533 2144 spiritus
3579 2087 3860 2136 carnem,

2182 2181 2369 2237 quam
2420 2164 2533 2220 sibi
2587 2163 2744 2220 male
2792 2163 3059 2221 amando
3098 2163 3445 2236 praeposuit,
3486 2160 3746 2219 evadere
3795 2162 3857 2217 in

2184 2259 2480 2310 tormento
2525 2254 2703 2321 volet,
2736 2258 2792 2311 et
2831 2270 2953 2309 non
2995 2253 3168 2324 valet,
3198 2259 3354 2308 recte
3393 2267 3553 2311 nunc
3592 2250 3854 2311 dicitur:

2183 2342 2481 2413 adligetur
2510 2343 2750 2400 relictus
2800 2343 2861 2399 in
2907 2342 3296 2401 tabernaculo
3346 2339 3503 2411 suo.]
3527 2340 3565 2407 τ
3593 2338 3759 2400 idem
3791 2339 3857 2395 in

2181 2432 2334 2488 libro
2364 2447 2528 2489 nono
2555 2433 2711 2503 (cap.
2749 2435 2859 2502 38).

2252 2523 2319 2593 [A
2331 2528 2612 2593 ntequam
2634 2523 2849 2577 vatiam
2863 2526 2916 2577 et
2938 2537 3058 2576 non
3077 2525 3350 2576 revertar
3362 2520 3442 2577 ad
3454 2526 3678 2577 terram
3695 2524 3856 2577 tene-

2183 2612 2416 2669 brosam
2436 2618 2491 2667 et
2513 2617 2779 2681 opertam
2804 2612 3010 2667 mort-is
3034 2610 3295 2679 caligine
3315 2610 3329 2675 ί
3338 2611 3468 2667 Job.
3493 2626 3554 2673 ι,
3574 2612 3632 2665 2t
3648 2610 3738 2679 ).0
3751 2608 3855 2663 uid

2179 2701 2342 2756 enim
2384 2706 2556 2757 terrae
2609 2700 2940 2757 tenebrosae
2994 2698 3240 2754 nomine
3290 2698 3404 2753 nisi
3454 2702 3607 2757 terra
3644 2697 3851 2757 tartari

2180 2789 2440 2845 claustra
2469 2791 2805 2859 signantur,
2832 2806 2968 2861 quin
2992 2792 3228 2843 aeternae
3262 2787 3467 2845 mortis
3490 2785 3683 2855 caligo
3703 2801 3853 2856 ope-

2181 2879 2293 2934 rit?
2308 2878 2452 2951 quia
2468 2880 2792 2934 damnatos
2814 2893 3093 2950 quosque
3109 2877 3171 2932 in
3193 2882 3554 2949 perpetuum
3569 2890 3606 2935 a
3620 2875 3746 2936 vita
3765 2874 3850 2933 lu-

2180 2968 2263 3022 eis
2283 2968 2410 3038 [at.,
2429 2968 2550 3023 vita
2578 2968 2731 3037 luce]
2765 2967 3055 3038 disjungit
3078 2984 3090 3021 :
3123 2982 3234 3021 nec
3254 2965 3553 3023 immerito
3572 2964 3846 3021 infernus

2178 3062 2337 3113 terra
2383 3057 2617 3126 dicitur,
2650 3057 2795 3128 quia
2842 3056 3051 3129 quiqui
3092 3054 3225 3129 [al.,
3257 3055 3624 3128 quicunque]
3664 3053 3744 3111 ab
3775 3070 3845 3109 eo

402 3143 603 3201 studio
643 3145 914 3200 humano
963 3144 1364 3213 succenditur,
1396 3160 1507 3199 nec
1548 3143 1724 3213 lignis
1773 3145 2065 3201 nutritur:
2100 3177 2141 3234 Ο
2181 3144 3841 3219 captifuerinlstabilitertenentur.Scriptumquippeest:

402 3233 511 3307 sed
560 3238 796 3290 creatus
847 3233 1054 3299 semel,
1101 3234 1280 3290 durat
1317 3233 1810 3304 inextinguibilis,
1840 3238 1897 3290 et
1942 3251 2069 3289 suc-

403 3323 687 3380 censione
716 3339 839 3387 non
894 3323 1139 3394 indiget,
1173 3327 1229 3378 et
1274 3323 1490 3380 ardore
1540 3339 1666 3380 non
1701 3327 1879 3381 caret.
1918 3326 2068 3381 Bene

402 3428 545 3484 ergo
576 3412 651 3468 de
694 3413 810 3469 hoc
846 3412 1054 3485 iniquo
1097 3412 1351 3470 dicitur:
1398 3413 1711 3469 Devorabit
1740 3428 1873 3468 eum
1915 3414 2068 3481 ignis

403 3502 509 3574 qui
536 3516 657 3556 non
683 3501 1089 3557 succenditur.
1124 3501 1277 3568 (Job.
1309 3517 1410 3570 xx,
1442 3502 1553 3572 26.)
1576 3492 1577 3499 “
1597 3501 1748 3567 Quia
1779 3500 2066 3574 Omnipo-

404 3588 580 3656 tentis
617 3589 846 3659 justitia
892 3589 1227 3645 futurorum
1279 3589 1550 3664 praescia,
1583 3589 1662 3646 ab
1691 3590 1824 3663 ipsa
1855 3589 2069 3647 mundi

402 3676 635 3757 origine
663 3677 955 3749 gehennae
1003 3677 1206 3748 ignem
1236 3678 1480 3745 creavit,
1509 3679 1614 3751 qui
1659 3678 1722 3734 in
1764 3695 1946 3751 pains.
1974 3696 2065 3734 re-

400 3766 736 3845 proborum
796 3783 929 3823 esse
995 3765 1180 3823 semel
1232 3766 1553 3838 inciperet:
1615 3768 1718 3823 sed
1788 3767 2067 3825 ardorem

401 3873 581 3935 suum
613 3856 794 3914 etiam
819 3857 947 3912 sine
968 3855 1145 3927 lignis
1166 3871 1487 3929 nunquam
1508 3855 1723 3912 ﬁniret.
1746 3856 2067 3913 Sciendum

396 3960 541 4002 vero
567 3951 658 4003 est
687 3946 853 4021 quod
879 3961 1089 4003 omnes
1116 3944 1379 4017 reprobi,
1400 3945 1542 4018 quia
1564 3961 1638 4002 ex
1661 3944 1865 4015 anima
1887 3945 2067 4002 simul

398 4037 458 4111 et
499 4050 679 4092 carne
726 4040 1147 4109 peccaverunt,
1201 4035 1319 4091 illic
1368 4035 1433 4091 in
1480 4036 1686 4092 anima
1736 4035 1959 4108 pariter
2010 4039 2069 4099 et

398 4139 578 4193 carne
627 4126 988 4182 cruciantur.
1026 4124 1192 4181 Unde
1234 4140 1341 4197 per
1384 4124 1768 4182 Psalmistam
1814 4124 2062 4182 dicitur:

395 4212 590 4269 Penes
622 4230 716 4269 eos
771 4219 839 4269 ut
881 4214 1187 4270 clibanum
1234 4215 1411 4285 ignis,
1438 4215 1501 4269 in
1554 4220 1814 4285 tempore
1864 4215 2065 4271 vultus

398 4301 490 4373 tui
506 4314 531 4371 ;
554 4304 843 4358 Dominus
873 4302 936 4357 in
970 4303 1062 4358 ira
1100 4318 1211 4377 sua
1260 4302 1638 4361 conturbabit
1670 4318 1762 4360 eos
1793 4310 1846 4360 et
1886 4304 2061 4361 devo-

397 4388 556 4457 rabit
608 4405 701 4446 eos
753 4391 910 4461 ignis
954 4391 1142 4460 (Psal.
1190 4408 1291 4459 xx,
1344 4394 1452 4460 10).
1484 4391 1767 4449 Clibanus
1795 4408 2061 4465 namque

394 4477 754 4537 intrinsecus
780 4477 984 4547 ardet;
1018 4478 1070 4534 is
1098 4495 1240 4535 vero
1280 4480 1385 4553 qui
1427 4481 1506 4536 ab
1544 4481 1685 4552 igne
1714 4481 2054 4551 devoratur,

394 4556 475 4639 ab
505 4567 780 4624 exteriori
807 4566 1014 4640 incipit
1057 4572 1227 4642 parte
1267 4569 1657 4625 concremari.
1694 4572 1762 4626 Ut
1788 4585 1929 4640 ergo
1961 4586 2056 4627 sa—

393 4670 496 4713 cra
526 4655 768 4730 eloquia
795 4656 1004 4713 ardere
1035 4662 1092 4713 et
1121 4658 1379 4714 exterius
1409 4662 1465 4714 et
1492 4658 1737 4714 interius
1767 4658 2060 4731 reprobos

392 4745 895 4813 demonstrarent,
929 4764 1032 4802 eos
1071 4751 1127 4804 et
1170 4747 1249 4804 ab
1298 4748 1437 4817 igne
1480 4747 1776 4814 devorari,
1808 4752 1864 4805 et
1905 4747 2062 4804 sicut

392 4837 700 4895 clibanum
729 4836 875 4911 poni
917 4841 1224 4907 testantur,
1256 4842 1323 4895 ut
1352 4855 1459 4911 per
1490 4838 1692 4909 ignem
1721 4839 2060 4896 crucientur

390 4926 455 4983 in
486 4942 760 5000 corpore,
779 4930 834 4982 et
856 4942 963 4999 per
983 4926 1257 4983 dolorem
1282 4928 1535 4984 ardeant
1559 4928 1622 4984 in
1645 4932 1864 4985 mente.
1894 4928 2058 4984 Unde

389 5014 488 5071 hic
517 5032 784 5091 quoque,
817 5032 957 5072 cum
978 5016 1054 5073 de
1082 5017 1198 5074 hoc
1218 5017 1407 5090 impio
1428 5017 1723 5074 diceretur
1748 5019 2057 5075 devorabat

390 5121 524 5162 eum
553 5107 710 5177 ignis
739 5108 844 5179 qui
886 5124 1008 5164 non
1054 5108 1461 5179 succenditur,
1492 5109 1767 5184 protinus
1804 5108 1880 5165 de
1923 5109 2054 5181 ejus

392 5193 605 5273 spiritu
634 5193 911 5250 additur:

459 5283 781 5355 Afﬂigitur
802 5282 819 5354 Ι
825 5283 901 5339 a1.
915 5325 928 5351 ,
951 5286 1287 5356 afﬂigetur]
1305 5288 1551 5344 relictus
1577 5287 1640 5345 in
1665 5288 2054 5345 tabernaculo

386 5388 529 5444 suo;
556 5371 751 5445 iniqui
774 5372 936 5428 enim
957 5373 1420 5431 tabernaculum
1443 5392 1583 5433 caro
1603 5380 1690 5432 est
1710 5377 2052 5452 (Job.xvnr),

385 5462 535 5536 quia
552 5460 751 5534 ipsam
772 5460 944 5518 laetus
965 5462 1282 5532 inhabitat,
1298 5468 1374 5534 et,
1391 5464 1442 5520 si
1459 5465 1533 5521 sit
1550 5466 2052 5540 possibile,optat,

386 5556 454 5608 ut
469 5567 604 5607 eam
622 5568 940 5626 nunquam
954 5553 1273 5627 relinquat,
1276 5555 1297 5625 j
1308 5555 1751 5629 ustivero,quia
1762 5558 2053 5628 gaudium

389 5640 645 5697 suumin
664 5656 769 5713 spe
794 5642 1125 5698 caelestium
1147 5649 1726 5719 ponunt,eorumque
1746 5662 2055 5704 conversa-

389 5729 470 5781 tio
493 5730 554 5782 in
583 5730 743 5784 caelis
775 5737 857 5785 est
892 5732 1074 5803 (Phil.
1100 5748 1180 5802 ιιι,
1200 5736 1313 5799 20),
1338 5737 1555 5789 etcum
1575 5736 1774 5791 adhuc
1797 5736 1858 5791 in
1875 5753 2054 5793 carne

392 5816 554 5879 sunt,
573 5816 745 5885 quasi
769 5816 834 5873 in
852 5834 1031 5876 carne
1038 5820 1171 5890 jam
1188 5835 1315 5876 non
1341 5825 1502 5895 sunt,
1526 5822 1846 5898 qmanulla
1856 5826 2054 5897 carnis

2086 4534 2133 4592 D

2183 3238 2497 3293 Generatio
2511 3237 2812 3304 prieterit,
2835 3240 2887 3292 et
2908 3236 3213 3305 generatio
3237 3235 3500 3303 aduenit,
3520 3238 3685 3289 terra
3708 3247 3844 3288 vero

2179 3329 2242 3382 in
2274 3333 2564 3383 wternum
2589 3333 2729 3382 stat.
2765 3326 2941 3381 Recte
2968 3325 3146 3395 igitur
3167 3323 3383 3380 inferni
3405 3323 3667 3379 claustra
3686 3326 3843 3379 tene-

2177 3414 2359 3471 brosa
2375 3421 2531 3472 terra
2552 3414 2962 3476 nominantur,
2986 3414 3132 3486 quia
3152 3429 3307 3485 quos
3332 3411 3671 3485 puniendos
3692 3410 3841 3468 acci-

2176 3505 2369 3577 piunt,
2403 3520 2794 3577 nequaquam
2826 3520 3008 3576 prena
3038 3504 3383 3559 transitoria
3402 3501 3497 3559 vel
3526 3500 3844 3558 fantastica

2175 3593 2608 3662 imaginatione
2625 3593 2911 3659 cruciant,
2937 3592 3042 3649 sed
3064 3592 3286 3649 ultione
3318 3590 3511 3647 solida
3537 3593 3841 3663 perpetuae

2176 3683 2582 3738 damnationis
2602 3687 2860 3739 servant.
2880 3684 3021 3745 Quae
3040 3681 3367 3755 aliquando
3390 3680 3721 3739 tamenloci
3740 3697 3843 3752 ap-

2175 3773 2495 3846 pellatione
2535 3772 2868 3843 signantur,
2902 3773 3199 3845 propheta
3223 3776 3555 3838 attestante,
3590 3770 3697 3843 qui
3726 3770 3838 3827 ait:

2175 3864 2589 3919 Portaverunt
2606 3864 3001 3933 ignominiam
3023 3878 3195 3918 suam
3216 3877 3349 3918 cum
3379 3860 3470 3917 his
3492 3862 3598 3932 qui
3611 3861 3839 3917 descen-

2176 3952 2329 4008 dunt
2376 3953 2440 4008 in
2475 3953 2670 4009 lacum
2707 3953 2944 4019 (Ezech.
2978 3967 3134 4019 xxvr,
3161 3955 3274 4017 20).
3302 3950 3574 4006 lnternus
3615 3965 3758 4019 ergo
3787 3954 3840 4005 et

2174 4047 2332 4103 terra
2360 4042 2709 4099 nominatur
2733 4043 2879 4116 quia
2909 4048 3222 4114 susceptos
3260 4040 3551 4097 stabiliter
3575 4044 3755 4109 tenet,
3784 4044 3839 4097 et

2171 4132 2340 4190 lacus
2367 4132 2583 4188 dicitur
2611 4132 2757 4206 quia
2786 4133 2897 4189 hos
2926 4148 3084 4204 quos
3113 4130 3301 4187 semel
3329 4129 3571 4202 ceperit,
3606 4145 3838 4202 semper

2172 4221 2532 4278 ﬂuctuantes
2563 4225 2619 4277 et
2648 4220 2913 4293 trepidos
2946 4220 3254 4277 tormentis
3282 4218 3836 4275 circumﬂuentibus

2173 4311 2475 4369 absorbet.
2524 4314 2775 4368 Sanctus
2835 4315 3038 4367 autem
3098 4310 3186 4366 vir
3239 4309 3362 4364 sive
3412 4323 3522 4364 sua
3575 4324 3685 4364 seu
3730 4308 3836 4363 hu-

2172 4400 2338 4457 mani
2364 4400 2597 4469 generis
2626 4417 2773 4457 voce
2819 4399 3037 4456 dimitti
3079 4415 3141 4455 se
3186 4397 3469 4471 postulat,
3511 4402 3831 4468 antequam

2172 4491 2394 4562 vadat;
2416 4506 2541 4546 non
2561 4490 2707 4563 quia
2731 4489 2811 4546 ad
2824 4494 3044 4546 terram
3068 4488 3452 4544 tenebrosam
3473 4486 3579 4559 qui
3594 4486 3835 4558 culpam

2170 4579 2531 4636 deﬂecturus
2563 4583 2669 4647 est,
2699 4582 2802 4635 sed
2830 4580 2976 4651 quia
3007 4578 3085 4634 ad
3114 4579 3272 4635 hanc
3298 4576 3509 4650 procul
3530 4575 3717 4633 dubio
3733 4576 3836 4648 qui

2169 4668 2456 4741 plangere
2481 4668 2745 4740 neglexit
2776 4670 2904 4740 tab,
2938 4668 3223 4740 negligit],
3254 4667 3437 4723 vadit.
3475 4666 3634 4724 Sicut
3675 4666 3834 4722 debi-

2170 4758 2283 4814 tori
2312 4774 2421 4813 suo
2453 4758 2709 4813 creditor
2739 4758 2882 4813 dicit
2907 4775 2919 4813 :
2973 4758 3142 4814 Solve
3174 4756 3445 4812 debitum
3476 4755 3831 4828 priusquam

2167 4862 2279 4919 pro
2309 4846 2511 4903 debito
2536 4846 2999 4917 constringaris;
3031 4847 3136 4919 qui
3167 4851 3369 4902 tamen
3393 4860 3518 4900 non
3546 4842 3831 4900 constrin-

2169 4935 2343 5005 gitur,
2379 4934 2621 5008 siquod
2648 4935 2826 4992 debet
2868 4935 3097 4993 solvere
3140 4951 3263 4992 non
3314 4937 3602 4991 moratur.
3641 4933 3750 4990 Ubi
3780 4938 3830 4989 et

2164 5027 2322 5079 recte
2349 5023 2658 5079 subditur:
2706 5025 2844 5080 Non
2891 5030 3207 5095 revertar;
3247 5023 3395 5095 quia
3440 5037 3827 5094 nequaquam

2163 5114 2322 5169 ultra
2351 5113 2765 5171 misericordia
2792 5114 3091 5187 parcentis
3119 5113 3333 5171 liberat
3369 5127 3528 5184 quos
3559 5111 3744 5167 semel
3770 5112 3828 5167 in

2161 5203 2310 5260 locis
2343 5204 2685 5278 pcenalibus
2715 5205 2937 5276 justitia
2988 5204 3317 5276 judicantis
3371 5203 3659 5259 damnat:
3697 5219 3823 5275 quae

2162 5293 2364 5351 adhuc
2422 5294 2697 5351 subtilius
2744 5295 2880 5352 loca
2921 5294 3362 5351 describuntur.
3419 5297 3563 5351 Cum
3617 5292 3824 5349 dicitur

2161 5390 2328 5441 terra
2355 5386 2608 5443 miseria:
2638 5392 2693 5442 et
2737 5387 3140 5448 tenebrarum,
3178 5384 3422 5441 miseria
3460 5382 3538 5439 ad
3564 5382 3824 5439 dolorem

2159 5474 2438 5545 pertinet,
2470 5479 2527 5531 et
2558 5474 2819 5530 tenebrae
2854 5474 2933 5531 ad
2962 5474 3316 5530 caecitatem.
3348 5476 3432 5530 Ea
3461 5487 3607 5541 ergo
3632 5488 3765 5544 quae
3789 5487 3825 5527 a

2162 5567 2490 5635 conspectu
2546 5563 2797 5620 districti
2821 5563 3040 5634 judicis
3068 5562 3350 5635 expulsos
3380 5565 3539 5617 tenet
3575 5559 3820 5616 miseriae

2162 5657 2217 5707 et
2249 5652 2636 5709 tenebrarum
2684 5658 2844 5710 terra
2890 5652 3259 5725 perhibetur,
3292 5651 3436 5724 quia
3482 5650 3631 5706 toris
3660 5649 3825 5705 dolor

2164 5741 2388 5797 cruciat
2418 5759 2573 5814 quos
2619 5744 2844 5800 divisos
2879 5760 2915 5800 θ.
2950 5758 3088 5801 vero
3133 5742 3358 5798 lumine
3404 5742 3562 5796 intus
3593 5740 3820 5795 cuicitas

2162 5829 2479 5900 obseurat;
2512 5847 2694 5903 quam
2703 5832 2790 5891 vis
2805 5831 3063 5891 miseriae
3087 5835 3146 5889 et
3166 5830 3555 5889 tenebrarum
3576 5833 3732 5899 terra
3743 5829 3821 5886 in-
