3936 6388
92 269 222 335 μιν

1011 265 1102 320 DE
1141 260 1819 330 ΡΠΔΕΠΕΒΤΙΝΑΤΙΟΝΕ
1855 261 2133 324 CONTRA
2171 263 2225 322 ,ις
2264 261 2558 325 SCOI'UM.

3383 263 3521 328 £880

90 389 262 460 telligi
292 391 347 446 et
376 387 543 446 aliter
567 390 780 459 potest.
837 391 984 444 Nam
1032 388 1161 444 hmo
1205 403 1452 461 quoque
1501 391 1654 444 terra
1692 383 1751 438 in
1783 392 1826 448 Α
1875 385 2032 449 iouis
2067 387 2458 448 damnatione
2489 385 2742 446 dicitur:
2791 385 3096 452 Quantum
3131 385 3425 444 exultavit
3466 397 3527 442 se

87 497 206 552 qua
234 479 560 546 nascimur,
578 482 663 532 est
684 477 932 549 quidem
957 477 1343 546 miseriae,sed
1368 475 1752 543 tenebrarum

87 586 210 626 non
238 574 346 639 est,
376 569 522 642 quia
551 566 741 628 multa
781 567 878 623 hic
911 568 1311 641 corruptionis
1339 571 1558 627 nostris
1592 563 1755 620 mala

88 660 370 731 patimur,
404 657 510 714 sed
540 662 744 714 tamen
775 657 974 714 adhuc
1001 658 1062 713 in
1110 673 1180 713 ea
1202 673 1309 730 per
1341 654 1748 719 conversionis

89 747 341 818 gratiam
363 746 440 802 ad
464 745 660 804 lucem
695 743 963 804 redimus
999 745 1239 808 veritate
1273 744 1586 804 suadente,
1616 757 1751 813 quae

89 837 206 904 ait:
237 836 561 898 ,ttmbutate
590 835 734 896 dum
771 837 961 894 lucem
996 835 1246 905 habetis,
1278 850 1352 890 ne
1374 849 1472 890 vos
1502 831 1757 891 tenebrae

91 925 594 996 comprehendant
619 924 814 994 (Joan.
843 941 944 991 xu,
969 927 1078 986 35).
1115 924 1216 989 Illa
1251 939 1388 980 vero
1419 919 1600 978 simul
1645 923 1754 975 mi-

87 1017 256 1077 serias
285 1021 340 1071 et
390 1014 775 1072 tenebrarum
835 1019 989 1070 terra
1028 1017 1134 1078 est,
1185 1014 1330 1085 quia
1370 1009 1649 1083 quisquis
1677 1007 1757 1064 ad

91 1103 404 1168 toleranda
427 1103 557 1173 ejus
586 1101 748 1158 mala
778 1102 1175 1172 descenderit,
1198 1115 1591 1172 nequaquam
1615 1096 1758 1156 ulte-

87 1193 212 1258 rius
233 1193 311 1248 ad
335 1193 532 1254 lucem
563 1191 736 1246 redit.
771 1195 833 1247 In
867 1191 1040 1261 cujus
1101 1190 1300 1246 adhuc
1359 1186 1758 1260 descriptione

87 1283 512 1353 subiungitur:
554 1282 666 1337 Ubi
713 1280 928 1349 umbra
983 1282 1209 1348 mortis,
1262 1285 1314 1336 et
1355 1279 1564 1341 nullus
1613 1275 1760 1332 ordo

85 1372 241 1442 (Job.
275 1387 332 1440 ζ,
359 1373 447 1440 22)
467 1385 490 1424 .·
541 1370 702 1428 Sicut
730 1386 894 1431 mors
925 1369 1182 1435 exterior
1212 1368 1292 1428 ab.
1321 1367 1526 1430 anima
1549 1363 1762 1422 dividit

86 1476 354 1526 carnem,
389 1461 468 1516 ita
490 1475 652 1514 mors
699 1458 942 1516 inferior
971 1475 1007 1514 a
1036 1460 1153 1512 Dco
1185 1461 1425 1528 separat
1465 1454 1757 1517 animam.

89 1548 261 1604 Umb:
281 1564 312 1602 a
347 1564 492 1616 ergo
523 1547 735 1602 mortis
765 1551 853 1602 est
884 1547 1220 1602 obscuritas
1245 1544 1488 1600 visionis
1517 1539 1759 1613 [at.,di-

88 1636 384 1709 visionis],
420 1635 563 1708 quia
594 1635 920 1692 damnatus
949 1631 1760 1707 quisquecumaetcrnoigne

1867 483 1920 532 et
1953 479 2015 538 in
2047 478 2279 535 deliciis
2307 478 2452 546 fuit,
2504 481 2740 540 tantum
2789 475 2932 539 date
2972 476 3071 538 illi
3119 479 3418 542 tormenta
3470 479 3527 536 et

1868 567 2096 626 tactum
2126 567 2335 637 (Apoc,
2370 581 2532 636 xvui,
2580 565 2656 635 7).
2715 563 2775 627 Si
2815 563 2997 634 igitur
3047 564 3221 636 juxta
3271 563 3522 630 modum

1867 655 2062 728 culpae
2105 671 2290 728 poena
2332 654 2736 724 distinguitur,
2769 656 3009 718 constat
3035 652 3326 718 nimirum
3359 652 3529 728 quod

1868 744 1930 804 in
1965 744 2274 817 suppliciis
2304 744 2454 808 ordo
2487 746 2795 810 servatur;
2824 745 2882 798 et
2924 741 3039 804 nisi
3087 745 3528 814 tormentorum

1866 850 2174 896 summam
2196 835 2547 898 meritorum
2588 837 2722 898 acta
2741 831 3109 899 dirimerent,
3134 846 3531 904 nequaquam

1861 922 2050 994 judcx
2071 924 2317 986 veniens
2340 922 2642 980 dicturum
2668 938 2730 978 se
2760 921 3132 986 messoribus
3153 936 3288 978 esse
3333 919 3529 992 perhi-

1864 1011 2064 1072 beret:
2104 1013 2379 1082 Cottigite
2398 1013 2659 1081 primum
2691 1011 2949 1077 zizania,
2999 1015 3054 1066 et
3103 1011 3291 1080 ligata
3352 1024 3424 1068 ea
3465 1009 3530 1065 in

1865 1102 2192 1171 fasciculos
2220 1102 2300 1162 ad
2347 1101 2813 1165 comburendum
2874 1099 3114 1172 (Matth.
3167 1115 3292 1162 xm,
3323 1101 3436 1168 30).
3469 1096 3530 1154 Si

1867 1190 2030 1255 enim
2060 1190 2262 1248 nullus
2291 1191 2350 1256 in
2372 1190 2684 1262 suppliciis
2711 1189 2862 1248 ordo
2887 1189 3357 1254 servabitur,cur
3373 1203 3536 1258 com-

1868 1279 2144 1344 burenda
2175 1280 2398 1346 zizania
2429 1279 2493 1336 in
2521 1278 2820 1343 fasciculis
2846 1278 3161 1349 ligantur?
3209 1277 3323 1340 Sed
3356 1276 3531 1340 nimi-

1869 1384 2005 1428 rum
2037 1368 2355 1436 fasciculos
2386 1369 2465 1437 ad
2493 1367 2979 1435 comburendum
3034 1366 3222 1438 ligare
3264 1370 3373 1437 est,
3421 1367 3533 1428 hos

1869 1460 1974 1531 qui
2002 1464 2223 1516 aeterno
2246 1460 2372 1529 igni
2397 1459 2671 1518 tractandi
2698 1463 2838 1515 sunt
2868 1475 3044 1531 pares
3071 1458 3324 1531 paribus
3343 1457 3534 1520 socia-

1868 1564 1952 1611 re,
1997 1554 2061 1604 ut
2085 1565 2240 1621 quos
2266 1549 2474 1604 similis
2505 1547 2684 1621 culpa
2712 1548 2990 1620 inquinat
3019 1563 3128 1620 par
3150 1547 3332 1607 etiam
3353 1561 3536 1619 pcnna

1872 1639 2267 1706 constringat,
2301 1642 2358 1693 et
2399 1637 2506 1710 qui
2547 1653 2942 1709 nequaquam
2972 1636 3200 1712 dispari
3224 1635 3535 1708 iniquitate

90 1725 492 1790 succmnlitur,
527 1724 606 1780 ab,
626 1724 861 1779 interno
891 1723 1118 1780 lumine
1154 1722 1518 1784 tcncliratur,
1540 1724 1760 1780 Natura
1791 1747 1832 1804 Β
1873 1727 2083 1799 polluti
2115 1731 2272 1792 sunt,
2308 1743 2705 1799 nequaquam
2745 1726 2974 1799 dispari
3039 1729 3338 1794 tormento
3397 1741 3533 1782 cru.

89 1832 233 1871 vero
258 1814 412 1884 ignis
443 1819 550 1882 est,
577 1818 641 1868 ut
671 1829 739 1869 ex
772 1812 972 1885 scipso
1013 1818 1068 1868 et
1123 1811 1323 1870 lucem
1355 1811 1654 1878 exhibeat,
1699 1815 1763 1865 ut

91 1903 777 1971 concremationem,sed
809 1907 1249 1966 transactorum
1275 1900 1375 1966 illa
1397 1900 1573 1956 ultrix
1595 1899 1762 1956 ﬂam-

89 2011 195 2053 ma
225 1993 502 2050 vitiorum
535 1992 1083 2050 concremationcm
1117 1991 1302 2052 liabet
1331 1995 1386 2046 et
1414 1989 1612 2050 lucem
1641 2004 1762 2044 non

89 2084 292 2142 habet.
320 2084 466 2137 Hinc
494 2087 584 2140 est
612 2082 772 2138 enim
821 2080 987 2152 quod
1018 2080 1288 2151 reprobis
1335 2079 1563 2136 Veritas
1593 2077 1760 2138 dicit:

85 2173 385 2230 Discedite
424 2188 460 2228 a
489 2187 598 2241 me,
629 2171 955 2231 maledicti,
992 2171 1053 2224 in.
1077 2171 1272 2239 ignem
1309 2174 1623 2238 aeternum,
1660 2167 1769 2241 qui

84 2275 348 2334 paratus
383 2269 462 2320 est
491 2263 730 2319 diabolo
752 2269 807 2318 et
831 2262 1062 2332 angelis
1081 2264 1212 2330 ejus
1234 2259 1476 2331 (Matth.
1507 2258 1760 2330 xxvm);

89 2370 354 2426 quorum
389 2369 594 2408 rursus
623 2353 900 2408 omnium
934 2367 1156 2422 corpus
1192 2351 1253 2406 in
1287 2349 1470 2408 unius.
1500 2363 1765 2422 persona

91 2444 463 2513 signiticaos,
511 2441 692 2501 dicit:
732 2443 946 2512 Ligate
999 2442 1052 2497 ei
1098 2456 1312 2496 manus
1363 2446 1413 2494 et
1459 2439 1660 2509 pedes,
1712 2442 1767 2496 et

94 2535 314 2590 mittite
334 2549 466 2588 eam
491 2533 552 2587 in
587 2531 861 2587 tenebras
887 2531 1214 2586 exteriores
1238 2529 1626 2600 (Matth.xxu,
1663 2526 1764 2597 l3).

95 2623 150 2678 Si
174 2622 383 2694 itaque
416 2622 572 2691 ignis
601 2620 707 2693 qui
729 2619 1021 2692 reprobos
1047 2619 1293 2688 cruciat,
1312 2618 1520 2674 lumen
1543 2617 1769 2678 habere

88 2712 404 2783 potuisset,
427 2711 476 2766 is
503 2710 608 2782 qui
640 2709 966 2782 repellitur,
996 2723 1388 2780 nequaquam
1419 2705 1571 2762 mitti
1597 2705 1659 2764 in
1686 2709 1768 2761 te-

88 2801 316 2856 nebras
346 2799 660 2855 diceretur.
697 2798 844 2854 Hinc
870 2797 1052 2853 etiam
1089 2795 1406 2851 Psalmista
1437 2794 1521 2850 ait
1547 2795 1771 2866 :Supes'

92 2906 191 2946 eos
221 2889 434 2946 cecidit
463 2889 640 2959 ignis,
676 2894 730 2944 et
762 2904 882 2944 non
903 2888 1182 2942 viderant
1210 2887 1388 2941 solem
1423 2885 1608 2956 (Psat.
1634 2900 1766 2950 Lm,

93 2980 146 3050 9)
172 2998 183 3035 :
217 2979 377 3049 ignis
399 2979 561 3034 enim
593 2993 774 3049 super
795 2977 1013 3048 impios
1039 2976 1218 3042 cadit,
1252 2973 1341 3030 sol
1363 2974 1498 3044 igne
1521 2973 1770 3028 cadente

93 3083 222 3124 non
256 3067 553 3123 cernitur:
584 3065 727 3137 quia
761 3080 883 3135 quo
917 3065 1048 3120 illos
1081 3065 1370 3133 gehennae
1401 3063 1649 3120 ﬂamma
1672 3060 1771 3115 dc—
1802 3104 1847 3161 Ο

91 3161 286 3224 vorat,
317 3172 354 3211 a
385 3155 614 3212 visione
647 3153 769 3214 veri
797 3152 1045 3209 luminis
1066 3155 1268 3218 caecat,
1303 3155 1365 3206 ut
1396 3165 1469 3204 ex
1497 3149 1641 3204 foris
1669 3164 1770 3208 eos

93 3245 271 3308 dolor
303 3243 744 3303 combustionis
775 3241 1018 3308 cruciet,
1054 3246 1109 3301 et
1165 3240 1327 3296 intus
1385 3254 1568 3312 poena
1608 3236 1774 3298 caeci-

95 3336 234 3404 tatis
267 3335 570 3390 obscuret.
608 3333 919 3396 Quatenus
955 3329 1062 3404 qui
1102 3328 1334 3394 auctori
1365 3344 1480 3384 suo
1523 3342 1773 3402 corpore

95 3431 144 3480 et
178 3421 367 3487 corde
407 3420 812 3495 deliquerunt,
848 3418 1030 3477 simul
1059 3433 1308 3492 corpore
1360 3421 1416 3474 et
1442 3416 1618 3472 corde
1668 3431 1774 3492 pu-

95 3513 372 3578 niantur,
403 3515 462 3567 et
483 3509 808 3582 utrobique
835 3524 1048 3584 poenas
1085 3508 1345 3564 sentiant
1364 3507 1468 3580 qui
1499 3506 1646 3581 dum
1677 3503 1772 3568 hic

95 3603 370 3659 viverent
423 3599 630 3674 pravis
670 3599 794 3654 suis
855 3597 1352 3656 delectationibus
1402 3613 1473 3654 ex
1522 3601 1773 3667 utroque

100 3692 466 3751 serviebant.
505 3689 666 3757 Unde
681 3689 839 3746 bene
859 3705 961 3762 per
979 3688 1339 3762 prophetam
1357 3687 1571 3747 dicitur
1590 3703 1603 3741 :
1627 3687 1773 3745 Des-

98 3784 436 3842 cenderam
481 3783 545 3836 in
597 3780 907 3850 infernum
963 3795 1094 3834 cum
1135 3778 1322 3834 atmiis
1373 3779 1494 3836 suis
1537 3777 1770 3850 (Ezech.

99 3888 291 3942 xxx",
327 3874 437 3943 27),
472 3872 656 3926 Arma
682 3869 907 3942 quippe
931 3867 1311 3941 peccantium
1345 3865 1776 3924 suntmembra

99 3961 374 4036 corporis
393 3960 618 4034 quibus
644 3974 931 4035 perversa
953 3956 1252 4013 desideria
1271 3973 1408 4031 quae
1429 3955 1779 4029 concipiunt

98 4056 537 4125 exsequuntur.
574 4049 740 4106 Unde
771 4053 930 4106 recte
953 4063 1060 4120 per
1090 4046 1343 4104 Paulum
1373 4045 1588 4101 dicitur
1615 4064 1628 4101 :
1661 4046 1777 4102 Ne-

99 4158 210 4214 que
257 4141 594 4200 exhibeatis
636 4139 903 4196 membra
957 4142 1159 4193 vestra
1207 4151 1383 4192 αντηα
1442 4135 1776 4207 iniquitatis

95 4237 344 4300 peccato
367 4232 556 4302 (Rom.
586 4246 664 4296 vx,
703 4229 806 4300 l3):
839 4243 978 4283 cum
1001 4225 1188 4282 armis
1211 4241 1354 4294 ergo
1375 4224 1454 4280 ad
1474 4223 1774 4288 internum

98 4319 468 4378 descendere
499 4323 607 4386 est,
649 4334 791 4373 cum
819 4316 970 4388 ipsis
1020 4330 1266 4388 quoque
1305 4312 1774 4386 membris,qui-.

98 4409 215 4466 bus
244 4409 550 4467 desideria
580 4407 906 4481 voluptatis
931 4405 1342 4477 expleverunt,
1376 4403 1584 4461 aeterni
1618 4402 1772 4475 judiw

102 4500 177 4556 cii
209 4504 514 4556 tormenta
543 4497 814 4554 tolerare.
873 4498 942 4552 Ut
973 4499 1220 4552 cunctos
1269 4494 1400 4564 [al.,
1463 4498 1603 4549 tunc
1651 4493 1774 4564 eos]

102 4589 384 4662 undique
421 4587 595 4644 dolor
619 4585 966 4652 absorbeat,
992 4584 1097 4658 qui
1126 4599 1312 4647 nunc,
1354 4582 1478 4639 suis
1525 4580 1778 4640 delecta-

104 4679 374 4735 tionibus
423 4677 667 4747 subditi,
720 4675 990 4747 undique
1043 4679 1253 4730 contra
1286 4671 1581 4745 justitiam
1614 4672 1775 4744 juste

99 4767 430 4842 judicantis
462 4770 756 4841 pugnant.

177 4860 393 4917 Mirum
421 4873 565 4914 vero
598 4860 690 4912 est
715 4854 888 4912 valde
929 4854 1096 4928 quod
1125 4853 1374 4911 dicitur:
1412 4854 1520 4910 Ubi
1568 4853 1776 4920 nule

105 4950 253 5006 ordo
285 4950 716 5021 (Rom.xxx1x,
766 4949 878 5016 22).
925 4948 1127 5016 Neque
1180 4943 1342 5000 enim
1391 4942 1777 5016 omnipotens

107 5042 286 5111 Deus,
319 5037 425 5112 qui
448 5037 612 5096 mala
639 5036 798 5094 bene
821 5034 1015 5108 punit,
1047 5033 1392 5090 inordinata
1447 5048 1579 5094 esse
1609 5031 1776 5106 nullo

105 5129 296 5186 modo
323 5127 416 5183 vel
463 5131 764 5190 tormenta
794 5123 1103 5197 permittit,
1150 5123 1296 5195 quia
1342 5121 1477 5194 ipsa
1531 5137 1775 5195 quoque

109 5218 414 5292 supplicia
438 5234 576 5291 quae
626 5233 698 5272 ex
737 5215 909 5271 lance
935 5212 1172 5286 justitiae
1201 5211 1520 5285 prodeunt,

111 5307 244 5364 sine
270 5307 485 5364 ordine
514 5320 906 5379 nequaquam
937 5306 1227 5376 possunt;
1261 5300 1578 5374 quomodo
1600 5315 1774 5370 nam-

111 5413 234 5470 que
264 5397 330 5454 in
352 5395 667 5470 suppliciis
700 5393 850 5452 ordo
900 5408 1025 5450 non
1061 5391 1190 5460 erit,
1223 5391 1372 5447 dum
1415 5390 1776 5462 damnatum

109 5502 420 5559 quemque
446 5487 621 5558 juxta
650 5485 906 5541 modum
936 5481 1201 5538 criminis
1230 5479 1537 5537 retributio
1582 5479 1780 5552 sequi-.-

111 5580 208 5634 tur
239 5575 530 5634 ultionis?
555 5576 704 5632 Hinc
735 5575 964 5648 quippe
1001 5571 1293 5644 scriptum
1337 5574 1463 5626 est:
1499 5571 1777 5632 Potentes

107 5672 390 5736 potenter
415 5672 714 5723 tormenta
763 5665 1098 5734 patientur,
1157 5666 1210 5717 et
1255 5660 1612 5733 fortioribus
1652 5660 1780 5730 for-

117 5755 241 5825 tier
273 5755 458 5827 instat
487 5755 780 5828 ςναςιαιίο
813 5753 978 5827 (Sap.
1010 5767 1088 5821 γι,
1117 5756 1171 5819 7,
1206 5751 1281 5823 9).
1316 5749 1466 5824 Hinc
1495 5748 1561 5818 in.
1591 5747 1778 5822 easy.

1874 1818 2130 1880 cicntur:
2163 1823 2466 1889 quatenus.
2486 1815 2666 1874 simul
2702 1815 3014 1882 damnatio
3055 1819 3324 1872 conterat
3376 1829 3534 1887 quos

1869 1904 2053 1971 simul
2075 1905 2252 1970 elatio
2280 1905 2674 1973 sublevabat;
2707 1920 2980 1976 quosque
3021 1919 3142 1966 non
3173 1901 3537 1960 dissimiliter

1873 1995 2145 2060 dilatavit
2171 1994 2444 2062 ambitio,
2475 2010 2598 2059 non
2618 1993 2925 2056 dissimilis
2962 1991 3208 2049 allliotio.
3233 1995 3531 2064 angustet,

1873 2089 1929 2140 et
1959 2101 2066 2155 par
2099 2083 2318 2146 cruciet
2348 2084 2597 2148 ﬂamma
2629 2082 2905 2154 supplicii
2933 2098 3091 2154 quos
3115 2081 3178 2148 in
3198 2081 3336 2151 igne
3362 2079 3536 2146 luxur

1872 2174 1975 2229 riae
2001 2189 2112 2245 par
2133 2173 2442 2240 succendit
2468 2176 2718 2238 ﬂamma
2763 2171 3038 2244 peccatit.
3066 2171 3228 2231 Sicut
3255 2170 3416 2240 enim
3465 2171 3531 2228 in

1874 2265 2048 2326 domo
2078 2265 2271 2332 patris
2303 2264 2638 2330 rataiisiones
2665 2263 2871 2328 multa:
2918 2267 3056 2330 sunt
3096 2262 3301 2332 (Joan.
3330 2276 3456 2330 xiv,
3479 2259 3533 2334 3}

1874 2370 1983 2426 pro
2003 2353 2342 2410 diversitate
2358 2352 2591 2419 virtutis
2603 2407 2605 2412 ,
2617 2352 2700 2417 sic
2717 2351 3038 2414 damnatos
3053 2349 3289 2414 diverso
3307 2348 3535 2424 supplig

1876 2443 1967 2498 cio
2000 2443 2288 2513 gehennae
2319 2442 2562 2511 ignibus
2593 2441 2835 2512 subjicit
2861 2440 3226 2513 disparilitas
3245 2439 3536 2509 criminis;

1877 2550 2015 2605 quae
2043 2531 2264 2592 scilicet
2287 2532 2563 2602 gehenua
2592 2530 2876 2603 quamvis
2895 2530 3124 2592 cunctis
3145 2545 3267 2598 una
3289 2529 3381 2598 sit,
3411 2543 3538 2594 non

1878 2627 2080 2680 tamen
2112 2627 2361 2688 cunctos
2392 2637 2515 2680 una
2536 2619 3177 2692 eademquequalitate
3207 2617 3534 2682 succendit.

1877 2716 2050 2779 Nam,
2081 2713 2233 2778 sicut;
2263 2728 2386 2777 uno
2425 2711 2550 2768 sole
2579 2727 2792 2777 omnes
2839 2711 3168 2781 tangimur,
3195 2725 3306 2778 nec
3335 2713 3540 2774 tamen

1880 2803 1993 2857 sub
2022 2817 2094 2858 eo
2124 2817 2246 2866 uno
2278 2800 2490 2857 ordine
2528 2816 2742 2867 omnes
2794 2804 3148 2868 aestuamus,
3189 2799 3333 2873 quia
3365 2799 3541 2870 juxta

1879 2890 2233 2962 qualitatem
2265 2890 2533 2961 corporis
2558 2889 2808 2946 sentitur
2837 2889 3017 2948 etiam
3034 2887 3276 2961 pondus
3301 2888 3540 2958 caloris,

1881 2979 1965 3045 sic
1993 2979 2314 3036 damnatos
2347 2985 2404 3044 et
2425 2995 2548 3045 una
2591 2983 2679 3034 est
2723 2978 3026 3048 gehenna,
3073 2994 3211 3050 quas
3242 2976 3449 3044 afﬁcit,
3485 2981 3543 3044 et

1880 3071 2083 3126 tamen
2111 3082 2235 3124 non
2271 3082 2392 3132 una
2441 3081 2654 3133 omnes
2699 3065 2984 3137 qualitate
3013 3063 3346 3134 comburit;
3393 3065 3543 3137 quia.

1880 3155 2047 3227 quod
2078 3155 2176 3220 hic
2207 3154 2329 3222 agit
2349 3154 2557 3225 dispar
2585 3153 2868 3212 valetudo
2897 3169 3246 3226 corporum,
3265 3153 3382 3210 hoc
3410 3152 3532 3210 illic

1881 3244 2121 3302 exhibet
2147 3244 2357 3316 dispar
2387 3259 2572 3300 causa
2621 3243 2992 3309 moritor-um,
3025 3242 3343 3311 Quomodo
3397 3257 3543 3314 ergo

1881 3333 2084 3392 nullus
2115 3334 2309 3390 inesse
2339 3333 2490 3390 ordo
2523 3332 2798 3410 sppplieii
2830 3333 3040 3397 dicitur
3068 3333 3131 3390 iu
3154 3331 3382 3406 quibus
3408 3348 3545 3405 pro-

1881 3424 2037 3480 fecto
2058 3422 2316 3495 quisque
2334 3423 2508 3494 juxta
2533 3421 2791 3488 modum
2829 3421 3023 3496 culpa)
3048 3421 3349 3488 cruciatur
3370 3425 3398 3482 ἳ
3429 3420 3547 3489 Sed

1885 3518 2132 3572 sanctus
2175 3513 2288 3578 vir,
2342 3519 2674 3585 postquam
2730 3511 3014 3578 umbram
3065 3512 3276 3578 montis
3325 3511 3548 3580 intulit.

1882 3608 2114 3675 quanta
2145 3601 2219 3658 sit
2247 3601 2524 3667 confusio
2573 3601 2638 3662 in
2693 3599 3126 3668 damnatorum.
3175 3605 3378 3669 meum
3407 3600 3550 3667 sub-

1877 3692 2116 3764 jungit:
2149 3693 2227 3756 Et
2261 3693 2472 3757 nullus
2505 3692 2676 3759 ordo,
2708 3691 2858 3757 Quia
2885 3706 3020 3763 ipsa
3046 3706 3296 3763 quoque
3323 3689 3550 3763 suppli-

1884 3781 1976 3838 cia
2007 3797 2144 3853 quas
2175 3781 2455 3846 ordinata
2507 3783 2667 3850 sunt,
2701 3779 2980 3846 ordinata
3026 3777 3241 3852 procul
3269 3777 3456 3844 dubi!)
3483 3777 3554 3844 in

1884 3871 2064 3927 corde
2079 3870 2470 3936 morientium
2485 3886 2609 3937 non
2625 3874 2786 3935 sunt.
2797 3872 2866 3934 Ut
2877 3869 3040 3935 enim
3064 3867 3252 3941 paulo
3273 3867 3549 3942 superius

1883 3959 2172 4029 diximus,
2193 3959 2341 4025 dum
2363 3957 2690 4023 damnatus
2717 3956 2976 4030 quisque
3000 3956 3140 4022 faris
3159 3945 3410 4023 ﬂamma
3422 3971 3553 4021 suc-

1884 4048 2182 4114 eenditur,
2206 4047 2366 4109 intus
2393 4046 2672 4104 caecitatis
2707 4047 2841 4116 igne
2870 4045 3220 4112 devoratum.
3256 4050 3451 4120 At.un
3486 4044 3553 4110 in

1885 4137 2095 4202 dolore
2142 4136 2399 4209 positus,
2432 4135 2696 4193 exterius
2725 4135 3097 4209 interiusque
3143 4135 3552 4204 contunditur,

1887 4231 1954 4292 ut
1973 4242 2084 4283 sua
2109 4225 2412 4290 dexterius
2443 4224 2800 4290 confusione
2822 4225 3132 4290 crucietur.
3158 4226 3429 4299 Repulsis
3459 4241 3552 4283 er-

1887 4333 1968 4390 go
1997 4315 2148 4373 ordo
2178 4315 2243 4372 in
2273 4314 2570 4388 supplicio
2595 4331 2720 4376 non
2740 4315 2868 4382 erit,
2896 4315 3041 4388 quia
3064 4315 3126 4378 in
3155 4332 3367 4381 eorum
3389 4331 3552 4380 mors

1888 4410 1943 4463 te
1969 4405 2230 4462 atrocius
2252 4406 2389 4479 ipsa
2409 4404 2685 4471 confusio
2709 4405 2927 4470 mentis
2947 4405 3326 4478 sevit,qu
3350 4409 3556 4468 tamen

1888 4496 2043 4554 mira
2073 4495 2342 4568 potentia
2367 4495 2698 4567 judicantis
2729 4495 2981 4567 aequitas
3015 4494 3256 4557 ordinat
3283 4499 3556 4563 utpcena

1887 4586 2162 4652 animum
2238 4585 2368 4656 [at.,
2434 4585 2732 4649 animam]
2797 4583 2975 4655 quasi
3027 4582 3368 4647 inordinate.
3421 4583 3559 4653 Eal.,

1887 4674 2258 4744 inordinata}
2279 4673 2632 4738 confundat.
2649 4671 2751 4734 Vel
2775 4676 2932 4734 certe
2958 4671 3172 4736 abesse
3209 4670 3364 4731 ordo
3404 4686 3554 4743 sup-

1886 4763 2086 4838 plieiis
2117 4762 2333 4824 dicitur
2363 4761 2527 4834 quia,
2559 4759 2928 4833 quibuslibet
2964 4759 3146 4825 rebus
3191 4760 3253 4818 in
3306 4775 3556 4832 pcenam

1887 4851 2300 4921 surgentibus,
2325 4849 2573 4922 propria
2597 4848 2863 4922 qualitas
2895 4865 3021 4914 non
3051 4853 3324 4913 servatur
3346 4867 3368 4917 ί
3392 4848 3562 4912 unde.

1887 4946 1946 5012 et
1973 4940 2246 5013 protinus
2297 4937 2664 5006 subinfertur
2699 4955 2711 4995 :
2762 4938 2844 5002 Et
2895 4939 3296 5008 semiternus
3336 4940 3558 5001 homr

1889 5031 2238 5105 inhabitans
2277 5029 2413 5101 [at.,
2444 5027 2772 5099 inhabitat]
2803 5028 2954 5099 (Job.
3004 5045 3069 5095 κ,
3097 5028 3214 5102 22),
3259 5029 3321 5088 in
3369 5029 3562 5101 huius

1887 5122 2026 5190 vitas
2055 5119 2366 5186 tormentis
2397 5119 2575 5185 timor
2603 5117 2876 5182 dolorem
2926 5117 3130 5190 habet,
3183 5119 3359 5182 dolor
3387 5121 3562 5182 tim0-

1883 5227 2013 5280 rem
2043 5225 2168 5276 non
2197 5209 2400 5274 habet.
2436 5207 2586 5274 Quia
2628 5223 3022 5281 nequaquam
3065 5213 3329 5272 mentem
3360 5214 3564 5270 metus-

1887 5299 2114 5367 cruciat
2139 5316 2280 5366 cum
2308 5298 2433 5372 pati
2460 5299 2592 5370 iam
2619 5298 2867 5370 coeperit
2902 5299 3067 5371 quod
3093 5300 3434 5367 metuebat;
3467 5299 3559 5357 in-

1887 5381 2128 5458 fernum
2152 5405 2298 5452 vero
2323 5393 2381 5448 et
2407 5387 2630 5453 umbra
2658 5387 2875 5453 mortis
2917 5387 3228 5454 obscurat,
3259 5395 3313 5447 et
3351 5391 3564 5459 smmi.

2123 5481 2344 5547 horror
2364 5478 2691 5549 inhabitat,
2725 5477 2874 5550 quia
2893 5477 3024 5549 eius
3053 5477 3295 5547 ignibus
3333 5478 3560 5549 traditi,

1889 5576 1948 5640 et
1973 5570 2039 5637 in
2086 5568 2398 5642 suppliciis
2445 5567 2720 5631 dolorem
2768 5566 3052 5630 sentiunt,
3102 5571 3160 5622 et
3224 5566 3284 5623 in
3334 5567 3558 5627 doloris

1890 5659 2171 5730 angustia
2223 5657 2504 5731 pulsante
2551 5673 2616 5714 se
2691 5671 2930 5728 semper
2974 5670 3198 5727 pavore
3245 5656 3559 5727 feriuntur,
3637 5712 3653 5727 ,

1892 5751 1962 5821 ut.
1985 5753 2046 5817 et.
2072 5739 2242 5820 ευξρά
2270 5747 2482 5816 timent
2511 5745 2790 5814 tolerent...
2835 5748 2896 5810 et
2936 5760 3150 5809 rursus
3202 5746 3372 5818 quod
3419 5747 3557 5808 tole-
