3936 6390
108 272 261 328 1233

1068 267 1160 324 DE
1197 261 1862 324 PMDESTINATIONE
1897 259 2180 320 CONTRA
2215 264 2264 322 Ι.
2309 267 2604 326 εοοτωι.

3415 271 3554 326 1236

99 394 257 451 vitio
287 392 547 468 propria
565 391 894 450 voluntatis
923 391 1183 466 lapsa.in
1204 390 1611 448 calamitatem
1638 385 1786 444 ceci—
1815 384 1927 442 Ain
1959 386 2194 445 inferno
2223 390 2530 450 damnatis
2574 390 2869 460 attribuis,
2915 393 2974 449 et
3016 407 3054 450 a
3095 389 3337 448 miseris
3380 391 3558 448 mise-

105 483 227 553 dit,
269 483 414 557 quia
441 498 650 557 pressa
686 482 1020 540 innumeris
1049 481 1524 550 necessitatibus,
1551 478 1700 536 nihil
1721 477 1785 533 in

103 574 236 632 hac
278 573 405 632 vita
433 573 551 630 nisi
591 573 756 631 unde
793 572 1156 644 aﬂligeretur
1196 573 1460 641 invenit;
1492 570 1600 628 sed
1647 584 1788 626 cum

105 663 355 721 eisdem
396 667 628 720 naturai
672 666 892 720 nostrae
919 662 1376 720 necessitatibus
1406 662 1788 736 plerumque,

105 753 452 827 plusquam
481 752 742 827 expedit,
784 753 1183 820 deseruimus,
1213 751 1550 826 mentisque
1578 764 1790 808 curam

106 843 508 914 negligimus,
550 859 626 900 ex
665 843 910 900 miseria
928 843 1308 914 negligentiae
1328 840 1660 898 inﬁrmitati
1685 855 1792 896 no-

110 937 259 989 strae
285 933 569 990 addimus
595 933 940 1006 squalorem
971 933 1183 1006 culpas.
1217 932 1603 989 Necessitates
1623 946 1794 987 nam-

109 1039 245 1096 que
263 1023 570 1080 naturales
590 1022 708 1079 hoc
719 1022 944 1079 habere
962 1022 1140 1079 valde
1156 1021 1562 1095 periculosum
1579 1020 1790 1087 solent,

107 1112 292 1185 quod
328 1128 490 1185 saepe
538 1112 601 1169 in
647 1112 732 1168 eis
769 1113 1020 1168 minime
1047 1111 1405 1169 discernitur
1451 1111 1600 1184 quid
1637 1109 1797 1166 circa

108 1201 258 1258 illas
286 1218 398 1275 per
424 1201 694 1259 utilitatis
726 1201 1012 1270 studium,
1059 1206 1118 1258 et
1152 1201 1302 1275 quid
1339 1217 1448 1274 per
1472 1197 1797 1273 voluptatis

104 1290 340 1346 vitium
361 1295 598 1361 agatur.
641 1291 862 1348 Crebro
882 1291 1067 1356 enim,
1092 1290 1412 1347 occasione
1435 1287 1797 1346 seductionis

105 1379 395 1446 inventa,
435 1378 585 1436 dum
612 1380 952 1437 necessitati
989 1379 1195 1437 debita
1221 1379 1553 1447 reddimus,
1585 1377 1798 1450 volup-

107 1467 262 1525 tatis
281 1468 426 1524 vitio
447 1468 844 1537 deservimus,
874 1473 931 1526 et
954 1468 1318 1526 inﬁrmitatis
1337 1467 1630 1526 velamine
1660 1470 1797 1524 ante

109 1556 502 1613 discretionis
533 1556 744 1614 oculos
774 1557 1083 1614 excusatio
1111 1561 1318 1615 nostra
1357 1574 1420 1614 se
1464 1556 1691 1630 palliat,
1725 1570 1796 1611 ac

109 1645 304 1718 quasi
324 1644 439 1701 sub
460 1647 796 1718 patrocinio
815 1646 1127 1720 explenda)
1152 1647 1478 1722 voluptatis
1500 1645 1792 1712 occultat;

112 1735 538 1792 inﬁrmitatem
564 1733 704 1792 vero
735 1741 966 1793 natura;
995 1740 1214 1793 nostrae
1234 1753 1343 1811 per
1369 1735 1797 1807 negligentiam
1833 1743 1870 1798 Β

113 1825 421 1894 relaxare,
453 1824 602 1881 nihil
623 1829 710 1882 est
733 1825 899 1882 aliud
925 1841 1114 1899 quam
1140 1825 1466 1883 calamitati
1489 1824 1796 1882 miseriam

115 1913 374 1982 addere,
417 1913 497 1971 ad
533 1915 820 1972 vitiorum
847 1915 1194 1988 squalorem
1219 1931 1294 1971 ex
1319 1915 1533 1972 eadem
1560 1913 1800 1970 miseria

114 2002 548 2075 multiplicare.
577 2003 744 2060 Unde
772 2003 963 2060 sancti
985 2003 1094 2060 viri
1120 2003 1182 2059 in
1203 2019 1384 2060 omne
1404 2003 1571 2076 quod
1589 2005 1797 2072 agunt,

117 2091 582 2149 studiosissima
629 2091 958 2148 intentione
1000 2092 1350 2149 discernunt
1377 2108 1454 2148 ne
1481 2091 1629 2165 quid
1664 2091 1802 2164 plus

116 2180 202 2236 ab
253 2180 339 2236 eis
376 2185 609 2237 naturae.
641 2197 763 2236 suae
803 2179 1123 2236 inﬁrmitas
1168 2196 1359 2254 quam
1406 2179 1515 2236 sibi
1553 2179 1805 2235 debetur

119 2268 351 2338 exigat,
401 2283 478 2324 ne
513 2268 630 2324 sub
676 2268 1056 2325 necessitatis
1097 2267 1359 2339 tegmine
1388 2268 1450 2324 in
1479 2267 1564 2324 eis
1591 2267 1806 2323 vitium

117 2355 457 2429 voluptatis
513 2360 838 2412 excrescat.
890 2355 1065 2413 Aliud
1113 2355 1276 2412 enim
1320 2372 1395 2412 ex
1440 2354 1804 2418 inﬁrmitate,

121 2444 299 2502 aliud
320 2460 392 2500 ex
415 2445 758 2502 tentationis
780 2445 1165 2516 suggestione
1186 2445 1481 2502 sustinent
1503 2463 1516 2514 ;
1549 2443 1811 2518 et,quasi

121 2535 390 2607 quidam
441 2535 757 2592 rectissimi
803 2535 1008 2592 arbitri
1047 2535 1201 2592 inter
1246 2536 1662 2592 necessitatem
1711 2549 1813 2590 vo-

122 2625 551 2697 luptatemque
573 2623 900 2694 constituti,
929 2623 1089 2680 hanc
1115 2623 1489 2680 consulendo
1510 2624 1643 2696 [al.,
1666 2638 1810 2678 con-

124 2711 419 2783 solando]
447 2712 784 2776 sublevant,
808 2711 975 2769 illam
1003 2712 1338 2787 premendo
1363 2712 1621 2768 frenant.
1646 2710 1812 2767 Unde

122 2801 193 2858 ﬁt
228 2805 298 2858 ut
326 2806 383 2858 et
409 2801 770 2859 inﬁrmitatis
814 2818 940 2859 suae
980 2802 1386 2860 calamitatem
1436 2801 1705 2869 tolerent,
1756 2805 1814 2858 et

125 2895 346 2948 tamen
368 2890 447 2947 ad
469 2892 817 2965 squalorem
835 2891 1090 2948 miseriae
1113 2908 1220 2965 per
1237 2891 1666 2964 negligentiam
1687 2905 1812 2946 non

123 2980 531 3038 descendant.
581 2984 701 3038 Hoc
744 2981 946 3054 ipsum
993 2981 1155 3037 enim
1201 2997 1335 3037 esse
1373 2981 1436 3036 in
1474 2979 1813 3037 calamitate

127 3075 237 3137 est,
273 3071 662 3127 necessitates
693 3077 922 3127 natura;
951 3086 1026 3127 ex
1049 3070 1247 3127 carnis
1287 3069 1487 3126 adhuc
1527 3068 1815 3141 corrupti-

124 3157 268 3214 bilis
299 3157 652 3214 inﬁrmitate
692 3159 986 3214 sustinere
1011 3176 1024 3226 ;
1067 3173 1224 3230 quas
1249 3157 1528 3214 videlicet
1553 3156 1814 3212 necessi-

130 3253 290 3304 tates
323 3246 608 3319 cupiebat
635 3246 912 3316 evadere,
943 3246 1050 3320 qui
1076 3245 1349 3304 dicebat:
1383 3248 1472 3304 De
1499 3247 1813 3304 necessita-

130 3336 297 3392 tibus
337 3337 482 3392 meis
523 3336 688 3406 eripe
723 3350 816 3392 me
853 3337 978 3405 (Ps.
1022 3351 1179 3403 xxiv,
1227 3337 1333 3408 17).
1379 3335 1614 3391 Sciebat
1651 3335 1812 3391 enim

127 3425 496 3498 plerumque
552 3423 933 3497 voluptatum
993 3424 1206 3498 culpas
1261 3441 1334 3480 ex
1388 3423 1811 3481 necessitatum

129 3515 458 3572 occasione
488 3530 906 3587 prorumpere,
930 3520 1007 3583 et,
1035 3531 1112 3571 ne
1139 3514 1287 3588 quid
1310 3518 1524 3588 sponte
1542 3513 1811 3571 illicitum

131 3603 498 3670 admitteret,
522 3603 638 3660 hoc
660 3603 866 3676 ipsum
889 3604 1205 3674 satagebat
1223 3603 1388 3660 evelli
1411 3602 1579 3677 quod
1597 3602 1810 3660 nolens

132 3707 204 3748 ex
231 3693 443 3748 radice
469 3691 789 3748 tolerabat.
817 3695 887 3748 At
913 3697 1122 3749 contra
1148 3692 1322 3766 pravi
1351 3691 1618 3762 gaudent
1634 3692 1696 3747 in
1717 3691 1808 3748 his

133 3781 539 3855 corruptionis
574 3799 696 3836 suae
724 3781 1197 3845 necessitatibus,
1221 3781 1366 3854 quia
1387 3781 1678 3837 nimirum
1704 3796 1808 3838 eas

131 3870 211 3926 ad
258 3887 445 3928 usum
475 3870 856 3943 voluptatum
885 3875 1253 3944 retorquent.
1287 3873 1438 3926 Cum
1479 3871 1639 3927 enim
1679 3869 1809 3927 reﬁ-

132 3959 362 4017 ciendis
413 3960 549 4018 cibo
594 3961 950 4035 corporibus
979 3966 1212 4018 natura:
1261 3961 1527 4017 serviunt
1564 3976 1671 4034 per
1709 3960 1808 4016 de-

133 4049 522 4108 lectationem
572 4052 724 4124 gula;
780 4052 840 4108 in
884 4051 1211 4124 voluptatis
1267 4051 1533 4122 ingluvie
1585 4050 1806 4107 disten-

129 4139 397 4210 duntur;
430 4157 570 4197 cum
619 4142 892 4214 tegendis
921 4141 1211 4199 membris
1240 4141 1600 4198 vestimenta
1645 4157 1809 4214 quae-

131 4235 284 4298 runt,
354 4247 481 4287 non
546 4231 743 4287 solum
799 4249 936 4306 quae
1001 4235 1225 4302 tegant,
1299 4230 1404 4287 sed
1445 4230 1623 4286 etiam
1669 4247 1806 4304 quae

131 4334 237 4390 per
267 4319 584 4378 mollitiem
613 4320 947 4391 delectent;
974 4337 1100 4377 non
1127 4319 1324 4377 solum
1349 4336 1487 4394 quae
1517 4335 1626 4393 per
1651 4319 1804 4376 mol-

133 4407 318 4466 litiem
363 4414 590 4467 tactum
642 4411 970 4478 mulceant,
1005 4411 1113 4467 sed
1159 4410 1340 4467 etiam
1387 4426 1494 4484 per
1539 4409 1802 4466 colorem

138 4500 344 4556 oculos
371 4499 667 4558 seducant
686 4502 818 4573 [at.,
854 4501 962 4558 sed
993 4502 1172 4558 etiam
1202 4517 1339 4574 quae
1369 4499 1672 4569 extollant,
1700 4516 1802 4557 ex-

133 4591 364 4661 petunt,
391 4594 452 4647 et
479 4595 689 4647 contra
718 4595 1024 4664 torporem
1047 4590 1280 4661 frigoris
1301 4606 1425 4647 non
1447 4590 1645 4646 solum
1667 4605 1804 4663 qua

135 4691 239 4747 per
257 4679 694 4752 pinguedinem
715 4680 1037 4753 muniant].
1060 4680 1435 4738 Necessitatis
1456 4680 1636 4752 igitur
1665 4697 1808 4738 cau-

138 4781 265 4823 sam
313 4769 377 4825 in
429 4785 608 4825 usum
660 4769 988 4844 voluptatis
1032 4775 1283 4843 vertere,
1331 4771 1479 4844 quid
1520 4774 1609 4826 est
1646 4769 1811 4826 aliud

136 4868 318 4925 quam
348 4857 686 4916 calamitati
712 4875 837 4914 sua:
869 4857 1212 4931 squalorem
1244 4858 1499 4915 miseriae
1529 4858 1758 4915 sociare
1782 4859 1811 4916 τ

138 4942 341 5003 Pressa
384 4947 592 5019 itaque
623 4951 894 5020 tempore
924 4947 1304 5004 adversitatis
1343 4947 1610 5014 Ecclesia
1637 4947 1812 5004 remi-

140 5029 404 5092 niscatur
443 5052 653 5092 eorum
697 5053 771 5093 ex
808 5052 1070 5110 quorum
1108 5035 1320 5092 merito
1358 5035 1498 5092 talia
1532 5036 1806 5104 sustinet,

140 5123 195 5175 et
241 5122 446 5183 dicat:
483 5127 599 5195 Qui
646 5128 940 5184 rodebant
993 5129 1054 5182 in
1109 5125 1434 5183 solitudine
1466 5127 1809 5198 squalentes

141 5212 485 5274 calamitate
514 5223 571 5274 et
598 5218 844 5276 miseria
879 5216 1027 5289 (Job.
1049 5233 1185 5285 xxx,
1214 5218 1290 5289 3),
1325 5219 1674 5275 calamitate
1701 5217 1811 5274 sci-

141 5296 272 5357 licet
302 5320 423 5363 non
451 5306 795 5380 squalerent
827 5307 877 5363 si
906 5306 1097 5363 insitis
1127 5305 1258 5378 [al.,
1289 5307 1350 5362 in
1373 5306 1522 5378 istis]
1547 5306 1808 5364 necessi-

147 5390 362 5450 tatibus
394 5396 780 5470 voluptatum
810 5397 1116 5454 miseriam
1145 5412 1271 5453 non
1311 5395 1805 5470 superadderent,

145 5491 293 5548 quas
315 5485 594 5543 videlicet
617 5487 1002 5544 necessitates
1031 5503 1105 5544 ex
1131 5486 1400 5561 parentis
1426 5486 1606 5559 primi
1629 5486 1809 5560 culpa

147 5571 515 5650 meruimus.]

220 5658 260 5726 ἰ’
279 5660 418 5721 Post
434 5667 564 5724 hinc
586 5667 761 5724 addis
781 5666 1214 5740 blasphemias,
1238 5669 1297 5723 et
1316 5666 1478 5722 mala
1499 5665 1808 5739 pejoribus

150 5755 416 5821 asseras,
446 5755 553 5830 qui
575 5759 785 5816 contra
811 5754 1088 5816 omnium
1115 5755 1430 5830 opiniones
1458 5754 1797 5816 felicitatem

1833 4455 1880 4509 D

1900 475 2053 534 riam
2077 477 2293 537 demis.
2328 481 2484 539 Dicis
2509 481 2671 538 enim
2704 498 2719 537 :

2465 623 2559 664 1οΔ
2568 621 2706 662 NNES
2761 619 2989 662 SCOTUS.

1973 711 2140 786 (Cap.
2172 712 2257 783 16,
2288 728 2458 770 num.
2484 717 2537 780 3,
2576 716 2719 770 sect.
2755 711 2828 785 ι.)
2867 717 2906 766 Θ
2949 711 3023 768 In
3049 726 3170 785 qua
3199 716 3322 769 tam
3350 713 3566 770 nullus

1899 803 2012 859 erit
2042 805 2150 875 qui
2175 820 2295 860 non
2323 803 2540 861 habeat
2561 805 2805 860 insitam
2824 803 2939 859 sibi
2952 802 3326 858 naturaliter
3354 803 3565 860 absen-

1902 892 1977 947 tis
2025 891 2413 948 beatitudinis
2449 894 2749 949 notionem
2803 894 3047 964 ejusque
3085 891 3466 960 desiderium,
3498 897 3567 948 ut

1902 996 1966 1037 eo
1991 983 2254 1038 maxime
2285 988 2638 1054 torqueatur
2667 997 2782 1054 quo
2814 981 3099 1038 ardenter
3121 981 3567 1066 .appetat,quod

1892 1071 2126 1141 justum
2169 1071 2284 1127 Dei
2317 1071 2621 1141 judicium
2661 1070 3162 1141 comprehendere
3203 1085 3324 1125 non
3372 1071 3568 1137 sinat;

1905 1159 2010 1231 qui
2029 1160 2253 1229 procul
2279 1159 2459 1215 dubio
2499 1159 2800 1230 appetitus
2830 1159 2895 1215 in
2921 1160 3134 1215 misero
3173 1174 3292 1214 non
3322 1165 3488 1227 esset,
3520 1159 3576 1215 si

1899 1250 2140 1320 penitus
2161 1249 2322 1321 quod
2339 1251 2566 1320 appetit
2589 1265 2709 1305 non
2732 1249 2994 1306 haberet.
3022 1248 3434 1305 Occultissimo
3454 1249 3571 1306 ita-

1905 1355 2018 1412 que
2047 1340 2468 1412 verissimoque
2502 1339 2676 1395 modo
2717 1339 2781 1394 in
2811 1339 3295 1409 profundissima
3343 1338 3572 1408 suppli-

1905 1430 2135 1486 ciorum
2177 1429 2420 1485 miseria
2458 1428 2736 1484 damnati
2769 1427 3071 1484 habebunt
3114 1427 3489 1498 felicitatem,
3520 1432 3576 1482 et

1906 1533 2025 1574 non
2069 1516 2372 1574 habebunt
2421 1529 2588 1588 eam;
2619 1515 2922 1573 habebunt
2965 1515 3203 1588 quidem
3248 1515 3574 1588 quamdam

1903 1609 2202 1664 notionem
2235 1608 2317 1664 ad
2339 1609 2467 1677 ejus
2495 1607 2884 1680 memoriam;
2912 1607 3147 1662 vultum
3176 1620 3315 1662 vero
3341 1607 3470 1676 ejus
3499 1604 3566 1660 in

1903 1699 2178 1771 fructum
2201 1698 2723 1768 contemplationis
2744 1712 2865 1752 non
2888 1695 3214 1753 habebunt.
3239 1697 3428 1764 Quam
3438 1710 3582 1766 pro-

1911 1790 2070 1860 fecto
2091 1789 2409 1858 felicitatis
2439 1787 2761 1858 notionem,
2787 1787 3010 1854 miseri,
3041 1791 3111 1842 ut
3143 1786 3428 1853 diximus,
3462 1799 3585 1841 non

1909 1878 2197 1935 haberent
2216 1879 2282 1933 in
2310 1892 2422 1933 sua
2451 1877 2759 1943 memoria,
2787 1876 2843 1930 si
2861 1891 2984 1931 non
3009 1875 3221 1946 aliqua
3251 1877 3378 1945 ejus
3399 1875 3585 1930 scien-

1909 1968 1994 2024 tia
2020 1968 2191 2037 ﬁeret
2222 1968 2284 2022 in
2315 1981 2426 2022 sua
2448 1970 2696 2021 natura.
2723 1965 2895 2021 Sicut
2924 1971 3123 2020 autem
3164 1964 3374 2019 nullus
3405 1967 3585 2020 extra

1908 2071 1970 2114 se
1989 2057 2260 2113 veritatis
2288 2055 2468 2111 habet
2493 2054 2816 2119 notionem,
2844 2053 2932 2108 ita
2962 2057 3019 2109 et
3048 2053 3177 2122 ejus
3221 2052 3536 2109 scientiam
3559 2048 3589 2095 ἓ

1912 2147 2134 2204 veritas
2177 2150 2233 2202 et
2275 2145 2561 2215 felicitas.
2613 2143 2840 2199 Nullus
2879 2157 3022 2213 ergo
3071 2147 3249 2198 extra
3294 2147 3585 2198 naturam

1912 2251 2105 2302 suam,
2117 2234 2429 2306 felicitatis
2451 2239 2506 2289 et
2526 2233 2828 2289 notionem
2849 2237 2905 2287 et
2923 2231 3235 2288 scientiam
3264 2231 3587 2287 habiturus

1914 2327 2012 2383 sit.
2044 2326 2119 2381 In
2159 2324 2509 2380 miserorum
2540 2323 2746 2394 itaque
2779 2326 3006 2378 natura
3041 2321 3156 2377 erit
3196 2320 3440 2392 veritas,
3471 2319 3589 2376 erit

1915 2416 2107 2488 igitur
2137 2414 2424 2485 felicitas.
2465 2414 2578 2467 Ast
2619 2411 2910 2484 quomodo
2949 2410 3064 2466 illa
3102 2415 3330 2467 natura
3368 2410 3590 2466 misera

1918 2506 2053 2576 erit,
2082 2504 2182 2560 cui
2205 2503 2470 2574 felicitas
2501 2501 2705 2570 inerit,
2751 2515 2884 2573 quae
2931 2505 3016 2556 est
3051 2500 3294 2556 veritas.
3341 2497 3497 2565 Quid
3537 2498 3594 2554 si

1918 2594 2096 2650 nulla
2124 2597 2350 2648 natura
2375 2591 2566 2662 fuerit
2580 2590 2806 2660 punita
2825 2588 2854 2644 ?
2883 2589 3163 2661 nunquid
3187 2588 3303 2645 erit
3325 2588 3591 2644 misera?

1918 2684 2056 2741 Non
2088 2682 2255 2739 video
2283 2697 2305 2737 .·
2324 2696 2440 2752 quo
2463 2680 2618 2737 enim
2637 2694 2823 2736 causa
2845 2678 3057 2751 aliqua
3087 2682 3316 2735 natura
3344 2677 3458 2734 erit
3484 2676 3594 2733 mi-

1919 2787 2074 2840 sera,
2107 2771 2228 2827 nisi
2266 2771 2460 2841 fuerit
2494 2769 2715 2840 punita
2739 2771 2767 2824 ?
2794 2769 3008 2840 Itaque
3047 2767 3102 2823 si
3146 2768 3324 2825 nulla
3363 2773 3591 2824 natura

1912 2860 2133 2932 puniri
2159 2865 2373 2930 potest,
2407 2859 2586 2915 nulla
2614 2862 2843 2915 natura
2870 2859 3092 2914 misera
3134 2857 3268 2913 erit.
3307 2856 3447 2926 Quis
3487 2869 3593 2912 au-

1923 2955 2036 3006 tem
2058 2965 2178 3004 non
2200 2948 2521 3004 crediderit
2543 2962 2775 3004 omnem
2799 2952 3084 3003 naturam
3106 2952 3214 3003 aut
3231 2947 3421 3003 Deum
3447 2959 3590 3019 esse,

1923 3043 2026 3095 aut
2057 3038 2134 3094 ab
2165 3052 2228 3094 eo
2249 3038 2483 3107 factam
2515 3036 2543 3091 ?
2571 3038 2727 3108 (cap.
2765 3039 2848 3104 l3,
2877 3051 3047 3091 num.
3081 3036 3136 3103 4,
3168 3039 3313 3092 sect.
3355 3036 3431 3103 Ι.)
3460 3035 3590 3091 Να-

1841 3102 1884 3159 C
1923 3134 2122 3184 turam
2153 3127 2502 3184 creatricem
2532 3126 2786 3181 miseriae
2806 3138 2926 3180 esse
2956 3139 3236 3195 capacem
3267 3124 3589 3180 dementis-

1920 3218 2135 3273 simum
2168 3222 2252 3272 est
2280 3215 2599 3285 suspicari.
2631 3214 2918 3271 Creatrix
2937 3219 3138 3270 autem
3156 3217 3385 3269 natura
3419 3213 3593 3285 quali

1911 3306 2157 3378 justitia
2169 3306 2469 3376 punitura
2499 3305 2578 3360 sit
2598 3309 2853 3360 naturas
2875 3318 3024 3375 quas
3040 3303 3174 3373 ipsa
3194 3303 3443 3372 creavit,
3465 3317 3589 3359 non

1921 3397 2175 3453 invenio.
2188 3396 2382 3451 Nulla
2397 3393 2615 3451 dehinc
2635 3399 2864 3451 natura
2881 3393 3172 3464 punietur
3187 3405 3213 3466 ,'
3230 3408 3351 3450 non
3363 3393 3590 3463 punita

1919 3501 2040 3543 non
2061 3486 2175 3543 erit
2202 3486 2442 3542 misera.

2591 3605 2921 3650 CORBECTIO.

1987 3702 2025 3768 -Ι-
2049 3703 2092 3758 0
2123 3699 2599 3774 disputationem
2625 3698 3023 3756 vanissimam
3053 3698 3067 3755 ι
3101 3713 3138 3755 o
3159 3697 3388 3768 dogma
3408 3696 3590 3769 pesti-

1915 3790 2148 3847 ferum!
2199 3806 2237 3846 o
2262 3789 2586 3846 vanitatem
2627 3787 2878 3845 venenis
2925 3785 3249 3845 lethalibus
3287 3783 3587 3842 oblitam!

1915 3893 2135 3951 nempe
2161 3876 2345 3950 paulo
2377 3882 2514 3933 ante
2544 3877 2786 3933 dixeras
2815 3875 2976 3948 quod
3009 3876 3074 3931 in
3113 3890 3334 3946 magno
3374 3873 3591 3931 aeterni

1915 3969 2072 4040 ignis
2095 3954 2316 4023 ardore
2332 3966 2490 4022 nihil
2510 3965 2686 4021 aliud
2701 3970 2844 4021 esset
2855 3964 3118 4034 poenalis
3137 3963 3381 4020 miseria
3405 3977 3588 4034 quam

1912 4055 2227 4128 felicitatis
2266 4053 2556 4110 absentia.
2600 4055 2769 4109 Nunc
2797 4056 3002 4109 autem
3048 4067 3121 4108 eo
3151 4066 3344 4124 usque
3381 4050 3589 4122 dispu-

1915 4144 2058 4202 tatio
2129 4147 2232 4200 tua
2281 4141 2578 4215 producta
2642 4145 2731 4198 est
2797 4145 2864 4198 ut
2929 4139 3198 4198 auferres
3255 4139 3582 4208 miseriam,

1915 4249 2104 4308 quam
2143 4232 2308 4306 prius
2352 4231 2628 4300 dederas,
2669 4235 2726 4288 et
2767 4230 2945 4288 dares
2987 4229 3350 4298 felicitatem,
3394 4245 3586 4304 quam

1914 4325 2084 4399 prius
2117 4323 2475 4381 abstuleras.
2508 4323 2715 4380 Tantis
2745 4323 2950 4397 itaque
2979 4322 3499 4381 contrarietatibus
3529 4326 3586 4379 te

1916 4416 2118 4489 ipsum
2164 4414 2444 4488 impedis,
2487 4417 2571 4483 ut,
2619 4413 3036 4487 labyrinthum
3077 4413 3410 4484 ingressus,
3441 4411 3587 4485 quia

1916 4507 2089 4564 ﬁlum
2115 4505 2377 4563 rectricis
2401 4505 2606 4577 gratias
2627 4519 2751 4560 non
2771 4503 3012 4577 quieris,
3043 4518 3168 4576 qua
3194 4501 3350 4559 elabi
3378 4500 3584 4557 valeas

1917 4597 2166 4654 minime
2207 4596 2496 4652 invenias.
2547 4593 2700 4656 Quid
2732 4594 2912 4664 igitur
2937 4594 2966 4650 ?
3010 4591 3296 4665 Nunquid
3325 4595 3583 4648 csecatus

1917 4686 2222 4760 quispiam
2265 4685 2402 4742 ideo
2444 4700 2570 4740 non
2601 4682 2827 4740 carebit
2855 4681 3066 4754 oculis,
3103 4681 3249 4755 quia
3271 4679 3582 4736 notionem

1915 4775 2264 4832 habitorum
2285 4773 2601 4846 quondam
2627 4771 2943 4829 oculorum
2967 4770 3168 4827 adhuc
3195 4770 3258 4827 in
3286 4769 3582 4828 memoria

1916 4863 2180 4920 retinet?
2209 4862 2488 4935 nunquid
2516 4859 2769 4918 claudus
2798 4859 2936 4916 ideo
2955 4859 3132 4916 rectis
3161 4858 3419 4933 pedibus
3448 4859 3578 4925 erit,

1918 4953 2066 5026 quia
2101 4951 2194 5009 vel
2236 4968 2299 5008 se
2338 4967 2613 5025 unquam
2651 4949 2833 5008 fuisse
2876 4953 3108 5006 rectum
3143 4948 3438 5020 meminit,
3483 4947 3581 5006 vel

1918 5059 2048 5101 esse
2067 5042 2389 5109 desiderat,
2421 5040 2514 5098 vel
2538 5040 2689 5097 alios
2717 5042 2912 5096 rectos
2949 5038 3226 5097 incedere
3266 5039 3582 5112 conspica-

1917 5135 2014 5190 tur
2037 5133 2066 5188 ‘l
2102 5131 2387 5204 Nunquid
2414 5129 2805 5205 paralyticus,
2839 5129 3008 5187 omni
3036 5129 3453 5187 membrorum
3496 5129 3581 5186 of-

1915 5221 2054 5279 ﬁcio
2095 5220 2432 5285 destitutus,
2461 5219 2598 5276 ideo
2639 5220 2748 5277 erit
2791 5235 2980 5278 sanus
3019 5222 3078 5276 et
3121 5218 3382 5289 validus,
3433 5218 3582 5291 quia

1915 5310 2070 5367 inest
2094 5310 2224 5381 ejus
2255 5309 2558 5366 memoriae
2597 5308 2966 5366 desiderium
2995 5312 3177 5381 atque
3206 5307 3458 5364 scientia
3487 5324 3583 5365 sa-

1915 5398 2120 5457 nitatis
2147 5399 2176 5455 ‘2
2206 5400 2294 5467 Et,
2335 5413 2411 5456 ne
2441 5398 2630 5456 multa
2649 5398 2954 5472 replicem,
2986 5396 3266 5470 nunquid
3297 5401 3582 5470 peccator

1917 5487 2166 5562 quilibet
2186 5487 2324 5544 ideo
2343 5503 2466 5544 non
2488 5487 2598 5545 erit
2614 5477 2898 5562 peccator
2916 5485 3012 5544 vel
3038 5485 3582 5560 impius,quoniam

1912 5578 2158 5650 justitias
2195 5582 2253 5634 et
2298 5578 2538 5650 pietatis
2566 5578 2876 5635 notionem
2906 5577 2967 5634 in
2998 5576 3296 5634 memoria
3324 5576 3583 5635 recolit?

1919 5670 2025 5724 aut
2053 5683 2085 5723 e
2115 5668 2416 5724 contrario
2441 5669 2639 5740 justus
2669 5672 2727 5724 et
2753 5667 2891 5740 pius
2931 5666 3157 5724 idcirco
3177 5683 3302 5725 non
3332 5667 3440 5724 erit
3459 5668 3586 5739 jus-

1919 5761 2016 5815 tus
2045 5760 2104 5816 et
2141 5757 2301 5832 pius,
2339 5758 2488 5832 quia
2523 5756 2828 5832 injustitiae
2857 5761 2916 5818 et
2940 5756 3288 5832 impietatis,
3319 5773 3455 5836 quia
3483 5773 3590 5834 pe~
