3936 6406
395 262 531 331 Μ

1368 304 1373 311 -
1443 263 1502 327 S.
1542 256 1916 327 'PRUDEN'fll
1952 252 2337 326 TREGENSIS
2376 257 2717 331 erisnam.

3694 263 3822 330 1138

393 398 555 454 unus
605 385 1017 467 adversantur,
1058 394 1153 452 vel
1194 395 1468 451 cavendo
1506 394 1602 450 vel
1652 384 1803 451 alios
1860 393 2054 467 pronia
2092 393 2139 451 Α
2170 396 2392 461 menta,
2426 397 2674 467 quando
2722 378 2903 453 etiam
2933 404 3076 452 suos
3124 402 3199 452 ne
3233 398 3291 453 in
3323 397 3451 452 haec
3500 388 3824 452 inciderent

392 486 599 544 bendo
631 486 1039 543 meminerunt
1067 485 1095 540 ‘2

472 576 643 643 Quod
687 575 847 631 enim
891 571 1137 649 scientia
1177 572 1564 630 beatitudinis
1603 573 1721 629 illic
1758 571 2059 629 damnatis

394 666 549 727 desit
577 668 826 723 testatur
848 662 1133 721 Salomon
1154 662 1260 735 qui
1285 663 1367 719 ait
1398 681 1410 719 :
1448 664 1852 735 Quodcunque
1866 668 2061 732 potest

393 770 607 812 manus
638 754 745 810 tua
767 744 1302 823 facere,instanter
1324 754 1743 824 operare,quia
1760 767 1868 808 nec
1889 766 2057 823 opus,

392 860 500 903 nec
546 836 718 910 ratio,
751 857 860 899 nec
888 838 1158 909 scientia,
1203 857 1311 898 nec
1342 842 1642 912 sapientia
1679 842 1857 898 erant
1894 839 2061 911 apud

392 928 639 1004 inferos,
674 947 789 1004 quo
823 936 887 988 tu
909 945 1204 1001 properas
1234 928 1424 998 (Eccl.
1459 948 1539 1001 1x,
1576 929 1682 1003 lo.)
1713 929 1883 996 Quod
1914 928 2059 1003 quia

390 1016 624 1081 veritati
645 1025 702 1080 et
726 1018 945 1079 rationi
972 1015 1222 1077 omnino
1245 1018 1483 1077 constat
1509 1019 1853 1088 adversum,
1876 1014 2059 1075 faten-

390 1104 541 1171 dum
588 1115 698 1177 est,
750 1107 1103 1170 auctoritate
1151 1108 1497 1166 divinorum
1545 1104 1946 1182 eloquiorum,
1996 1108 2058 1164 in

390 1194 688 1275 supplicio
711 1192 940 1276 positos
962 1198 1017 1257 et
1047 1196 1302 1255 miseros
1329 1215 1461 1254 esse
1484 1200 1539 1255 et
1564 1198 1788 1254 veterna
1808 1194 2057 1253 miseriae

389 1282 667 1348 addictos
701 1308 715 1346 :
749 1285 1084 1363 praesertim
1116 1304 1279 1355 cum,
1314 1280 1463 1343 sicut
1495 1302 1678 1360 supra
1719 1286 2054 1360 pesuimus,

388 1364 606 1438 beatus
647 1372 782 1445 Job,
822 1370 958 1434 ioca
987 1391 1324 1451 poenasque
1355 1376 1641 1447 gehennae
1688 1374 2054 1440 describens,

390 1460 606 1527 dixerit
638 1485 650 1524 :
683 1466 1022 1540 Antequam
1061 1458 1279 1522 vadum
1306 1462 1389 1522 ad
1432 1466 1655 1523 terram
1690 1462 2056 1522 tenebrosam

389 1562 446 1614 et
466 1558 737 1628 opertam
765 1556 974 1613 mortis
995 1552 1277 1626 caligine,
1299 1554 1522 1611 terram
1549 1556 1800 1611 miseriae
1821 1554 1874 1611 et
1902 1560 2057 1611 tene-

392 1638 666 1715 brarum,
708 1638 816 1702 ubi
841 1638 1049 1701 nullus
1088 1642 1256 1712 ordo,
1287 1642 1392 1700 sed
1418 1645 1810 1715 sempiternus
1842 1637 2059 1699 horror

2169 482 2370 539 doceri
2395 485 2694 558 cupiebat.
2733 488 2888 553 Quid
2933 501 3076 558 ergo
3102 493 3210 557 est,
3252 488 3314 544 in
3363 488 3606 556 inferno
3632 491 3824 543 autem

2167 574 2298 642 quis
2331 574 2710 642 conﬁtebitur
2734 577 2844 631 tibi
2871 576 2995 642 (Ps.
3028 582 3102 640 vi,
3129 576 3182 645 6)
3209 575 3237 631 ‘i’
3266 588 3342 630 an
3374 574 3676 630 infernum
3705 574 3826 630 vult

2167 664 2433 735 intelligi,
2452 674 2576 738 qUO
2596 670 2733 739 post
2754 666 3050 737 judicium
3076 666 3610 740 praecipitabuntur
3632 665 3824 739 impii,

2167 753 2272 808 ubi
2297 754 2426 824 jam
2452 761 2696 827 propter
2722 756 3141 829 profundiores
3162 756 3462 824 tenebras,
3481 755 3711 812 nullam
3730 756 3827 811 Dei

2167 843 2361 900 lucem
2394 842 2705 917 videbunt,
2740 847 2835 902 cui
2868 846 3097 919 aliquid
3125 846 3524 902 eonﬂteantur
3541 845 3597 917 ἲν]

2239 934 2281 1004 ῆι
2322 934 2379 990 Si
2409 935 2570 990 enim
2603 935 2771 991 adest
2821 936 2934 991 illis
2968 936 3239 1003 felicitas,
3273 940 3330 991 et
3366 937 3535 991 abest
3562 936 3824 1002 miseria,

2167 1023 2376 1096 procul
2394 1024 2582 1079 dubio
2595 1026 2763 1080 adest
2778 1026 2862 1081 eis
2880 1025 2978 1080 Dei
2992 1024 3285 1080 memoria
3304 1029 3484 1097 atque
3497 1025 3827 1089 confessio;

2168 1116 2392 1168 certum
2418 1118 2507 1169 est
2537 1118 2734 1169 autem
2761 1114 2990 1169 nullam
3010 1126 3139 1168 esse
3162 1104 3595 1169 beatitudinem
3616 1120 3834 1186 prater

2168 1202 2376 1258 Deum.
2397 1202 2452 1258 Si
2485 1203 2665 1272 igitur
2696 1203 2989 1258 sententia
3019 1203 3270 1258 districti
3300 1201 3593 1258 examinis
3623 1202 3833 1258 tollen-

2166 1295 2262 1347 tur
2289 1291 2477 1364 impii,
2514 1302 2588 1347 ne
2619 1292 2857 1348 videant
2900 1293 3154 1363 gloriam
3203 1290 3323 1360 Dei,
3370 1291 3639 1365 profecto
3668 1288 3834 1347 nulla

2164 1381 2474 1437 beatitudo
2507 1380 2596 1436 vel
2640 1380 2890 1437 felicitas
2932 1382 3107 1437 inerit
3150 1382 3373 1454 quibus
3409 1378 3633 1437 tollitur
3663 1382 3835 1455 capia

2166 1471 2407 1526 visionis
2440 1471 2561 1526 Dei.
2592 1472 2777 1525 Porro
2821 1476 3049 1526 certum
3095 1477 3184 1527 est
3229 1471 3290 1526 in
3338 1471 3453 1526 hac
3484 1471 3685 1527 adhuc
3714 1471 3834 1526 vita

2165 1560 2395 1632 positos
2425 1560 2677 1615 miseros
2703 1558 2840 1626 dici,
2863 1565 3119 1615 testante
3146 1560 3245 1616 illo
3270 1560 3624 1632 prephetico
3644 1560 3836 1633 poenis

2120 1682 2127 1689 ~
2167 1652 2346 1722 tante,
2379 1654 2436 1705 et
2478 1647 2795 1704 salubriter
2846 1662 3021 1704 suam
3075 1650 3379 1705 miseriam
3440 1649 3830 1722 deplorante:

388 1724 740 1795 inhabitans
766 1722 894 1807 [11].,
927 1726 1278 1806 inhabitat.]
1316 1733 1446 1802 (Job
1487 1751 1548 1813 Χ,
1588 1732 1700 1806 2t).
1733 1731 1917 1789 Audis
1944 1738 2048 1789 ter-
2096 1741 2138 1809 Β
2166 1740 2351 1795 Miser
2375 1740 2578 1810 factus
2604 1754 2733 1796 sum
2766 1745 2822 1795 et
2849 1745 3133 1795 curvatus
3158 1756 3285 1796 sum
3318 1753 3504 1813 usque
3526 1740 3588 1795 in
3609 1742 3789 1810 ﬁnem
3815 1756 3834 1795 :

389 1840 524 1881 ram
545 1818 796 1880 miseriae
816 1826 873 1879 et
900 1822 1306 1881 tenebrarum.
1329 1818 1385 1878 et
1411 1812 1598 1877 audes
1628 1818 2057 1879 damnatorum

388 1928 611 1983 negare
646 1904 980 1983 miseriam,
1017 1906 1207 1968 Audis
1258 1908 1364 1967 ubi
1397 1912 1792 1980 sempiternus
1839 1911 2059 1968 horror

384 1994 712 2083 inhabitat,
775 2005 831 2079 et
873 1988 1217 2056 felicitatem
1258 1996 1491 2055 miseris
1533 1998 1853 2072 polliceris.
1905 1994 2060 2055 Nun-

434 2078 539 2147 uid
570 2088 734 2148 dives
762 2083 859 2146 ille
888 2088 951 2145 in
988 2088 1228 2160 inferno
1266 2089 1534 2159 sepultus
1562 2088 1772 2163 petens
1803 2088 2061 2167 inaniter

434 2107 539 2147 uia
570 2107 734 2148 dives
762 2107 859 2146 uie
888 2107 951 2145 in
988 2107 1228 2160 m/erno
1266 2107 1534 2159 sepultus
1562 2107 1772 2163 petens
1803 2107 2060 2167 inaniter

387 2107 579 2253 digito
628 2174 829 2237 Lazari
854 2177 915 2234 in
943 2178 1151 2253 requie
1180 2174 1539 2252 quiescentis
1584 2178 1915 2249 refrigerari
1953 2177 2060 2234 lin-

388 2194 579 2253 aigito
629 2194 829 2237 Lazari
854 2195 915 2234 1n
943 2194 1007 2234 re
1057 2194 1151 2234 me
1180 2194 1539 2252 qutescenns
1584 2194 1915 2249 retrigerari
1953 2194 2058 2234 un-

386 2282 575 2340 guam
617 2284 812 2337 suam,
843 2256 983 2323 ideo
1012 2194 1238 2323 (beatus
1273 2266 1381 2322 erit
1431 2265 1575 2340 quia
1620 2264 2058 2324 beatitudinem

389 2350 557 2412 sinus
582 2346 841 2413 Abrahte
869 2360 994 2412 non
1033 2354 1229 2412 solum
1270 2358 1470 2411 mente
1504 2346 1805 2424 volvebat,
1852 2362 2058 2411 'verbm

386 2443 571 2504 etiam
620 2435 811 2503 oculis
860 2442 1343 2520 prospectabat?
1386 2440 1556 2517 (Luc.
1607 2452 1728 2506 xvi,
1786 2442 1869 2510 l9,
1923 2442 2056 2518 etc.)

387 2526 572 2609 AtQui
602 2526 767 2592 aliud
797 2526 989 2591 multo
1020 2530 1203 2591 verba
1232 2532 1654 2606 respondentis
1679 2532 1935 2590 Abrahae
1968 2532 2057 2589 in-

389 2618 655 2693 sinuant,
697 2624 805 2698 qui
834 2616 983 2681 dixit
1015 2642 1028 2680 :
1059 2618 1203 2692 Fili,
1246 2622 1565 2679 recordare
1604 2620 1746 2694 quia
1786 2622 2062 2694 recepisti

380 2700 549 2769 bona
573 2713 640 2769 in
667 2712 793 2770 vita
822 2716 949 2781 tua,
981 2716 1037 2768 et
1062 2708 1332 2768 Lazarus
1357 2710 1635 2766 similiter
1661 2709 1826 2766 mala
1843 2725 1865 2783 ;
1898 2728 2058 2769 nunc

389 2802 590 2858 autem
623 2801 719 2858 hic
750 2802 1123 2871 consolatur,
1147 2801 1213 2856 tu
1243 2815 1379 2857 vero
1410 2801 1705 2856 cruciaris
1736 2790 1900 2868 (Luc.
1934 2818 2053 2869 xvi,

382 2878 504 2962 15).
534 2888 681 2946 Ecce
715 2889 1014 2946 cruciatus
1048 2906 1061 2945 :
1095 2886 1199 2944 ubi
1230 2880 1480 2943 felicitas
1510 2888 1538 2943 ?
1576 2888 1735 2944 Sicut
1766 2904 1907 2958 ergo
1934 2900 2058 2946 non

386 2974 528 3036 ideo
557 2970 653 3035 vel
680 2976 985 3035 Abraham
1020 2975 1114 3034 vel
1145 2980 1403 3034 Lazarus
1436 2972 1676 3032 dicendi
1696 2980 1835 3033 sunt
1852 2978 2058 3036 miseri

2169 1833 2292 1885 tota
2322 1829 2418 1886 die
2446 1831 2838 1885 contristatus
2868 1828 3254 1900 ingrediebar
3302 1830 3426 1900 (Ps.
3469 1844 3695 1895 mm,
3746 1834 3831 1897 7);

2168 1923 2224 1975 et
2254 1919 2538 1991 Aposmlo
2573 1937 2585 1974 :
2620 1921 2802 1975 Miser
2832 1921 2926 1975 vel
2947 1922 3169 1990 infelix
3199 1935 3302 1991 ego
3328 1920 3499 1975 homo
3529 1921 3550 1976 !
3583 1920 3726 1987 Quis
3746 1934 3835 1974 me

2171 2008 2449 2064 liberabit
2477 2009 2550 2065 de
2580 2016 2828 2079 corpore
2858 2011 3065 2064 mortis
3098 2010 3279 2079 hujus
3308 2009 3337 2064 ?
3369 2004 3554 2077 (Rom.
3586 2018 3685 2066 vn.
3718 2007 3833 2077 24,)

2166 2096 2391 2169 quibus
2431 2098 2691 2153 concinit
2730 2098 2905 2153 etiam
2951 2099 3212 2154 Jacobus
3240 2098 3546 2169 apostolus
3579 2097 3788 2153 dicens
3820 2112 3831 2150 :

2168 2186 2375 2242 Miseri
2410 2190 2591 2243 estote
2618 2190 2673 2242 et
2706 2188 2901 2257 lugete
2938 2189 3088 2257 (Ja'c.
3134 2203 3213 2255 1v,
3245 2190 3325 2255 9),
3363 2188 3440 2257 Si,
3473 2186 3748 2260 inquam,
3777 2185 3834 2241 hi

2167 2274 2243 2331 de
2274 2276 2518 2348 qiiibus,
2548 2276 2823 2348 quandiu
2851 2272 2944 2331 hic
2973 2275 3208 2340 vivitur,
3240 2290 3361 2330 non
3393 2281 3481 2331 est
3511 2273 3837 2349 desperan-

2167 2363 2316 2419 dum
2344 2364 2490 2437 quin
2521 2380 2629 2437 per
2652 2364 2957 2419 salubrem
2985 2364 3423 2436 pmnitudinem
3445 2362 3837 2420 beatitudinis

2169 2452 2392 2523 gaudia
2413 2452 3162 2519 nanciscantur,vocantur
3186 2449 3548 2524 miseri,quis
3564 2440 3838 2524 ambigat

2166 2542 2706 2617 irrecuperabiliter
2748 2542 3019 2613 miseros,
3061 2555 3322 2617 quorum
3370 2545 3491 2596 tam
3539 2542 3703 2598 certa
3755 2548 3838 2600 est

2166 2631 2424 2704 pet-ditio
2448 2644 2633 2703 quam
2652 2632 2711 2686 in
2736 2644 2838 2686 eos
2855 2630 3107 2686 districti
3124 2628 3343 2702 judicis
3364 2630 3486 2687 ﬁxa
3503 2630 3837 2688 sententia?

2169 2720 2445 2788 Legimus
2474 2719 2730 2789 (dicente
2762 2720 3035 2791 Domino)
3067 2735 3080 2775 :
3112 2722 3487 2776 AS'slimat-us
3526 2736 3657 2776 sum
3697 2734 3830 2777 cum

2164 2806 2654 2865 descendentibus
2684 2810 2746 2864 in
2781 2811 2977 2865 lacum
3009 2825 3033 2865 .·
3059 2808 3262 2878 factus
3295 2825 3424 2866 sum
3474 2811 3627 2866 sicut
3663 2804 3834 2867 homo

2166 2899 2292 2954 sine
2321 2897 2625 2967 adjuturio
2652 2899 2810 2954 inter
2837 2903 3103 2953 mortuos
3138 2897 3287 2954 liber
3325 2896 3448 2969 (Ps.
3492 2912 3711 2968 xxxvii,
3762 2898 3829 2972 5).

2173 2985 2347 3051 Quod
2383 2992 2520 3041 cum
2552 2985 2648 3042 ille
2679 2986 2844 3042 Solus
2878 2987 3167 3042 veraciter
3194 2986 3391 3043 dicere
3422 2986 3702 3061 potuerit,
3734 2988 3832 3062 qui

390 3066 537 3162 guia
556 3067 862 3162 miseriam
892 3066 1094 3162 divitis
1131 3064 1725 3162 et_intuebantur,-et
1765 3064 2054 3162 sciebant,
2092 3102 2134 3162 ρ
2174 3074 2386 3131 eadem
2419 3075 2681 3131 veritatis
2726 3075 2934 3142 regula
2969 3076 3133 3131 solus
3166 3076 3363 3132 dicere
3390 3078 3581 3149 potuit
3615 3095 3628 3133 :
3676 3074 3832 3134 Venit

388 3148 476 3235 ita
520 3172 632 3214 nec
676 3155 844 3214 dives
890 3150 1028 3214 felix
1068 3154 1358 3213 beatusve
1402 3148 1511 3211 fuit
1550 3154 1694 3231 r(uia
1743 3156 1982 3212 videbat
2028 3175 2063 3213 a
2097 3148 2134 3162 υ
2174 3166 2327 3221 enim
2359 3166 2640 3234 princeps
2669 3165 2881 3220 mundi
2919 3165 3119 3235 hujus,
3155 3171 3207 3222 el
3258 3168 3321 3221 in
3367 3148 3458 3223 me
3496 3172 3613 3222 non
3661 3167 3832 3223 habet

384 3230 570 3318 longe
593 3249 649 3303 et
672 3244 1032 3303 meminerat
1060 3242 1497 3302 beatitudinem
1525 3230 1587 3299 in
1611 3244 1815 3319 requie
1838 3246 2062 3317 posito-

390 3338 531 3392 rum
556 3354 570 3405 ;
603 3335 838 3392 dieente
872 3334 1210 3409 Scriptura:
1235 3335 1526 3404 Quoniam
1548 3350 1668 3390 non
1692 3340 1773 3390 est
1796 3336 1855 3389 in
1875 3341 2064 3392 morte

395 3424 501 3496 qui
517 3432 741 3480 memor
768 3425 842 3479 sit
867 3423 973 3479 tui:
1005 3424 1068 3478 in
1086 3424 1328 3493 inferno
1359 3429 1562 3479 autem
1600 3424 1727 3495 quis
1767 3424 2065 3495 conﬁtebi-

398 3516 502 3566 tur
526 3511 636 3565 tibi
663 3510 852 3581 (Psal.
881 3526 961 3579 v1,
1003 3511 1108 3576 6)?
1147 3512 1215 3565 Et
1251 3509 1393 3565 item
1423 3527 1435 3565 :
1468 3511 1764 3582 Nunquid
1782 3510 2064 3568 narrabit

397 3598 620 3670 aliquis
639 3598 702 3654 in
722 3599 996 3668 sepulcro
1024 3598 1496 3654 misericOrdiam
1527 3604 1716 3665 tuam,
1749 3606 1804 3656 et
1842 3604 2063 3658 verita-

397 3687 517 3745 tem
551 3692 716 3744 tuam
747 3688 812 3743 in
833 3687 1233 3757 perditionem
1263 3689 1294 3742 ?
1320 3688 1600 3758 nunquid
1633 3695 2067 3758 cognoscentur

390 3777 467 3834 in
496 3775 755 3834 tenebris
782 3776 1097 3833 mirabilia
1125 3778 1254 3843 tua,
1295 3781 1351 3832 et
1381 3777 1628 3846 justitia
1659 3782 1768 3833 tua
1794 3778 1859 3833 in
1901 3783 2065 3836 terra

396 3867 715 3924 oblivionis
742 3867 937 3935 (Psal.
967 3881 1229 3933 mxvu,
1267 3868 1350 3933 i2,
1380 3865 1493 3938 13.)

473 3955 641 4012 Unde
672 3955 1067 4013 Cassiodorus
1103 3955 1167 4012 in
1210 3954 1365 4028 psal.
1404 3970 1516 4012 Liv.
1549 3954 1657 4027 [Tu
1686 3968 1851 4023 vero,
1883 3957 2062 4025 Deus,

386 4046 653 4104 deducet!
680 4059 775 4104 eos
802 4048 867 4102 in
879 4051 1131 4117 puteum
1163 4045 1445 4102 interitus
1477 4044 1600 4115 (Ps.
1630 4059 1741 4101 LIV.
1779 4045 1894 4117 24),
1920 4045 2066 4118 quia

399 4134 553 4192 dixit
575 4135 653 4191 de
669 4135 1038 4206 justis,nune
1056 4135 1199 4191 dicit
1222 4135 1298 4190 de
1316 4134 1519 4206 impiis
1547 4134 1653 4205 qui
1682 4135 1743 4189 in
1774 4134 2064 4204 gehennae

396 4222 809 4298 profunditato
820 4223 1135 4293 mergendi
1154 4227 1314 4279 sunt.
1339 4224 1563 4279 Puteus
1580 4222 1827 4294 quidem
1849 4222 2066 4281 dicitur

392 4306 601 4366 hiatus
627 4310 843 4380 patens
878 4307 943 4363 in
987 4312 1160 4364 teme
1200 4306 1430 4364 sinibus
1476 4313 1821 4376 excavatus,
1870 4324 2064 4381 aquas

397 4396 714 4456 continens
744 4397 1029 4454 humanis
1062 4398 1273 4454 usibus
1300 4397 1651 4454 attributas:
1673 4398 1882 4469 sed,ne
1900 4400 2062 4455 hunc

394 4492 651 4563 puteum
671 4492 737 4545 ut
751 4487 932 4545 talem
942 4488 1271 4560 intelligere
1282 4488 1582 4563 potuisses
1590 4458 1846 4558 ,addidit
1860 4491 2063 4547 interi-
2091 4458 2137 4518 Β

394 4585 527 4651 ius;
544 4579 620 4636 de
647 4590 777 4652 quo
799 4578 920 4636 alio
947 4578 1085 4636 loco
1104 4578 1325 4652 legitur
1356 4597 1370 4635 :
1396 4579 1606 4649 Neque
1618 4581 1856 4648 aperiat
1881 4594 2066 4650 super

392 4684 487 4727 me
505 4673 727 4740 puteus
748 4684 814 4726 os
843 4684 1020 4727 suum
1048 4669 1173 4741 (Ps.
1206 4678 1375 4737 van,
1411 4669 1529 4736 16);
1564 4666 1738 4723 fovea
1767 4668 2058 4737 mortalis,

389 4774 666 4818 mersura
690 4759 1107 4829 torribilis,ubi
1136 4775 1248 4816 nec
1278 4758 1541 4833 spatium
1573 4757 1764 4814 ullum
1787 4759 2061 4817 concedis

389 4855 513 4919 tur,
532 4867 646 4909 nec
674 4851 810 4925 ipsa
842 4851 1081 4908 miseris
1105 4851 1545 4924 respiramenta
1563 4850 2061 4923 praestantumed

389 4941 734 4999 obscuritas
763 4942 1088 5000 tenebrosa
1117 4941 1524 5010 circumdans,
1556 4940 1783 4997 amoeni
1809 4940 2058 4997 luminis

390 5028 555 5086 tollet
602 5035 963 5103 aspectum;
1004 5047 1078 5088 ex
1107 5031 1272 5104 putei
1320 5030 1621 5103 siquidem
1671 5029 2057 5086 similitudine

388 5117 683 5189 gehennae
705 5122 1008 5176 tormenta
1033 5135 1147 5176 nos
1174 5120 1462 5177 admonet
1481 5116 1855 5192 formidare.)
1880 5118 1916 5187 τ
1938 5123 2057 5176 Au-

387 5205 675 5278 gustinus
715 5205 779 5262 in
806 5206 1048 5280 psalmo
1074 5224 1132 5265 τι
1162 5226 1177 5264 :
1210 5208 1562 5271 [Confossus
1601 5207 1664 5262 in
1694 5206 1933 5263 inferno
1959 5208 2057 5265 ille

386 5296 551 5354 dives
579 5295 656 5352 de
672 5302 796 5370 quo
828 5296 1118 5354 Dominus
1140 5297 1289 5355 dixit
1316 5313 1331 5355 :
1357 5298 1474 5366 Qui
1488 5298 1792 5353 Lazarum
1820 5297 1973 5353 vidit
1991 5299 2055 5355 in

385 5386 613 5457 requie,
626 5400 689 5444 se
708 5391 907 5443 autem
935 5387 999 5443 in
1017 5389 1327 5444 tormentis
1347 5387 1584 5444 dolebat
1602 5386 1770 5454 (Luc.
1796 5388 2014 5458 xvx,24)
2039 5406 2053 5457 ;

384 5475 746 5547 uqueadeo
767 5474 1087 5532 confessus
1111 5481 1175 5532 ut
1195 5477 1376 5533 etiam
1399 5474 1629 5531 moveri
1645 5489 1786 5529 suos
1802 5473 1973 5530 Vellet
1991 5479 2057 5532 ut

386 5571 448 5618 te
465 5576 503 5619 a
522 5564 788 5635 peccatis
816 5565 1165 5622 cohiberent
1196 5572 1442 5639 propter
1460 5581 1696 5637 poenas,
1728 5581 1862 5637 quae
1886 5564 2054 5637 apud

382 5647 609 5707 inferos
634 5667 769 5709 esse
791 5669 921 5711 non
946 5654 1293 5712 creduntur.
1327 5655 1617 5721 Quamvis
1647 5667 1798 5724 ergo
1830 5654 2054 5713 frustra

384 5734 1313 5811 mmmmmiw
1338 5741 1905 5807 animum.
1928 5746 2048 5803 tor.

2173 3254 2499 3325 quidquam
2534 3254 2868 3323 (Joan.x1v,
2902 3257 3010 3325 30).
3047 3257 3251 3328 Liquet
3277 3254 3560 3311 nimirum
3601 3261 3831 3313 interna:

2174 3341 2427 3398 miserim
2467 3346 2600 3398 esse
2632 3341 3030 3415 mancipaios,
3083 3343 3307 3416 quibus
3357 3342 3644 3401 libertatis
3692 3344 3831 3401 nihil

2170 3431 2621 3507 relinquittir.At
2646 3450 2779 3507 quae
2803 3430 3051 3489 felicitas
3072 3434 3303 3507 absque
3325 3434 3594 3491 libertate
3612 3433 3641 3490 7
3664 3438 3833 3493 Cons-

2171 3524 2259 3578 tat
2278 3522 2503 3596 quippe
2526 3522 2862 3579 felicitatem
2887 3524 3118 3597 absque
3145 3523 3416 3582 libertate
3434 3524 3827 3583 infelicitatem

2172 3612 2374 3684 potius
2400 3611 2697 3685 deputari,
2725 3611 2901 3668 veluti
2929 3612 3002 3668 de
3034 3610 3396 3671 Antichristo
3418 3614 3541 3671 ﬁlio
3559 3612 3830 3689 iniquita-

2172 3701 2267 3769 tis,
2304 3698 2640 3759 SalOmonis
2671 3703 2975 3776 parabolas
3014 3706 3184 3760 tanto
3217 3709 3353 3761 ante
3383 3702 3785 3778 praedixerunt
3814 3722 3825 3759 :

2177 3788 2347 3861 Quod
2374 3792 2447 3847 sit
2473 3796 2807 3849 incessuras
2830 3795 3113 3865 feliciter.
3157 3791 3281 3863 Cui,
3314 3795 3825 3869 quemadmodum

2174 3884 2231 3936 et
2254 3876 2541 3937 omnibus
2575 3880 2863 3938 membris
2893 3884 3025 3953 ejus
3049 3883 3391 3940 transitoria
3414 3884 3692 3943 felicitate
3713 3884 3826 3960 pol-

2171 3968 2435 4026 leutibus
2466 3974 2647 4041 atque
2676 3970 3103 4043 gaudentibus,
3136 3971 3447 4030 beatitudo
3496 3989 3650 4030 veras
3688 3988 3824 4032 sem-

2173 4055 2542 4132 piternzeque
2591 4056 2886 4116 felicitatis
2937 4074 3253 4134 nunquam
3298 4058 3508 4134 aderit,
3554 4060 3824 4137 quamvis

2173 4146 2347 4203 {enea
2389 4145 2637 4204 felicitas
2682 4147 2881 4221 (Prov.
2922 4164 3066 4219 xxx,
3109 4150 3202 4217 29)
3230 4162 3301 4206 eo
3333 4166 3523 4224 usque
3555 4148 3821 4215 arriserit,

2173 4234 2365 4290 donec
2394 4250 2455 4292 se
2483 4244 2671 4306 supra
2696 4252 2867 4293 omne
2896 4238 3057 4308 quod
3084 4238 3309 4294 dicitur
3338 4236 3498 4295 Deus
3537 4246 3646 4297 aut
3680 4237 3824 4313 quod

2174 4326 2396 4381 colitur
2423 4326 2711 4395 superbus
2733 4328 2990 4383 erexerit
3014 4328 3101 4399 (II
3140 4326 3335 4385 Thess.
3378 4342 3436 4399 n,
3476 4330 3551 4402 4).
3596 4324 3676 4386 De
3714 4342 3821 4403 quo

2172 4412 2391 4485 legitur
2417 4426 2429 4469 ε
2466 4414 2645 4484 Quem
2673 4416 2963 4472 Dominus
2978 4421 3149 4473 Jesus
3168 4418 3451 4487 interﬁcit
3476 4421 3697 4488 spiritu
3717 4418 3821 4476 oris

2173 4506 2285 4567 sui,
2306 4509 2362 4561 et
2384 4506 2649 4561 destruet
2680 4507 3094 4563 illustratione
3123 4504 3416 4564 adventus
3435 4510 3531 4564 sui
3552 4508 3816 4581 (Ibid.,8).

2171 4592 2361 4648 Audis
2387 4594 2781 4661 interfectum,
2810 4595 2986 4650 audis
3016 4596 3409 4666 destructum,
3441 4602 3496 4653 et
3528 4594 3819 4654 interfecto

2170 4684 2352 4753 altius
2398 4680 2703 4738 destructo
2751 4682 3096 4740 felicitatem
3134 4684 3430 4740 attribuis.
3469 4686 3604 4742 Sine
3648 4682 3816 4742 dubio

2168 4768 2275 4841 qui
2301 4769 2652 4826 interﬁcitur
2676 4774 2857 4844 atque
2888 4772 3232 4843 destruitur,
3269 4772 3542 4830 libertate
3571 4776 3629 4830 et
3657 4770 3817 4831 felici-

2168 4852 2287 4914 tate
2340 4873 2552 4914 carens
2601 4859 2883 4932 punitur;
2917 4875 3046 4916 esse
3096 4866 3297 4917 autem
3354 4870 3493 4918 eum
3550 4867 3813 4919 naturam

2167 4948 2601 5019 creatam,quia
2624 4949 2931 5004 hominem
2956 4950 3257 5022 (quamvis
3284 4949 3532 5023 plenum
3565 4948 3813 5018 diabolo)

2165 5035 2367 5091 nullus
2397 5036 2634 5105 ignorat
2661 5054 2675 5104 ;
2709 5038 2958 5109 punitur
2991 5052 3135 5107 ergo
3180 5045 3400 5095 natura
3442 5055 3581 5095 cum
3613 5034 3814 5096 interﬁ-

2166 5124 2320 5180 citur
2346 5125 2532 5181 homo
2580 5126 2842 5198 peccati;
2877 5127 2953 5182 de
3002 5127 3176 5198 cujus
3209 5128 3496 5185 membris
3539 5118 3811 5202 propheta

2164 5211 2469 5269 intentans
2491 5212 2712 5270 clamat
2745 5231 2758 5269 :
2790 5216 3020 5284 [njusti
3044 5218 3380 5285 punientur
3418 5222 3475 5273 et
3501 5231 3695 5274 semen
3722 5217 3809 5272 im-

2154 5303 2400 5372 piorum
2419 5303 2636 5373 peribit
2658 5303 2779 5375 (Ps.
2805 5309 3131 5372 xxxvr,28).
3161 5308 3226 5360 Et
3246 5306 3533 5362 Dominus
3553 5307 3630 5362 ad
3652 5304 3811 5364 Cain:

2166 5391 2370 5448 Omnis
2398 5394 2504 5463 qui
2530 5394 2813 5450 occiderit
2838 5396 2989 5450 Cain
3015 5397 3315 5464 septulum
3339 5386 3807 5465 punietur.Quo’d

2162 5483 2329 5535 omni
2375 5481 2729 5537 meritarum
2779 5497 3094 5553 plenarum
3140 5483 3364 5539 ultione
3416 5484 3801 5540 damnabitur.

2163 5568 2314 5633 Quia
2335 5584 2478 5637 ergo
2524 5586 2647 5624 non
2696 5569 3005 5626 dubitatur
3046 5571 3244 5643 puniri
3286 5576 3555 5643 naturas,
3608 5580 3808 5643 nequa-

2158 5671 2346 5728 quam
2377 5656 2555 5713 debet
2583 5658 2812 5727 ambigi
2839 5660 3222 5732 peccatrices,
3268 5662 3325 5716 et
3366 5660 3534 5734 prius
3578 5662 3802 5733 peccato

2157 5750 2215 5821 et
2244 5746 2641 5818 postmodum
2668 5758 2853 5820 pana
2871 5748 3007 5809 ﬁeri
3029 5751 3305 5809 miseras.
