3936 6370
123 242 253 307 1237

1016 250 1104 304 DE
1144 242 1817 306 PREDESTINATIONE
1852 241 2129 301 CONTRA
2168 248 2220 303 J.
2263 244 2570 306 SCOTUhf.

3409 254 3543 313 123’8

186 375 443 431 Proinde
473 374 635 447 quod
669 374 816 429 dicis
840 377 895 428 te
924 389 1046 429 non
1077 373 1339 429 invenire
1367 373 1530 445 quali
1551 371 1779 443 justitia
1812 373 1861 426 Α
1893 386 2032 425 cum
2057 371 2167 427 sibi
2200 374 2385 429 velint
2412 374 2587 430 tribui
2615 374 2661 429 si
2691 373 2839 446 quid
2862 374 3092 442 egerint
3112 375 3257 431 boni
3282 394 3292 430 :
3317 377 3549 435 Mulier

114 466 369 522 creatrix
388 469 607 520 natura
631 464 915 536 punitura
933 464 1004 519 sit
1026 468 1271 519 naturas
1293 478 1446 535 quas
1464 464 1599 534 ipsa
1618 476 1782 516 crea-

114 556 199 610 vit
227 558 379 626 (cap.
442 559 493 621 6,
528 568 696 609 num.
728 554 811 615 16.
844 558 985 608 seet.
1024 556 1096 623 1),
1124 553 1399 624 nunquid
1428 568 1550 607 non
1582 550 1777 617 legisti

109 645 517 716 justissimum
550 647 737 698 Deum
765 658 948 698 causa
972 642 1388 698 inobedicntiae
1418 643 1646 713 primos
1679 655 1782 695 no-

118 734 225 790 stri
279 733 511 803 generis
571 736 1004 805 propagatores
1042 733 1288 805 punisse
1315 733 1341 787 ?
1374 731 1537 802 ((‘i'en.
1573 746 1656 800 ιιι,
1694 732 1778 795 16,

119 828 235 889 17.)
277 827 425 879 Nam
480 822 768 877 consultis
821 821 1054 876 Domini
1108 820 1356 876 eosdem
1412 818 1778 891 increpantis

114 912 337 977 verbis,
370 911 591 983 quibus
639 910 1076 975 benignissima
1108 910 1396 983 patientia
1427 907 1781 963 eorumdem

115 1001 552 1072 paenitudinem
587 999 915 1071 quaerebat,
938 1014 1063 1071 qua
1084 998 1311 1069 justitia
1342 998 1534 1071 puniti
1568 996 1784 1053 fuerint

114 1090 467 1145 ostenditur.
491 1092 568 1144 Et
595 1091 826 1145 vocavit
848 1089 953 1158 (ait
976 1088 1296 1160 Scriptura)
1327 1088 1610 1141 Dominus
1628 1088 1784 1141 Deus

111 1181 335 1251 Adam,
368 1186 422 1236 et
466 1180 623 1236 dixit
667 1181 767 1235 illi
798 1198 810 1235 :
879 1180 991 1236 Ubi
1035 1193 1094 1235 es
1121 1182 1150 1234 ?
1178 1178 1501 1247 Respondit
1533 1177 1731 1232 Adam
1765 1194 1778 1231 :

123 1270 336 1327 Vocem
368 1276 533 1327 tuam
567 1271 779 1326 audivi
802 1272 864 1325 in
886 1270 1211 1335 Paradiso,
1243 1274 1297 1324 et
1319 1268 1495 1324 timui
1512 1268 1657 1338 quia
1678 1281 1784 1320 nu-

108 1360 227 1415 dus
255 1365 495 1426 sum,~et
525 1359 812 1415 abscondi
840 1374 933 1415 me
960 1359 1126 1427 (Gen.
1154 1375 1234 1424 ui,
1261 1360 1367 1429 10).
1404 1358 1546 1412 Hinc
1576 1358 1782 1424 Augu-

109 1450 177 1503 sti
187 1465 304 1503 nus
325 1448 386 1503 in
408 1449 561 1504 libro
587 1448 908 1504 undecimo
924 1448 999 1503 de
1020 1448 1232 1503 Genesi
1249 1447 1326 1502 ad
1351 1444 1779 1516 litteram(cap.

110 1541 224 1610 34).
262 1538 459 1609 [Satis,
492 1539 706 1610 inquit,
742 1537 1057 1609 probabile
1087 1542 1178 1593 est
1210 1537 1398 1591 solere
1450 1539 1634 1590 Deum
1676 1548 1784 1605 per

108 1631 449 1683 creaturam
477 1626 579 1681 tali
610 1626 829 1681 actioni
856 1641 1190 1696 congruam
1217 1626 1274 1680 in
1301 1624 1497 1681 forma
1512 1624 1785 1678 humana

1890 458 2103 531 inquit,
2138 479 2316 533 quam
2350 466 2569 519 (ter/isti
2614 480 2863 533 mecum,
2898 464 2959 518 id
3003 468 3306 537 estquam
3340 467 3559 523 dedisti

1893 554 2135 605 utessct
2168 568 2427 619 mecum,
2463 555 2589 609 lucc
2638 554 2789 609 mihi
2840 553 3003 609 dedit
3052 568 3090 609 a
3140 556 3306 625 ligno
3354 563 3409 614 et
3463 557 3563 614 edi

1892 639 2095 705 (Ibid,
2128 642 2245 711 £2):
2280 643 2457 714 quasi
2489 644 2566 699 ad
2593 643 2707 699 hoc
2739 642 2882 698 data
2913 642 2986 697 sit
3023 646 3090 699 ut
3117 657 3242 699 non
3284 646 3418 717 ipsa
3446 660 3558 719 po-

1895 728 2009 782 tius
2033 729 2303 786 obedirct
2324 732 2472 801 viro,
2505 738 2560 789 et
2590 731 2774 788 ambo
2806 734 2946 787 Deo.
2980 732 3057 787 Et
3088 733 3249 789 dixit
3266 736 3559 791 Dominus

1890 819 2050 874 Deus
2082 822 2326 877 mulieri
2352 837 2375 878 ,ο
2401 823 2547 893 quid
2576 822 2687 878 hoc
2712 822 2955 891 fecisti?
2994 823 3073 878 Et
3100 823 3258 879 dixit
3288 826 3508 881 mulier
3540 842 3554 881 :

1892 909 2152 977 Serpens
2182 912 2421 966 seduxit
2451 926 2561 979 me,
2595 917 2649 967 et
2679 911 3047 967 manducavi
3074 911 3274 983 (Ibid.,
3311 914 3415 985 i3).
3441 916 3561 971 Nec

1872 997 2003 1051 ‘ista
2047 998 2361 1055 conﬁtetur
2408 1004 2743 1073 peccatum,
2796 1000 2903 1055 sed
2950 1000 3011 1055 in
3056 1000 3310 1058 alterum
3358 1003 3556 1074 refert,

1891 1085 2109 1158 impari
2158 1104 2328 1156 sexu,
2358 1090 2487 1161 pari
2532 1089 2710 1145 fastu.
2746 1092 2829 1145 Ex
2872 1089 2966 1145 his
2998 1094 3200 1146 tamen
3239 1096 3418 1147 natus
3447 1097 3560 1158 est,

1893 1192 2003 1231 nec
2033 1193 2136 1232 eos
2182 1178 2450 1235 imitatus
2476 1184 2583 1246 est,
2618 1180 2724 1235 sed
2767 1184 2969 1235 tamen
2998 1180 3124 1251 [al.,
3152 1180 3350 1254 plane]
3376 1182 3558 1255 pluri-

1891 1265 2007 1321 bus
2037 1266 2212 1323 malis
2242 1270 2536 1324 exercitus
2564 1264 2693 1342 [al.,
2716 1269 3097 1340 exercitatus]
3122 1270 3227 1342 qui
3254 1272 3403 1327 dixit
3426 1272 3556 1343 [al.,

1893 1354 2052 1427 dicit]
2101 1362 2156 1412 et
2193 1357 2333 1412 dicit
2384 1370 2582 1431 usque
2631 1358 2710 1413 ad
2764 1358 3087 1414 terminum
3140 1360 3387 1416 saeculi:
3425 1362 3557 1431 Ego

1892 1446 2025 1501 dixi
2054 1463 2067 1500 :
2101 1448 2370 1515 Domine,
2402 1449 2681 1504 miserere
2707 1449 2841 1518 mei,
2863 1462 3017 1505 sana
3047 1450 3313 1507 animam
3341 1464 3553 1522 meam,

1892 1539 2175 1608 quoniam
2216 1541 2464 1608 peccavi
2493 1539 2600 1595 tibi
2647 1540 2771 1609 (Ps.
2803 1555 2897 1607 XL,
2930 1539 3003 1611 5).
3064 1541 3299 1603 Quanto
3344 1539 3559 1596 melius

1895 1625 1981 1680 sic
2018 1632 2075 1681 et
2119 1626 2264 1682 isti?
2302 1628 2405 1682 sed
2447 1627 2647 1683 adhuc
2692 1627 2957 1683 cervices
3000 1634 3391 1700 peccatorum
3434 1642 3558 1686 non

107 1716 321 1790 primis
346 1715 461 1771 illis
492 1715 844 1770 hominibus
876 1729 1189 1787 apparere,
1219 1730 1376 1787 quos
1402 1718 1605 1769 tamen
1625 1726 1782 1767 nun-
1815 1730 1856 1783 Β
1894 1716 2241 1772 conciderat
2272 1717 2562 1773 Dominus
2593 1718 2710 1789 (Ps.
2748 1732 2989 1782 cxxvm,
3019 1721 3098 1786 4),
3127 1718 3438 1775 restabant
3471 1717 3561 1775 la-

110 1821 300 1878 quam
330 1804 604 1878 permisit
630 1803 941 1859 advertere
972 1804 1308 1859 nuditatem
1340 1818 1540 1873 suam,
1572 1816 1784 1857 eorum

112 1894 505 1950 intentionem
538 1893 598 1948 in
631 1906 894 1965 superna
926 1893 1246 1948 sustollens
1273 1912 1285 1961 ;
1313 1892 1425 1947 nisi
1456 1906 1616 1957 cum,
1648 1893 1787 1963 post

112 1986 454 2057 peceatum,
482 1981 841 2055 pudendum
868 1982 929 2037 in
960 1981 1249 2036 membris
1280 1985 1512 2036 motum
1558 1976 1783 2052 pcenali

114 2072 531 2129 membrorum
563 2072 693 2142 lege
739 2071 1082 2127 sensissent.
1111 2071 1201 2125 Sic
1232 2085 1376 2139 ergo
1418 2069 1612 2125 affecti
1645 2071 1787 2123 sunt

115 2166 180 2217 ut
211 2161 405 2217 solent
456 2160 615 2216 afﬁci
660 2160 937 2216 homines
970 2160 1086 2215 sub
1133 2158 1323 2215 oculis
1350 2158 1689 2214 hominum.
1720 2159 1786 2212 Et

114 2250 251 2307 talis
277 2242 513 2306 affectio
542 2249 618 2305 de
640 2249 869 2322 peccati
890 2264 1075 2322 poena
1096 2253 1241 2315 erat,
1264 2263 1403 2303 eum
1431 2248 1612 2303 latere
1632 2245 1783 2302 velle

113 2356 301 2412 quem
330 2339 513 2395 latere
544 2338 693 2394 nihil
722 2342 940 2411 potest,
974 2342 1031 2393 et
1058 2338 1138 2394 ab
1182 2352 1253 2393 eo
1311 2352 1554 2393 carnem
1582 2334 1782 2391 occul-

113 2432 236 2485 tare
277 2429 382 2501 qui
416 2429 613 2484 cordis
670 2428 975 2500 inspector
1024 2432 1132 2483 est.
1170 2426 1282 2484 Sed
1314 2426 1459 2499 quid
1492 2427 1709 2481 mirum
1735 2425 1783 2480 si

116 2518 379 2591 superbe
411 2518 543 2590 [al.,
576 2517 841 2592 superbi]
872 2517 1142 2573 volentes
1168 2532 1301 2572 esse
1326 2516 1478 2571 sicut
1501 2514 1605 2585 dii,
1629 2516 1784 2571 Eva-

112 2614 379 2665 nuerunt
410 2610 471 2663 in
500 2608 969 2678 cogitationibus
999 2608 1143 2671 suis,
1176 2611 1231 2663 et
1262 2606 1647 2663 obscuratum
1700 2609 1784 2661 est

111 2701 401 2769 insipiens
433 2713 536 2755 cor
562 2713 764 2753 eorum
789 2697 817 2751 ?
848 2698 1037 2768 (Rom.
1067 2714 1107 2767 1,
1128 2700 1242 2763 21).
1262 2698 1333 2751 8e
1363 2697 1591 2768 quippe
1622 2695 1785 2752 dixe-

112 2794 261 2844 runt
293 2803 414 2844 esse
432 2790 727 2857 sapientes
748 2787 809 2842 in
832 2786 1207 2843 abundantia
1234 2803 1365 2850 sua,
1389 2790 1462 2853 et,
1492 2784 1593 2841 illo
1624 2799 1784 2841 aver-

113 2881 271 2933 tente
296 2876 535 2949 faciem,
556 2878 732 2933 stulti
746 2877 901 2947 facti
918 2883 1061 2932 sunt
1078 2877 1280 2948 (Ibid,
1302 2877 1414 2946 22),
1435 2874 1599 2947 quod
1623 2874 1784 2930 enim

108 2968 235 3039 jam
270 2968 440 3039 ipsos
470 2966 742 3039 pudebat
772 2981 914 3035 erga
944 2966 1194 3036 seipsos,
1228 2965 1389 3020 unde
1421 2964 1534 3019 sibi
1564 2968 1620 3018 et
1650 2980 1783 3019 suc-

115 3058 401 3112 cinctoria
423 3056 705 3145 fecerant,
731 3054 922 3145 multo
943 3054 1358 3145 vehementius
1384 3052 1463 3108 ab
1483 3052 1583 3107 illo
1606 3052 1785 3145 etiam
1816 3089 1858 3145 ρ

115 3146 196 3201 sic
240 3145 533 3201 succincti
564 3143 751 3198 videri
780 3143 1163 3209 videbantur,
1192 3143 1319 3214 qui,
1352 3147 1645 3214 tanquam
1694 3140 1783 3197 fa-

114 3236 333 3292 miliari
365 3236 862 3306 temperamento,
897 3232 976 3288 ad
1022 3247 1126 3287 eos
1171 3231 1463 3286 videndos
1492 3245 1600 3304 per
1626 3246 1787 3287 crea-

117 3331 315 3383 turam
352 3323 652 3379 visibilem
682 3323 843 3378 velut
874 3324 1177 3378 humanos
1207 3321 1450 3377 occulos
1475 3321 1781 3377 afferebat.

116 3418 171 3473 Si
225 3417 389 3473 enim
442 3419 762 3488 propterea
793 3414 875 3469 sic
906 3412 1241 3487 apparebat
1263 3417 1326 3469 ut
1352 3413 1633 3469 homines
1661 3418 1787 3468 tan-

125 3512 313 3580 quam
348 3520 489 3560 cum
518 3504 763 3560 homine
801 3504 1210 3577 loquerentur,
1259 3502 1786 3575 quemadmodum

116 3595 423 3652 Abraham
449 3594 527 3650 ad
567 3609 860 3666 quercum
891 3592 1154 3650 Mambre
1186 3594 1352 3665 (Gen.
1384 3609 1546 3664 xvui,
1584 3593 1654 3663 1),
1686 3592 1787 3648 illa

115 3685 244 3757 ipsa
274 3701 468 3760 prope
499 3683 763 3740 amicitia
791 3682 1026 3756 pudore
1052 3683 1346 3738 onerabat
1376 3686 1515 3755 post
1568 3697 1784 3755 pecca-

118 3780 264 3846 tum,
315 3790 455 3848 quae
512 3772 805 3829 ﬁduciam
854 3771 1045 3828 dabat
1092 3778 1230 3831 ante
1284 3778 1641 3844 peccatum;
1675 3787 1785 3827 nec

114 3865 240 3936 jam
266 3865 437 3921 illam
484 3863 820 3919 nuditatem
870 3861 1179 3918 audebant
1218 3862 1536 3919 ostendere
1568 3860 1785 3918 talibus

121 3956 330 4021 oculis,
362 3971 502 4028 quae
533 3953 890 4026 displicebat
922 3955 978 4008 et
1008 3953 1151 4008 suis.

188 4044 480 4102 Dominus
521 4048 663 4115 ergo
711 4042 920 4099 volens
946 4042 1075 4113 jam
1106 4046 1473 4114 peccatores,
1502 4052 1670 4097 more
1690 4034 1787 4112 ju-

124 4134 285 4191 stitiae
318 4135 736 4203 interrogatos,
770 4131 983 4204 punire
1015 4130 1277 4203 amplius
1306 4144 1494 4203 quam
1534 4134 1659 4185 erat
1684 4127 1785 4186 illa

120 4237 299 4295 pcena
334 4222 412 4280 de
464 4238 587 4295 qua
629 4222 754 4297 jam
780 4221 1152 4290 cogebantur
1200 4220 1597 4275 erubescere:
1641 4218 1784 4286 Quis

121 4314 445 4381 nuntiavit,
474 4310 686 4384 inquit,
722 4310 832 4365 tibi
877 4310 1022 4381 quia
1070 4310 1267 4365 nudus
1299 4322 1378 4374 es,
1411 4310 1532 4364 nisi
1553 4324 1589 4364 a
1618 4310 1783 4379 ligno

122 4403 276 4473 quod
292 4416 696 4472 przeccperam
732 4399 842 4455 tibi
871 4403 1106 4455 tantum
1153 4414 1229 4454 ne
1257 4413 1332 4454 ex
1361 4412 1424 4454 eo
1455 4398 1786 4454 manduca-

122 4507 233 4563 res,
266 4493 340 4549 ab
387 4506 452 4548 eo
505 4492 722 4547 edisti?
753 4490 919 4558 (Gen.
955 4504 1037 4556 ιιι,
1077 4492 1186 4558 11.)
1220 4489 1362 4544 Hinc
1408 4488 1568 4543 enim
1617 4503 1781 4543 mors

123 4584 414 4656 concepta
461 4585 711 4654 propter
764 4579 864 4634 Dei
910 4579 1267 4634 sententiam
1313 4578 1418 4650 qui
1462 4577 1544 4633 sic
1592 4576 1786 4633 fuerat

123 4672 549 4739 comminatus,
565 4668 701 4725 fecit
716 4669 944 4725 adverti
962 4666 1581 4740 concupiscentialiter
1600 4680 1787 4723 mem-

122 4757 229 4815 bra
266 4759 371 4816 ubi
405 4760 536 4831 [al.,
568 4763 623 4814 et
653 4758 759 4829 ibi]
785 4756 925 4813 dicti
955 4762 1095 4812 sunt
1132 4759 1330 4827 aperti
1366 4758 1545 4813 oculi.
1597 4759 1664 4812 Et
1694 4772 1785 4811 se-

124 4852 323 4904 cutum
345 4851 440 4905 est
465 4847 633 4921 quod
675 4846 929 4921 puderet
958 4848 1090 4913 [al.,
1120 4847 1437 4920 puderent]
1466 4863 1479 4914 ;
1507 4847 1589 4902 Et
1626 4847 1785 4903 dixit

127 4935 352 4993 Adam:
387 4936 611 4994 Mulier
665 4952 846 5009 quam
905 4935 1122 4991 dedisti
1168 4950 1415 5000 mecum,
1464 4936 1588 4992 hac
1638 4934 1788 4992 mihi

128 5024 283 5081 dedit
331 5043 367 5084 a
419 5028 604 5097 ligno,
633 5031 688 5082 et
733 5025 829 5082 edi
868 5026 1037 5096 (Gen.
1071 5040 1285 5095 Lxxvu,
1323 5025 1432 5095 12).
1492 5023 1786 5096 Superbia

126 5115 391 5187 nunquid
421 5114 570 5171 dixit
601 5132 614 5170 :
648 5114 936 5171 Peccavi?
968 5113 1261 5186 Superbia
1292 5112 1475 5169 habet
1504 5112 1788 5169 deformi-

126 5203 304 5260 tatem
325 5204 720 5271 confusionis,
743 5207 941 5260 etnon
966 5202 1150 5259 habet
1179 5202 1571 5259 confessionis
1592 5200 1786 5257 humi-

127 5288 365 5348 litatem.
398 5292 488 5349 Ad
513 5294 629 5349 hoc
676 5293 790 5350 ista
820 5292 1161 5365 conscripta
1203 5296 1343 5348 sunt
1382 5291 1525 5364 quia
1553 5295 1611 5348 et
1638 5291 1784 5364 ipsae

130 5380 615 5451 interrogationes
666 5383 953 5438 nimirum
1002 5383 1082 5439 ad
1109 5383 1224 5438 hoc
1256 5381 1425 5438 factae
1471 5386 1612 5437 sunt
1646 5385 1788 5438 utet

132 5471 409 5527 veraciter
439 5477 495 5527 et
528 5473 743 5528 utiliter
799 5472 1233 5539 scriberentur;
1274 5472 1415 5545 quia
1448 5472 1496 5526 si
1540 5472 1787 5529 menda-

137 5556 289 5626 citer,
322 5575 442 5617 non
466 5562 669 5634 utique
702 5562 934 5617 utiliter.
966 5565 1035 5618 Ut
1058 5562 1445 5618 advertamus
1476 5578 1600 5634 quo
1632 5577 1789 5617 mor-

138 5642 215 5699 bo
252 5650 541 5721 superbiae
567 5651 844 5707 laborent
869 5651 1147 5709 homines
1194 5651 1397 5721 hodie,
1420 5666 1543 5706 non
1582 5650 1697 5706 nisi
1726 5652 1789 5707 in

141 5731 468 5799 Creatorem
497 5742 789 5799 conantes
824 5739 1042 5798 referre
1091 5740 1139 5798 si
1175 5738 1327 5815 quid
1367 5739 1595 5812 egerint
1621 5739 1787 5811 mali,

1892 1806 2094 1872 bores,
2129 1806 2387 1871 dolores,
2421 1812 2647 1863 mortes
2678 1808 2809 1875 [al.,
2837 1807 3092 1878 mortis],
3115 1811 3174 1864 et
3201 1808 3403 1864 omnis
3420 1820 3562 1864 eou-

1895 1896 2049 1951 tritio
2100 1896 2324 1965 saeculi,
2355 1900 2414 1951 et
2466 1896 2659 1967 gratia
2699 1896 2819 1963 Dei,
2870 1911 2993 1968 qua
3030 1894 3158 1970 [al.,
3199 1898 3369 1969 quia]
3414 1901 3562 1954 tem-

1893 1996 2038 2059 pore
2060 1990 2406 2058 opportuno
2428 1986 2708 2041 subvenit
2727 1985 3101 2057 hominibus,
3119 2002 3275 2060 quos
3302 1986 3575 2044 aﬂlictos-

1893 2075 2100 2131 docuit
2127 2090 2251 2131 non
2280 2075 2354 2130 de
2382 2074 2591 2148 seipsis
2616 2074 2837 2131 debere
2862 2088 3253 2148 praesumere.
3276 2077 3555 2148 Serpens,

1892 2164 2105 2237 inquit,
2134 2165 2375 2221 seduxit
2419 2179 2532 2229 me,
2575 2169 2629 2220 et
2677 2165 3084 2234 manducavi;
3126 2165 3307 2238 quasi
3360 2167 3559 2238 cujus-

1893 2270 2080 2327 quam
2112 2254 2315 2310 suasio
2342 2258 2640 2327 praecepto
2666 2253 2767 2309 Dei
2794 2252 3071 2310 debuerit
3097 2255 3414 2329 anteponit

1964 2345 2043 2398 Et
2070 2344 2231 2399 dixit
2257 2345 2547 2398 Dominus
2574 2348 2724 2399 Deus
2750 2344 3049 2412 serpenti:
3082 2342 3237 2410 Quia
3260 2345 3467 2415 fecisti
3490 2350 3557 2400 tu

1895 2433 2025 2503 hoc,
2059 2434 2416 2489 maledictus
2455 2439 2521 2488 tu
2569 2433 2647 2488 ab
2693 2432 2965 2489 omnibus
3005 2433 3346 2504 pecoribus,
3378 2442 3435 2491 et
3479 2435 3557 2491 ab

1893 2524 2167 2579 omnibus
2199 2522 2397 2579 bestiis
2425 2537 2557 2594 quae
2584 2528 2727 2578 sunt
2745 2536 2928 2592 super
2956 2528 3202 2580 terram.
3235 2524 3433 2594 Super
3455 2536 3558 2593 pe-

1894 2618 2027 2669 ctus
2056 2618 2244 2680 tuum,
2279 2618 2335 2669 et
2372 2617 2639 2668 ventrem
2674 2617 2843 2668 tuum
2870 2611 3229 2681 ambulabis,
3253 2618 3308 2669 et
3332 2618 3558 2670 terram

1894 2704 2029 2759 edes
2059 2703 2264 2758 diebus
2294 2702 2419 2775 [al.,
2443 2715 2643 2759 omnes
2672 2702 2819 2773 dies]
2847 2703 2985 2759 vitae
3007 2708 3123 2759 tua:
3150 2702 3317 2772 (Gen.
3336 2718 3418 2759 ur.
3447 2703 3557 2774 14).

1895 2798 1950 2848 et
1980 2793 2327 2848 inimicitias
2350 2806 2575 2862 ponam
2606 2793 2768 2847 inter
2798 2796 2853 2847 te
2881 2796 2937 2848 et
2960 2792 3120 2847 inter
3146 2793 3475 2859 mulierem,
3503 2797 3563 2848 et

1895 2883 2055 2937 inter
2079 2892 2275 2938 semen
2308 2886 2477 2937 tuum
2509 2887 2566 2938 et
2593 2894 2789 2938 semen
2820 2883 2968 2952 ejus.
3003 2884 3141 2954 Ipsa
3164 2880 3270 2937 tibi
3297 2880 3564 2938 servabit

1895 2975 2096 3043 caput,
2130 2976 2187 3027 et
2227 2975 2293 3026 tu
2346 2964 2615 3026 servabis
2646 2972 2777 3042 ejus
2824 2971 3177 3026 calcaneum
3212 2972 3412 3041 (Ibid,
3448 2971 3557 3043 15).

1894 3063 2038 3116 Tota
2066 3061 2179 3115 ista
2212 3060 2504 3115 sententia
2533 3058 2797 3129 ﬁgurata
2828 3064 2935 3126 est,
2967 3072 3080 3115 nec
3107 3059 3271 3115 aliud
3298 3060 3426 3127 [al.,
3459 3058 3565 3115 ali-

1895 3147 2069 3221 quid]
2095 3148 2147 3203 ei
2171 3147 2351 3203 debet
2380 3146 2682 3220 scriptoris
2708 3146 2858 3201 ﬁdes
2899 3147 3381 3219 narrationisque
3409 3146 3562 3202 veri-

1895 3242 2011 3305 tas,
2040 3237 2157 3293 nisi
2184 3252 2260 3292 ne
2302 3236 2465 3292 illam
2498 3237 2724 3292 dictam
2766 3235 2950 3291 fuisse
2979 3234 3350 3292 dubitemus.
3385 3236 3562 3302 Quod

1895 3328 2055 3383 enim
2106 3326 2370 3399 positum
2429 3330 2517 3382 est
2548 3344 2561 3382 :
2590 3327 2665 3381 Et
2703 3326 2863 3383 dixit
2890 3327 3196 3395 (Dominus
3234 3327 3392 3382 Deus
3435 3341 3563 3382 sero

1889 3418 2081 3487 penti,
2112 3416 2300 3472 verba
2329 3415 2458 3472 sola
2506 3415 2820 3472 scribentis
2867 3419 3008 3471 sunt
3040 3434 3052 3485 ;
3086 3416 3216 3472 haec
3264 3415 3564 3486 exigenda

1897 3511 2036 3562 sunt
2060 3520 2169 3578 per
2194 3502 2643 3579 proprietatem.
2676 3506 2800 3561 Hoc
2826 3519 2971 3575 ergo
2999 3521 3210 3561 verum
3243 3506 3375 3577 [al.,
3398 3505 3567 3576 vere}

1897 3596 1983 3651 est
2012 3596 2240 3651 dictum
2283 3610 2414 3650 esse
2464 3594 2722 3667 serpenti
2755 3596 2927 3666 (Gen.
2960 3611 3041 3663 ιιι,
3078 3595 3183 3665 lli),
3222 3594 3354 3665 jam
3401 3597 3564 3651 certa

1894 3684 2077 3741 verba
2100 3684 2200 3740 Dei
2228 3688 2386 3752 sunt,
2411 3700 2547 3757 quae
2577 3683 2766 3740 libero
2793 3684 3030 3741 lectoris
3048 3683 3371 3740 intellectui
3388 3683 3567 3739 relin-

1896 3778 2183 3848 quuntur,
2204 3778 2403 3829 utrum
2421 3774 2662 3846 proprie
2682 3788 2762 3829 an
2786 3773 3042 3843 ﬁgurate
3068 3772 3256 3845 accipi
3277 3771 3558 3843 debeant,

1896 3864 2049 3920 sicut
2076 3863 2136 3919 in
2163 3862 2411 3918 exordio
2439 3862 2767 3918 voluminis
2800 3863 2983 3933 hujus
3011 3861 3201 3918 nostri
3247 3860 3561 3934 praelocuti

1896 3966 2125 4007 sumus.
2160 3950 2417 4006 Proinde
2444 3950 2612 4022 quod
2644 3962 2893 4022 serpens
2924 3964 3032 4007 cur
3058 3950 3175 4006 hoc
3204 3947 3408 4005 fecerit
3432 3954 3559 4005 non

1894 4045 1982 4097 est
2001 4042 2425 4108 interrogatus,
2445 4042 2641 4111 potest
2657 4039 2847 4095 videri
2866 4039 3035 4112 quod
3054 4048 3177 4095 non
3197 4040 3326 4111 ipse
3351 4038 3561 4110 utique

1897 4130 1956 4185 id
1999 4138 2108 4185 sua
2147 4130 2278 4199 [al.,
2311 4127 2373 4183 in
2405 4127 2541 4198 sua]
2586 4130 2824 4197 natura,
2857 4132 2915 4184 et
2956 4127 3262 4185 voluntate
3315 4126 3556 4197 fecerat,

1896 4218 2003 4273 sed
2033 4216 2313 4273 diabolus
2342 4216 2417 4272 de
2446 4215 2547 4272 illo
2577 4221 2636 4273 et
2679 4231 2788 4290 per
2817 4216 2987 4273 illum
3035 4220 3093 4273 et
3133 4216 3195 4273 in
3238 4215 3339 4272 illo
3364 4216 3561 4273 fuerat

1894 4312 2195 4381 operatus,
2221 4306 2365 4380 quia
2379 4307 2531 4378 jam,
2550 4318 2623 4363 ex
2648 4298 2897 4380 peccato
2918 4307 3241 4380 impietatis
3263 4320 3335 4363 ac
3353 4320 3561 4380 super-

1894 4398 2009 4453 b‘iaa
2051 4413 2195 4463 suae,
2229 4396 2353 4465 igni
2387 4396 2719 4453 destinatus
2748 4397 2941 4453 fuerat
2968 4397 3355 4469 sempiterno.
3388 4399 3557 4452 Nunc

1896 4503 2039 4559 ergo
2065 4486 2233 4560 quod
2256 4487 2515 4559 serpenti
2535 4484 2771 4555 dicitur,
2800 4490 2856 4542 et
2881 4486 2961 4544 ad
2992 4501 3132 4543 eum
3163 4486 3271 4558 qui
3298 4500 3407 4557 per
3436 4499 3557 4541 ser-

1894 4583 2138 4651 pentem
2163 4581 2446 4650 operatus
2476 4581 2587 4646 est,
2617 4577 2825 4649 utique
2851 4576 3102 4632 refertur
3128 4574 3341 4648 procul
3366 4574 3559 4631 dubio

1895 4667 2225 4737 ﬁguratum
2253 4669 2376 4735 est;
2409 4672 2557 4721 nam
2585 4658 2648 4721 in
2675 4665 2768 4720 his
2796 4664 2997 4722 verbis
3046 4667 3303 4721 tentator
3328 4662 3426 4718 ille
3453 4662 3556 4719 de-

1896 4755 2193 4817 scribitur,
2242 4754 2439 4827 qualis
2490 4754 2694 4825 generi
2738 4754 3014 4810 humano
3054 4752 3292 4810 futurus
3346 4755 3506 4809 esset

1894 4843 2062 4915 quod
2121 4860 2312 4915 genus
2389 4842 2730 4901 humanum
2786 4843 3112 4918 propagari
3182 4847 3325 4900 tunc
3379 4840 3556 4916 cmplt

1893 4934 2142 5009 quando
2167 4932 2297 4990 haec
2327 4934 2389 4991 in
2419 4930 2732 4991 diabolum
2762 4936 2870 4998 est,
2901 4936 3195 5007 tanquam
3218 4932 3281 4990 in
3312 4946 3554 5007 serpen-

1893 5029 2035 5095 tem,
2058 5023 2292 5097 prolata
2320 5022 2629 5089 sententia,
2662 5026 2770 5078 etc.
3567 5051 3571 5055 ι

1969 5115 2038 5169 Et
2055 5113 2300 5170 mulieri
2326 5112 2480 5168 dixit
2505 5125 2527 5166 :
2554 5108 2973 5181 Multz'plicans
2996 5111 3413 5183 multiplicabo
3442 5111 3553 5167 tri-

1893 5203 2248 5261 stitiastuas
2291 5206 2347 5257 et
2376 5200 2644 5272 genitum
2693 5200 2992 5268 tuum;in
3041 5202 3306 5260 tristitiis
3344 5198 3552 5269 partes

1891 5294 2068 5364 ﬁlios,
2100 5296 2157 5347 et
2180 5291 2263 5348 ad
2289 5290 2485 5347 virum
2518 5294 2688 5346 tuum
2713 5291 3020 5347 conversio
3051 5295 3175 5359 tua,
3209 5296 3265 5347 et
3307 5290 3435 5358 ipse
3463 5287 3556 5344 tui

1895 5381 2305 5438 dominabitur
2325 5381 2493 5451 (Gen.
2510 5393 2593 5451 ιιι,
2614 5382 2718 5449 ιθ).
2737 5378 2872 5435 Haec
2889 5382 3137 5451 quoque
3155 5379 3216 5434 in
3238 5377 3553 5434 mulierem

1896 5471 1997 5527 Dei
2013 5470 2201 5525 verba
2221 5470 2475 5539 ﬁgurate
2502 5483 2572 5524 ac
2593 5469 2939 5541 prophetice
2960 5467 3150 5524 multo
3170 5467 3552 5524 commodius

1895 5559 2323 5629 intelliguntur.
2356 5560 2802 5629 Verumtamen,
2833 5556 2977 5630 quia
3000 5557 3276 5615 nondum
3309 5572 3555 5630 pepere-

1897 5654 1990 5706 rat
2016 5649 2261 5717 femina,
2285 5663 2397 5704 nec
2428 5647 2602 5704 dolor
2628 5652 2686 5704 et
2714 5646 2972 5717 gemitus
3001 5647 3313 5720 parientis,
3336 5647 3451 5703 nisi
3476 5661 3554 5704 ex

1899 5750 2153 5812 corpore
2173 5737 2382 5798 mortis
2401 5741 2492 5796 est
2504 5752 2643 5812 quae
2652 5736 2760 5797 illa
2770 5737 3060 5813 praecepti
3077 5737 3554 5813 transgressione
