3936 6452
327 342 462 396 1239

1351 337 1410 394 S.
1450 337 1820 394 PRUDENTII
1858 331 2242 392 TRECENSIS
2285 335 2602 393 EPlSCOPl

165 46 2636 118 _;:.m=————4:E—-—-——

3630 337 3779 394 1240

323 465 617 536 concepta
642 464 746 530 est;
772 461 1139 518 animalibus
1158 461 1405 534 quidem
1435 461 1615 518 etiam
1636 465 1779 517 tunc
1800 475 1986 515 mem-
2022 461 2066 513 Α
2105 457 2360 515 dixerit?
2391 461 2609 516 Omnes
2639 458 2878 532 paginae
2910 458 3252 514 divinorum
3285 458 3666 532 eloquiorum
3689 460 3781 517 ad

321 552 470 620 bris,
490 556 548 608 et
563 551 680 608 alio
701 552 973 624 quodam
1006 555 1338 624 peccasset,
1359 567 1482 606 non
1509 551 1716 624 utique
1738 549 1986 606 moritu-

322 642 426 710 ris,
459 641 657 697 etalio
699 641 972 713 quodam
1015 644 1176 696 statu
1207 640 1465 697 feliciore
1506 641 1768 711 victuris,
1798 640 1993 694 donec

325 735 463 805 post
481 731 667 786 vitam
687 729 843 786 bene
871 733 1107 800 gestam
1126 729 1188 785 in
1209 729 1423 786 melius
1445 729 1665 786 mutari
1691 743 1992 784 mereren-

326 824 442 886 tur,
477 819 630 874 sicut
661 834 845 891 supra
873 817 1153 891 pluribus
1191 818 1340 874 locis
1381 818 1840 874 insinuavimus.
1893 818 1997 870 Re-

328 907 514 964 fertur
542 907 672 962 hasc
720 923 904 979 paena
951 911 1009 963 et
1035 906 1114 963 ad
1156 907 1585 980 proprietatem
1617 905 1843 961 litterae.
1877 902 1995 960 Nisi

326 997 471 1071 quia
500 997 561 1052 id
592 997 761 1069 quod
787 997 1016 1054 dictum
1050 1001 1139 1053 est
1166 1015 1178 1053 :
1211 999 1290 1054 Et
1322 997 1404 1053 ad
1425 998 1618 1053 virum
1649 1005 1817 1052 tuum
1860 1011 1994 1051 con-

328 1087 518 1143 versio
552 1093 677 1154 tua,
710 1092 764 1142 et
789 1088 912 1156 ipse
944 1088 1038 1142 tui
1063 1087 1498 1157 dominabitur,
1524 1084 1858 1140 videndum
1907 1087 1998 1139 est

327 1176 640 1249 quomodo
656 1175 899 1248 proprie
917 1176 1110 1249 possit
1130 1175 1322 1248 accipi
1339 1193 1351 1230 :
1368 1179 1570 1247 Neque
1593 1175 1752 1230 enim
1781 1179 1834 1229 ct
1860 1178 1997 1230 ante

328 1269 646 1339 peccatum
693 1265 862 1320 aliter
909 1265 1131 1322 factam
1163 1266 1294 1337 [al.,
1321 1264 1572 1335 factum]
1603 1263 1783 1319 fuisse
1827 1262 1996 1318 decet

330 1353 572 1411 credere
596 1353 913 1410 mulierem
941 1354 1058 1410 nisi
1087 1358 1152 1410 ut
1176 1355 1268 1409 vir
1293 1353 1345 1410 ei
1377 1353 1808 1422 dominaretur,
1837 1357 1892 1408 et
1919 1350 1997 1406 ad

333 1460 475 1498 eum
503 1443 637 1516 ipsa
663 1442 978 1499 serviendo
1000 1446 1474 1511 converteretur;
1499 1443 1604 1498 sed
1623 1445 1780 1498 recte
1806 1439 1998 1513 accipi

333 1535 534 1605 potest
551 1532 710 1587 hanc
733 1531 1077 1588 servitutem
1099 1531 1498 1602 signiﬁcatam
1520 1548 1655 1604 quae
1677 1530 1997 1602 cujusdam

335 1620 700 1677 conditionis
739 1624 828 1676 est
876 1621 1075 1693 potius
1105 1637 1292 1694 quam
1318 1620 1688 1689 dilectionis;
1716 1625 1781 1676 ut
1819 1619 1998 1676 etiam

334 1710 469 1782 ipsa
501 1710 644 1767 satis
676 1710 929 1766 servitus
957 1727 1082 1784 qua
1107 1710 1382 1767 homines
1410 1709 1759 1767 hominibus
1791 1713 2000 1782 postea

2102 549 2216 603 hoc
2243 548 2404 604 diem
2443 549 2652 620 judicii
2699 548 3098 622 prastitutum
3133 548 3483 620 praedicant,
3512 557 3578 606 ut
3609 551 3674 606 in
3705 566 3782 608 eo

2101 641 2354 708 recipiat
2397 641 2824 712 unusquisque,
2857 643 2983 694 tam
3023 638 3222 709 justus
3264 639 3537 696 videlicet
3579 657 3782 713 quam

2101 729 2380 800 injustus,
2405 737 2596 800 prout
2623 731 2821 802 gessit,
2855 731 2978 786 sive
3007 729 3225 786 bonum
3255 732 3379 786 sive
3424 731 3653 788 malum
3688 731 3788 803 (II

2105 822 2242 873 (for.
2275 835 2333 887 v,
2372 820 2480 890 10).
2514 823 2581 875 Et
2608 819 2737 875 haec
2779 818 2932 874 ﬁdes
2962 822 3052 874 est
3107 818 3420 883 catholica,
3453 819 3598 892 quia
3625 836 3783 877 vera

2104 911 2283 978 atque
2315 907 2565 964 sincera.
2597 907 2749 974 Quia
2773 923 2918 978 ergo
2963 911 3193 964 certum
3221 910 3310 963 est
3333 907 3602 964 futurum
3630 925 3784 965 esse

2097 997 2414 1068 judicium,
2449 1002 2506 1054 et
2551 997 2614 1052 in
2659 1013 2730 1054 eo
2779 996 3028 1053 retribui
3077 996 3428 1069 unicuique,
3485 1002 3610 1054 tam
3665 1000 3784 1071 pio

2103 1102 2292 1157 quam
2335 1086 2545 1158 impio,
2586 1086 2752 1158 quod
2801 1091 3082 1153 meretur,
3116 1085 3507 1142 nihilominus
3537 1093 3782 1143 certum

2105 1179 2192 1230 cst
2237 1175 2386 1231 sicut
2430 1175 2626 1231 bonos
2672 1173 2828 1230 affici
2877 1175 3162 1247 praemiis,
3194 1175 3278 1230 ita
3325 1175 3519 1231 malos
3567 1175 3782 1230 addici

2107 1264 2433 1320 tormentis.
2462 1263 2639 1336 Atqui
2670 1264 3111 1336 torquebuntur
3139 1263 3335 1337 poenis
3361 1263 3786 1320 interminabi-

2102 1353 2262 1408 libus
2313 1353 2566 1420 addicti;
2601 1353 2926 1426 punientur
2973 1368 3138 1423 ergo,
3181 1353 3474 1426 quoniam
3508 1369 3634 1409 non
3682 1356 3787 1409 est

2106 1441 2266 1498 aliud
2295 1443 2510 1515 punire
2536 1459 2725 1515 quam
2752 1441 2950 1516 poenis
2982 1443 3074 1497 vel
3107 1442 3464 1499 transitoriis
3488 1442 3582 1499 vel
3604 1446 3786 1498 inter—

2105 1532 2198 1586 nis
2241 1531 2496 1588 afﬁcere.
2529 1533 2766 1587 Justum
2813 1536 2902 1588 est
2929 1531 3109 1601 igitur
3139 1537 3205 1587 ut
3251 1531 3505 1588 creatrix
3549 1536 3786 1588 natura.

2106 1621 2320 1694 puniat
2365 1620 2904 1693 prmvaricatricetn
2951 1624 3256 1690 naturam,
3295 1636 3430 1693 quae
3473 1619 3786 1677 voluntati

2107 1710 2451 1766 rectissimus
2499 1710 2760 1768 auctoris
2808 1709 2903 1766 sui
2950 1709 3280 1782 prteposuit
3319 1725 3494 1765 suam
3525 1724 3781 1782 perver-

337 1799 494 1856 servi
535 1815 668 1855 esse
714 1803 1048 1872 coeperunt,
1077 1799 1152 1856 de
1183 1815 1362 1872 paena
1413 1799 1643 1874 peccati
1671 1799 2001 1872 reperiatur
2028 1816 2072 1868 Β
2110 1800 2412 1856 sissimam
2443 1800 2834 1857 voluntatem.
2870 1798 3044 1865 Quod
3069 1799 3118 1854 si
3147 1798 3312 1855 omni
3334 1799 3544 1872 procul
3575 1798 3780 1855 ambi-

336 1893 563 1945 exorta.
596 1889 749 1945 Dixit
776 1889 1025 1962 quidem
1067 1889 1389 1962 Apostolus
1421 1905 1434 1945 :
1467 1891 1585 1946 Per
1637 1891 1995 1946 charitatem

333 1979 552 2034 servile
571 1979 824 2034 invicem
839 1978 1001 2048 (Gal.
1015 1995 1076 2050 v,
1094 1979 1205 2050 t3),
1220 1978 1324 2034 sed
1345 1994 1734 2051 nequaquam
1757 1979 1996 2042 diceret,

331 2066 589 2124 invicem
610 2067 1032 2124 dominamini.
1063 2068 1323 2125 Possunt
1346 2069 1547 2141 itaque
1575 2070 1865 2140 conjuges
1892 2083 2000 2141 per

333 2157 684 2214 charitatem
713 2156 929 2212 servire
957 2156 1238 2225 invicem,
1272 2156 1379 2213 sed
1403 2158 1718 2214 mulierem
1745 2163 1997 2230 Aposto-

328 2246 427 2303 lus
480 2261 604 2302 non
646 2245 935 2319 permittit
983 2245 1284 2303 dominari
1327 2246 1388 2302 in
1443 2245 1643 2303 virum
1674 2247 1731 2319 (Ι
1756 2249 1902 2303 Tim.
1937 2263 1997 2315 ιι,

336 2336 426 2409 t2)
452 2353 466 2392 :
493 2336 610 2392 hoc
641 2334 804 2391 enim
828 2335 959 2392 viro
1007 2335 1208 2408 potius
1238 2335 1530 2392 sententia
1557 2336 1656 2393 Dei
1685 2336 1912 2404 detulit,
1945 2339 2002 2392 et

335 2425 616 2483 maritum
660 2423 887 2482 habere
933 2424 1252 2482 dominum
1301 2426 1520 2482 meruit
1563 2425 1827 2482 mulieris
1875 2441 1998 2482 non

333 2519 574 2584 natura,
604 2514 712 2571 sed
741 2513 921 2588 culpa
953 2533 967 2572 :
1000 2513 1169 2588 quod
1194 2518 1396 2572 tamen
1429 2515 1544 2571 nisi
1590 2519 1876 2583 servetur,
1901 2515 2002 2571 de-

331 2604 687 2678 pravabitur
711 2603 976 2677 amplius
1009 2609 1250 2671 natura,
1281 2608 1340 2661 et
1369 2604 1689 2675 augebitur
1719 2605 1917 2678 culpa.

406 2693 561 2750 Dixit
587 2709 731 2764 ergo
761 2697 820 2750 et
850 2693 930 2750 ad
959 2693 1158 2749 virum
1182 2693 1346 2764 ejus:
1377 2693 1529 2762 Quia
1558 2695 1787 2751 audisti
1805 2710 1999 2751 vocem

331 2782 604 2839 mulieris
648 2789 787 2848 tuae,
819 2788 875 2840 et
904 2783 1080 2840 edisti
1106 2783 1179 2838 de
1210 2784 1393 2854 tigno,
1426 2783 1500 2839 de
1540 2799 1656 2854 quo
1699 2799 1999 2853 praecepe-

331 2887 467 2928 ram
497 2871 607 2927 tibi
632 2870 706 2927 de
733 2886 797 2928 eo
826 2872 953 2927 solo
981 2887 1102 2927 non
1133 2871 1324 2937 edere,
1357 2873 1677 2929 maledicta
1731 2877 1894 2929 terra
1936 2874 1999 2929 in

335 2959 615 3030 operibus
667 2960 822 3031 tuis;
849 2960 915 3015 in
967 2960 1229 3015 tristitiis
1258 2960 1390 3016 edes
1445 2961 1616 3018 illam
1649 2976 1846 3018 omnes
1876 2962 1999 3018 dies

334 3050 473 3105 vitae
505 3053 644 3112 tum,
675 3048 879 3118 spinas
911 3053 967 3104 et
997 3048 1250 3105 tribulos
1298 3049 1426 3106 edet
1457 3048 1582 3120 [al.,
1612 3051 1996 3122 germinabit]

2109 1906 2228 1961 guo
2255 1895 2483 1946 certum
2515 1894 2622 1957 est,
2653 1889 2819 1946 haud
2850 1905 3025 1944 secus
3057 1893 3286 1944 certum
3313 1888 3584 1961 sequitur
3637 1904 3779 1942 om—

2107 1996 2214 2034 nes
2260 1979 2607 2053 quicunque
2637 1979 2962 2051 punientur
3009 1978 3261 2033 miseros
3301 1993 3429 2034 esse
3461 1981 3778 2050 sempiter-

2104 2083 2316 2140 necque
2347 2067 2598 2123 miserim
2627 2068 2988 2134 substratos,
3018 2082 3334 2140 nunquam
3367 2066 3446 2123 ab
3468 2067 3600 2137 ejus
3645 2071 3778 2121 tam

2107 2157 2324 2212 mentis
2358 2172 2545 2228 quam
2576 2156 2846 2228 corporis
2893 2154 3259 2211 cruciatibus
3298 2171 3606 2210 evasuros.
3641 2157 3780 2210 Haec

2110 2251 2216 2314 est,
2248 2246 2520 2319 inquam,
2565 2245 2901 2301 inflexibilis
2945 2243 3176 2316 justitia
3225 2243 3565 2300 terribiliter
3614 2243 3782 2315 judi-

2109 2335 2321 2405 cautis,
2354 2351 2542 2407 quam
2574 2350 2735 2390 nunc
2781 2338 2834 2389 te
2881 2333 3149 2390 invenire
3194 2331 3602 2400 dissimulans,
3631 2335 3784 2405 post

2108 2423 2424 2498 paululum
2455 2423 2774 2496 experieris
2805 2422 3138 2480 inventam.

2180 2515 2209 2567 J
2216 2531 2315 2571 am
2336 2530 2479 2570 vero
2501 2512 2668 2586 quod
2691 2511 2946 2569 adhibes
2971 2511 3332 2568 sententiam
3361 2511 3550 2568 sancti
3570 2512 3790 2580 Augu-

2066 2591 2073 2596 ’
2111 2605 2246 2661 stini
2277 2620 2349 2660 ex
2377 2603 2530 2660 libro
2562 2603 2693 2674 ejus
2715 2601 3037 2659 undecimo
3064 2601 3140 2658 de
3172 2601 3385 2658 Genesi
3414 2601 3493 2658 ad
3512 2600 3787 2656 litteram

2111 2695 2340 2767 (cap.2t
2358 2697 2394 2764 ),
2416 2708 2541 2765 qua
2561 2691 2730 2748 dicit:
2755 2693 2997 2764 [Verum
3021 2707 3151 2746 esse
3181 2695 3360 2763 atque
3383 2689 3788 2746 manifestum

2103 2782 2346 2855 justitite
2375 2781 2488 2854 ipsi
2519 2797 2647 2837 esse
2691 2781 3078 2851 contrarium,
3106 2783 3172 2834 ut
3200 2779 3366 2835 nullo
3396 2779 3789 2852 praecedente

2111 2873 2342 2942 merito,
2377 2871 2492 2927 hoc
2522 2871 2720 2944 ipsum
2754 2870 2816 2926 in
2846 2884 3089 2943 quoque
3117 2869 3272 2924 Deus
3324 2867 3574 2924 damnet
3604 2867 3790 2940 quod

2105 2964 2168 3020 in
2195 2978 2266 3019 eo
2294 2961 2423 3035 ipse
2449 2959 2796 3032 creaverat,]
2841 2962 3140 3032 quantum
3187 2956 3412 3012 veritati
3463 2956 3787 3012 catholicae

2109 3051 2446 3110 consentiat
2471 3049 2680 3120 cuivis,
2713 3048 2891 3106 etiam
2924 3045 3292 3120 simpliciori,
3314 3048 3496 3118 patet.
3525 3043 3784 3101 Nullum

334 3137 446 3193 tibi
472 3143 528 3193 et
557 3137 690 3195 edes
713 3137 930 3207 fenum
959 3138 1116 3209 agri.
1149 3139 1222 3195 In
1251 3138 1469 3195 sudore
1492 3139 1680 3210 faciei
1715 3145 1833 3195 tuae
1865 3140 1996 3197 edes
2028 3175 2068 3232 ο
2108 3142 2267 3200 enim
2301 3144 2456 3197 Deus
2484 3139 2779 3195 damnare
2807 3135 3143 3193 credendus
3163 3139 3269 3202 est,
3289 3134 3403 3190 nisi
3425 3133 3783 3206 praeceden-

326 3241 549 3297 panem
581 3226 971 3295 tuum,donec
1001 3229 1372 3284 convertaris
1401 3229 1464 3284 in
1496 3234 1744 3292 terram,
1767 3244 1845 3285 ex
1871 3244 1996 3301 qua

332 3321 606 3386 sumptus
637 3331 716 3384 es,
746 3319 892 3388 quia
922 3321 1090 3374 terra
1120 3332 1199 3385 es,
1231 3322 1287 3374 et
1334 3318 1398 3373 in
1429 3323 1655 3374 terram
1688 3318 1796 3374 ibis
1829 3318 1995 3390 (Gen.

332 3420 412 3474 in,
451 3409 533 3472 13,
569 3408 654 3472 18,
686 3404 791 3476 19).
817 3404 966 3476 [Hoc
995 3420 1125 3461 esse
1155 3405 1218 3462 in
1257 3409 1414 3462 terra
1457 3405 1698 3462 labores
1746 3407 1996 3464 humani

336 3493 574 3564 generis
601 3492 739 3564 quis
769 3493 1054 3563 ignorat?
1085 3497 1152 3550 Et
1201 3494 1347 3567 quia
1386 3510 1511 3551 non
1551 3501 1770 3563 essent,
1803 3496 1851 3552 si
1879 3495 2002 3552 feli-

331 3581 486 3658 citas
513 3595 652 3652 quae
682 3580 745 3634 in
770 3581 1055 3652 paradiso
1085 3581 1281 3638 fuerat
1303 3586 1599 3640 teneretur
1625 3600 1748 3641 non
1777 3588 1866 3641 est
1887 3585 1999 3641 uti-

335 3683 458 3742 que
480 3667 911 3736 dubitandum,
943 3685 1015 3725 ac
1043 3685 1151 3742 per
1179 3670 1296 3726 hoc
1325 3671 1507 3728 etiam
1547 3673 1788 3746 proprie
1817 3673 2003 3730 verba

334 3757 464 3814 haec
487 3756 766 3830 primitus
787 3755 1059 3831 accipere
1084 3773 1161 3814 ne
1190 3757 1411 3831 pigeat.

406 3845 444 3913 'l'
473 3848 608 3902 Hinc
633 3849 722 3902 est
744 3845 1162 3903 incunctanter
1179 3847 1428 3919 justitia,
1453 3865 1577 3922 qua
1601 3853 1818 3906 natura
1843 3867 2004 3906 sum-

334 3951 435 3992 me
488 3935 971 4010 sempiterneque
1018 3935 1184 3993 bona
1226 3940 1284 3995 et
1329 3938 1493 4010 jusm
1520 3939 1694 4012 punit
1723 3944 2002 3996 naturam

337 4023 812 4096 superbientem,
850 4024 1064 4098 suique
1115 4026 1373 4084 Factoris
1419 4027 1743 4101 imperium
1793 4033 2004 4085 contu-

334 4113 587 4170 maciter
617 4114 1184 4184 transgredientem:
1209 4131 1348 4190 quae
1369 4116 1601 4188 punitio
1623 4116 1899 4174 bifariam
1921 4117 2007 4174 di-

334 4201 580 4271 viditur,
613 4207 671 4258 et
699 4218 884 4274 nunc,
911 4203 974 4259 in
1013 4203 1398 4261 absolutione
1429 4206 1646 4262 animae
1676 4223 1714 4263 a
1743 4223 1852 4264 suo
1878 4223 2006 4264 cor-

333 4305 506 4364 pore,
529 4296 884 4363 comparata
905 4291 1089 4364 hujus
1117 4293 1328 4366 primae
1351 4297 1862 4368 praevaricationis
1883 4315 2007 4355 me-

341 4379 477 4443 rito,
503 4379 673 4452 quod
693 4380 774 4436 ab
803 4380 937 4452 ipsa
959 4381 1161 4438 radice
1188 4381 1252 4438 in
1281 4398 1460 4441 omne
1485 4386 1846 4459 posteritatis
1871 4388 2003 4459 ejus

339 4483 533 4539 genus
561 4468 938 4526 transfusum
969 4475 1150 4544 atque
1185 4471 1462 4530 innatum
1497 4480 1606 4548 est,
1636 4480 1693 4532 et
1733 4483 2003 4550 postmo-

335 4557 486 4614 dum
525 4557 590 4614 in
630 4559 927 4630 gehenna,
959 4576 1097 4634 quas
1145 4564 1272 4619 tam
1300 4563 1484 4634 hujus
1514 4581 1703 4638 quam
1743 4565 2001 4623 aliorum

333 4648 770 4722 multiplicitate
825 4649 1148 4709 criminum
1233 4652 1557 4712 libidinoas
1579 4658 2005 4728 perverssitate

346 4743 816 4811 contractorum,
836 4741 1129 4816 acquisita
1147 4747 1260 4810 est,
1281 4743 1513 4802 dicente
1537 4745 1855 4803 Salomone
1883 4765 1896 4803 :
1927 4749 2008 4804 Et

332 4835 556 4888 cuncta
587 4845 723 4902 quae
747 4831 907 4902 ﬁunt
937 4832 1221 4900 adduces,
1251 4834 1432 4901 Deus,
1465 4836 1528 4892 in
1558 4836 1863 4906 judicium
1888 4853 2006 4908 pro

333 4921 503 4976 omni
528 4925 758 4991 errato,
805 4922 929 4978 sive
971 4921 1191 4979 bonum
1220 4923 1344 4980 sive
1387 4926 1618 4982 malum
1669 4927 1744 4982 sit
1795 4926 2005 4998 (Eccli.

329 5023 437 5070 xu.
482 5010 591 5082 14).
624 5013 691 5067 Et
737 5011 879 5069 item
913 5029 927 5068 :
958 5012 1216 5083 Laetare,
1250 5029 1394 5084 ergo
1421 5017 1668 5085 juvenis
1714 5017 1775 5073 in
1807 5017 2009 5074 adole-

331 5097 584 5154 scientia
626 5105 753 5166 tua,
779 5107 834 5158 et
864 5102 927 5158 in
960 5101 1108 5160 bona
1137 5105 1217 5160 sit
1245 5119 1350 5161 cor
1379 5108 1649 5176 tuum,in
1681 5107 1885 5163 diebus
1905 5109 2009 5177 ju-

332 5187 597 5242 ventutis
630 5193 747 5244 tum
781 5206 794 5245 :
829 5195 883 5246 et
915 5192 1163 5250 ambula
1210 5195 1274 5250 in
1321 5197 1430 5253 viis
1479 5197 1675 5253 cordis
1715 5197 1824 5263 tui,
1859 5204 1914 5252 et
1944 5198 2008 5252 in

329 5275 565 5332 intuitu
595 5279 908 5336 oculorum
939 5285 1204 5351 tuorum,
1237 5290 1293 5342 et
1324 5286 1471 5343 scito
1500 5287 1661 5358 quod
1683 5302 1798 5356 pro
1829 5287 2011 5341 omni-

334 5363 441 5422 bus
475 5364 567 5422 his
597 5368 859 5425 adducet
889 5375 945 5426 te
970 5372 1258 5429 Dominus
1288 5375 1351 5431 in
1371 5377 1674 5447 judicium
1701 5377 1900 5442 (Eccli.
1921 5391 2004 5442 x1,

331 5455 408 5528 9).
445 5455 502 5513 Si
537 5457 706 5514 nulla
757 5463 978 5517 natura
1019 5463 1320 5535 punietur,
1349 5482 1558 5539 quare,
1587 5481 1820 5538 quaeso,
1848 5463 2007 5535 judi-

330 5543 493 5600 cium
524 5545 968 5608 celebrabitur?
989 5554 1140 5609 Nam
1164 5553 1213 5609 si
1233 5570 1359 5612 non
1385 5555 1557 5628 impii
1579 5555 1638 5611 in
1664 5570 1734 5609 eo
1755 5553 2007 5626 punien-

329 5630 390 5686 di
422 5638 582 5703 sunt,
607 5652 732 5708 qua
751 5638 982 5697 ratione
1003 5641 1302 5712 judicium
1328 5645 1685 5716 agitandum
1715 5644 1809 5710 sit,
1838 5657 2004 5714 pror-

331 5731 443 5816 sus.
468 5720 682 5816 ignoro
715 5745 727 5780 τ
765 5743 844 5783 an
872 5735 1116 5803 propter
1140 5733 1338 5803 justos
1369 5740 1627 5805 tantum,
1656 5737 1722 5788 ut
1749 5730 2002 5804 prtemia

327 5807 619 5880 recipiant
663 5828 799 5886 quae
845 5822 1195 5884 merentur?
1241 5824 1387 5894 Quis
1438 5827 1555 5888 hoc
1602 5822 1694 5886 vel
1745 5820 1998 5885 demens

2107 3232 2270 3288 tibus
2291 3229 2467 3286 malis
2495 3227 2719 3284 meritis
2740 3228 2894 3299 ejus,
2927 3225 3218 3299 quoniam
3248 3224 3378 3280 haec
3408 3227 3497 3280 est
3520 3223 3781 3294 justitiae

2107 3321 2264 3377 illius
2289 3317 2598 3376 retributio
2619 3316 2920 3373 indeﬂexa
2938 3315 2999 3371 in
3022 3330 3126 3370 eos
3146 3313 3440 3370 duntaxat
3462 3327 3620 3385 quos
3640 3327 3780 3384 pcn-

2107 3411 2202 3467 nis
2234 3407 2547 3466 ultricibus
2575 3405 3094 3463 irremediabiliter
3139 3401 3502 3460 cruciandos
3553 3416 3783 3456 censor

2109 3498 2494 3573 aequissimus
2519 3495 2717 3553 tradit.
2753 3497 2832 3552 De
2857 3493 3101 3552 diabolo
3132 3497 3334 3549 autem
3387 3489 3576 3564 (quod
3603 3489 3780 3546 nullo

2109 3588 2294 3645 modo
2323 3588 2385 3644 in
2415 3603 2486 3643 eo
2512 3591 2728 3642 natura
2758 3601 2948 3658 quam
2991 3587 3144 3640 Deus
3183 3582 3427 3650 creavit,
3473 3578 3579 3635 sed
3610 3577 3780 3634 mala

2108 3677 2356 3751 propria
2385 3675 2666 3733 voluntas
2695 3690 2878 3748 poena
2906 3673 3064 3743 ignis
3097 3670 3303 3727 aeterni
3327 3667 3645 3743 plectenda
3676 3667 3776 3736 sit,

2111 3782 2222 3822 nec
2249 3766 2380 3836 ejus
2420 3769 2638 3820 natura
2669 3763 3006 3832 signiﬁcata
3053 3777 3193 3817 cum
3219 3759 3446 3816 dictum
3476 3761 3569 3813 est
3601 3773 3614 3811 :
3642 3757 3779 3812 Hoc

2111 3862 2197 3912 est
2229 3855 2466 3910 initium
2498 3854 2744 3908 Domini
2765 3852 3059 3921 ﬁgmenti,
3083 3850 3244 3922 quod
3263 3849 3428 3920 fecit,
3453 3852 3519 3902 ut
3548 3846 3778 3902 illudu-

2113 3951 2216 4000 tur
2244 3943 2319 4000 ab
2348 3942 2582 4012 angelis
2613 3943 2741 4011 ejus
2771 3940 2960 4009 (Psal.
2983 3955 3103 4007 ειη,
3125 3938 3217 4010 26)
3244 3955 3256 3992 :
3293 3935 3398 3992 sed
3427 3934 3523 3991 vel
3553 3950 3779 4006 corpus

2111 4049 2377 4100 aereum,
2423 4029 2592 4105 quod
2645 4029 2748 4086 tali
2777 4027 3070 4085 voluntati
3101 4031 3500 4098 congruenter
3528 4023 3776 4097 aptavit,

2111 4121 2207 4178 vel
2227 4121 2361 4195 ipsa
2384 4117 2683 4176 ordinatio
2713 4118 2770 4173 in
2794 4133 2916 4189 qua
2945 4132 3084 4172 eum
3107 4115 3244 4172 fecit
3265 4115 3440 4171 etiam
3468 4113 3774 4168 nolentem

2112 4211 2319 4269 utilem
2350 4209 2548 4280 bonis,
2583 4207 2675 4265 vel
2698 4207 2864 4281 quod
2895 4206 3219 4280 praesciens
3243 4221 3384 4261 eum
3414 4201 3646 4259 malum
3682 4201 3774 4256 fu-

2114 4307 2338 4372 turum,
2366 4301 2498 4357 fecit
2524 4316 2686 4369 eum,
2719 4303 2921 4354 tamen
2947 4312 3068 4353 non
3105 4295 3412 4352 abstinens
3441 4292 3775 4349 bonitatem

2114 4408 2290 4449 suam
2316 4391 2378 4447 in
2424 4387 2755 4463 praebenda
2793 4386 2920 4442 vita
2957 4390 3138 4458 atque
3185 4382 3524 4439 substantia
3557 4380 3777 4436 futura

2116 4482 2297 4539 etiam
2321 4479 2518 4536 noxiaa
2542 4475 2831 4534 voluntati
2853 4493 2866 4544 ;
2891 4473 3071 4531 simul
3091 4473 3425 4547 praevidens
3446 4475 3680 4544 quanta
3701 4469 3774 4524 de

2115 4573 2214 4630 illo
2243 4571 2409 4626 bona
2438 4574 2594 4625 esset
2623 4583 2734 4623 sua
2762 4565 3024 4622 mirabili
3066 4564 3332 4620 bonitate
3382 4578 3453 4618 ac
3481 4563 3774 4633 potestate

2115 4662 2408 4726 facturus)
2441 4657 2633 4714 multa
2679 4657 2739 4712 in
2769 4655 2985 4711 eodem
3011 4658 3069 4710 et
3097 4653 3365 4727 sequenti
3411 4649 3774 4708 duodecimo

2115 4750 2271 4807 libro
2321 4747 2558 4804 subtilis
2591 4747 2927 4818 disputator
2969 4743 3266 4812 disseruit,
3298 4755 3431 4814 quae
3479 4739 3648 4795 aliter
3700 4737 3775 4794 ab

2116 4839 2248 4896 aliis
2267 4837 2520 4909 adaeque
2539 4833 2850 4890 catholicis
2867 4831 3010 4888 viris
3028 4831 3280 4887 disserta
3295 4834 3474 4902 atque
3490 4827 3773 4895 enodata,

2117 4925 2651 5000 competentiorem
2681 4921 3017 4979 auctoritati
3045 4920 3412 4976 intellectum
3440 4918 3537 4992 pie
3589 4921 3774 4973 recte-

2117 5032 2236 5090 que
2266 5013 2674 5089 quzerentibus
2717 5011 3022 5078 exhibent,
3054 5025 3318 5082 quorum
3367 5005 3774 5063 saluberrimis

2117 5105 2396 5162 sensibus
2417 5143 2422 5147 -
2444 5103 2582 5176 pius
2633 5101 2892 5174 quisque
2923 5102 3215 5155 scrutator
3243 5095 3650 5153 inuntabiliter
3677 5111 3772 5149 ac-

2117 5193 2396 5267 quiescit:
2423 5207 2686 5265 quorum
2709 5195 2911 5246 tamen
2941 5188 3224 5261 quaedam
3247 5185 3602 5250 retractavit,
3618 5200 3774 5256 qua:-

2117 5284 2284 5350 dam,
2319 5283 2470 5338 sicut
2512 5281 2639 5354 ipse
2689 5283 2958 5346 testatur,
2991 5276 3168 5349 plura
3197 5275 3446 5348 quaesita
3470 5290 3658 5346 quam
3687 5272 3772 5327 in-

2115 5376 2297 5428 venta
2344 5374 2506 5439 sunt,
2545 5385 2757 5426 eorum
2806 5384 2940 5440 quae
2988 5366 3235 5421 inventa
3283 5367 3440 5434 sunt,
3489 5362 3772 5436 pauciora

2113 5462 2394 5530 ﬁrmata;
2423 5463 2640 5517 caetera
2684 5474 2826 5515 vero
2875 5458 2957 5514 ita
2999 5455 3216 5528 posita,
3265 5453 3424 5509 velut
3453 5453 3654 5508 adhuc
3692 5467 3770 5506 re-

2112 5550 2411 5623 quirenda
2453 5550 2585 5605 sint.
2641 5548 2872 5614 Quibus
2921 5544 3121 5601 verbis
3164 5543 3374 5598 doctor
3403 5541 3769 5598 humillimus

2111 5640 2277 5696 dedit
2319 5639 2706 5696 occasionem
2755 5636 2887 5694 aliis
2946 5639 3296 5691 sanctarum
3331 5631 3768 5703 Scripturarum

2111 5729 2627 5802 explanatoribus,
2659 5733 2723 5782 ut
2750 5743 2822 5782 ea
2849 5742 2985 5798 quin
3009 5721 3344 5779 auctoritati
3375 5720 3594 5776 divinae
3619 5735 3762 5775 scru-

2111 5817 2384 5891 pulosius
2435 5821 2796 5891 pertractata
2842 5821 2900 5873 et
2950 5812 3209 5871 lucidius
3267 5809 3586 5868 enucleata
3641 5823 3768 5868 con-
