3936 6376
148 256 282 313 1241

1099 253 1192 311 DE
1231 249 1899 311 PREDESTINATIONE
1946 249 2230 308 CONTRA
2268 251 2320 308 J.
2361 251 2586 310 SCOTU

3451 256 3588 314 1242

141 382 444 451 gruercnt,
480 376 605 432 suis
650 377 963 450 opusculis
1003 377 1217 446 indita,
1249 383 1373 436 tam
1420 375 1808 451 praesentium
1838 383 1887 437 A
1925 389 2037 430 nec
2066 374 2434 433 infructuose
2465 377 2594 449 [al.,
2621 375 3028 449 infructuosae]
3056 377 3234 434 bonae
3263 392 3375 434 nec
3396 376 3590 450 impu-

139 488 332 546 quam
358 469 761 544 posteriorum
787 469 1228 526 eruditionibus
1259 469 1578 542 aperirent.
1611 466 1725 524 Sed
1755 470 1812 523 et

138 561 270 634 ipse
321 560 384 618 in
425 575 608 633 opere
637 559 714 614 de
763 559 1007 616 Civitate
1035 560 1134 615 Dei
1167 559 1358 615 multo
1384 558 1600 614 melius
1631 562 1811 630 atque

139 649 534 706 orthodoxius
564 647 779 704 eadem
823 647 1065 705 climata
1103 647 1401 712 disseruit,
1436 648 1810 720 dissertaque

139 739 444 811 explicuit,
472 754 610 811 quae
657 737 1019 810 competenti
1065 736 1200 793 loco
1249 741 1407 810 post,
1439 736 1487 792 si
1519 736 1809 792 Dominus

141 827 440 895 annuerit,
482 826 842 883 inserentur.

215 947 461 1001 Constat
489 943 672 999 etiam
703 947 757 998 te
811 943 1224 1016 superioribus
1270 943 1476 1000 litteris
1519 942 1635 998 tuis
1665 941 1808 998 satis

141 1033 355 1105 egisse,
389 1037 455 1089 ut
501 1032 849 1089 ostenderes
895 1033 1266 1090 voluntatem
1315 1037 1804 1089 essenaturam:

140 1122 313 1183 Quod
343 1122 392 1178 si
441 1127 596 1178 esset
644 1137 878 1191 verum,
911 1122 1133 1178 mirum
1165 1128 1251 1179 est
1291 1121 1604 1196 quomodo
1647 1136 1808 1176 nunc

137 1227 214 1268 ex
239 1211 440 1268 verbis
471 1211 630 1267 beati
667 1211 984 1280 Augustini
1027 1213 1176 1268 velis
1226 1227 1514 1278 asserere,
1547 1227 1668 1267 non
1696 1226 1807 1266 na-

137 1305 366 1370 turam,
393 1301 496 1357 sed
526 1301 916 1370 voluntatem,
949 1317 1070 1358 esse
1111 1303 1512 1372 plectendum.
1559 1300 1617 1357 Si
1646 1300 1806 1356 enim

133 1389 426 1445 voluntas
474 1393 694 1446 natura
743 1394 850 1452 est,
887 1394 944 1445 et
982 1391 1284 1461 voluntas,
1324 1391 1460 1446 licet
1501 1405 1805 1464 perversa,

133 1477 406 1550 punitur,
431 1477 699 1550 profecto
723 1482 942 1535 natura
968 1480 1234 1551 punitur.
1261 1483 1408 1536 Nam
1437 1480 1547 1536 etsi
1576 1483 1805 1534 naturae

134 1581 353 1623 omnes
385 1582 422 1622 a
451 1567 618 1622 bono
647 1572 889 1622 auctore
918 1567 1095 1624 bona:
1128 1573 1268 1625 sunt
1297 1569 1597 1634 institutae,
1629 1566 1805 1623 ratio-

135 1655 306 1712 nales
335 1659 539 1712 tamen
568 1655 815 1728 proprio
851 1656 996 1712 vitio
1026 1657 1202 1713 malae
1233 1675 1355 1714 non
1385 1655 1803 1714 irrationabili-

1921 464 2057 520 nitae
2089 465 2264 522 malae
2300 466 2458 539 sint].
2495 466 2530 534 -Ῑν
2562 466 2727 522 Idem
2778 466 2840 522 in
2888 467 3140 523 eodem:
3175 469 3355 540 [Deus
3386 467 3587 540 itaque

1923 570 2106 627 super
2130 555 2356 623 omnia,
2385 556 2490 630 qui
2530 555 2798 612 condidit
2826 556 3054 627 omnia,
3087 573 3298 612 omnes
3339 562 3587 614 naturas

1917 643 2114 700 bonas
2141 649 2320 711 creat,
2363 661 2576 702 omnes
2607 645 2942 703 voluntates
2968 647 3168 718 justus
3199 647 3479 719 ordinat.)

1993 736 2460 810 +Hieronymus
2514 737 2575 793 in
2629 739 3012 810 Expositione
3056 740 3218 795 lsaite
3258 739 3584 812 prophetae,

1918 824 2073 881 libro
2099 830 2265 882 sexto
2295 837 2448 897 (cap.
2483 844 2608 894 xxv,
2641 828 2731 895 2t)
2757 847 2768 883 :
2803 829 2984 899 [Deus
3013 827 3176 884 enim
3215 827 3422 883 omnia
3451 827 3589 884 fecit

1918 912 2104 979 bona,
2137 915 2242 970 sed
2275 915 2352 972 ab
2380 915 2474 971 his
2504 916 2611 988 qui
2656 932 2766 972 sua
2810 917 3116 973 voluntate
3144 921 3286 973 sunt
3313 916 3583 990 pessimi,

1921 1003 2110 1058 semel
2138 1004 2266 1076 [al.,
2300 1006 2532 1076 semen]
2563 1010 2762 1062 ortum
2801 1006 2876 1063 sit
2902 1006 3155 1076 malum,
3187 1005 3352 1080 quod
3379 1005 3588 1062 volun-

1921 1095 2038 1146 tate
2068 1091 2152 1157 ﬁt,
2188 1109 2312 1148 non
2341 1094 2602 1165 natura]

1991 1179 2223 1249 {-ldem
2277 1181 2338 1236 in
2391 1181 2546 1238 libro
2596 1183 2765 1239 tertio
2822 1184 3060 1241 decimo
3108 1186 3262 1256 (cap.
3315 1201 3489 1252 nvu,
3523 1184 3583 1240 in

1918 1267 2037 1323 ﬁne
2067 1288 2079 1324 :
2115 1269 2218 1343 [Ex
2247 1286 2371 1344 quo
2419 1272 2807 1345 perspicuum
2839 1278 2931 1330 est
2975 1279 3194 1330 natura
3235 1274 3452 1341 bonos,
3484 1289 3586 1330 vo-

1916 1356 2144 1414 luntate
2169 1359 2360 1414 malos
2381 1360 2803 1435 ﬁeri.Denique
2825 1362 3090 1429 infertur,
3109 1363 3294 1419 homo
3316 1363 3375 1418 in
3399 1378 3587 1418 seme-

1917 1447 2072 1520 tipso
2103 1451 2338 1513 erravit,
2369 1466 2493 1506 non
2525 1455 2760 1520 natura,
2792 1452 2899 1508 sed
2941 1452 3158 1509 mentis
3187 1452 3478 1523 arbitrio]

1987 1540 2029 1608 -ι-
2063 1538 2224 1594 ldem
2274 1540 2337 1595 in
2383 1540 2537 1596 libro
2585 1541 2797 1614 quinto
2845 1543 3082 1598 decimo
3119 1546 3278 1613 (cap.
3308 1559 3422 1609 LIV,
3459 1542 3581 1612 16):

1917 1627 2062 1698 [Ego
2088 1629 2247 1683 enim
2281 1645 2420 1685 sum
2459 1646 2568 1702 per
2594 1646 2778 1702 quem
2822 1631 3106 1688 habitura
3133 1647 3196 1687 es
3222 1631 3583 1704 proselytos,

135 1748 225 1801 ter
249 1718 651 1816 appellantur.
680 1718 884 1817 itaque
933 1746 983 1800 si
1006 1745 1284 1803 voluntas
1313 1761 1602 1820 perversa
1631 1744 1804 1818 puni-
1833 1739 1879 1794 Β
1916 1731 2022 1820 θ
2046 1718 2152 1787 qui
2178 1719 2648 1820 σ’ζεῇυίβαῡνιυῖτ
2693 1721 3041 1820 πίξηίθηῖ
3074 1722 3136 1776 in
3163 1721 3302 1820 ίθῖτθ
3328 1720 3587 1820 Ρναὺξαδ

135 1838 254 1898 tur,
286 1838 343 1890 et
371 1833 650 1890 voluntas
679 1839 898 1890 natura
924 1839 1035 1902 est,
1068 1835 1413 1892 necessario
1441 1835 1710 1908 sequitur
1742 1838 1806 1890 ut

134 1927 356 1979 natura
382 1923 584 1996 puniri
609 1923 866 1980 dicatur.
896 1927 976 1980 Eo
1007 1941 1203 1997 usque
1235 1930 1436 1982 autem
1462 1924 1742 1980 voluntas
1767 1939 1805 1978 a

135 2016 358 2068 natura
385 2013 730 2080 secernitur,
755 2017 822 2069 ut
845 2015 1044 2070 Patres
1073 2013 1393 2070 orthodoxi
1425 2028 1803 2086 saepenume-

133 2116 205 2157 ro
229 2117 334 2157 eas
363 2105 736 2174 sequestrare
755 2102 889 2158 luce
919 2101 1140 2158 clarius
1170 2102 1510 2171 videantur,
1542 2117 1805 2174 quorum

134 2190 552 2247 memorabilis
575 2191 944 2262 Augustinus
972 2191 1035 2247 in
1073 2191 1228 2247 libro
1257 2191 1333 2247 de
1365 2191 1575 2248 Genesi
1605 2190 1683 2247 ad
1711 2190 1802 2246 lit-

135 2283 330 2336 teram
361 2279 682 2336 undecimo
715 2281 869 2353 (cap.
897 2281 953 2352 9)
980 2280 1064 2337 ita
1091 2281 1388 2353 loquitur:

208 2385 305 2459 [At
333 2386 518 2456 enim,
549 2386 852 2460 inquiens,
882 2387 930 2442 si
962 2389 1117 2443 Deus
1145 2388 1337 2458 vellet,
1370 2388 1550 2444 etiam
1577 2387 1672 2444 isti
1696 2387 1804 2444 bo-

135 2476 198 2532 ni
227 2481 446 2532 essent.
480 2477 715 2542 Quanto
759 2476 976 2532 melius
1006 2477 1121 2533 hoc
1148 2479 1303 2534 Deus
1331 2477 1519 2534 voluit
1546 2481 1610 2533 ut
1639 2477 1806 2550 quod

135 2565 354 2622 vellent
380 2566 624 2622 essent?
671 2565 778 2621 sed
818 2565 967 2622 boni
1014 2566 1402 2632 infructuose,
1432 2567 1574 2622 mali
1602 2571 1806 2622 autem

132 2653 386 2727 impune
416 2670 540 2710 non
584 2658 802 2717 essent,
837 2658 896 2710 et
944 2654 1004 2709 in
1051 2671 1124 2711 eo
1177 2656 1310 2728 ipso
1341 2654 1472 2711 aliis
1503 2655 1676 2711 utiles
1713 2670 1805 2710 es-

135 2743 314 2800 sent?
341 2744 453 2802 Sed
475 2743 833 2818 praesciebat
856 2745 1026 2817 quod
1046 2761 1256 2800 eorum
1278 2737 1481 2801 futura
1506 2745 1633 2816 [al.,
1657 2744 1808 2818 quid

133 2849 350 2889 eorum
389 2833 639 2905 factura]
683 2837 842 2889 esset
890 2833 1172 2890 voluntas
1216 2835 1398 2902 mala,
1453 2834 1809 2907 praesciebat

139 2939 313 2994 sane,
359 2927 416 2979 et
452 2922 602 2996 quia
650 2921 773 2978 falli
823 2938 948 2979 non
984 2927 1182 2996 potest
1228 2925 1359 2995 ejus
1404 2923 1803 2996 praescientia,

133 3011 273 3069 ideo
319 3027 445 3068 non
484 3011 697 3084 ipsius,
739 3011 848 3067 sed
899 3027 1111 3068 eorum
1160 3016 1249 3068 est
1284 3011 1566 3068 voluntas
1617 3011 1804 3067 mala.

135 3102 251 3156 Cur
280 3115 428 3170 ergo
457 3115 561 3155 eos
585 3099 827 3163 creavit,
858 3115 1014 3172 quos
1046 3099 1192 3155 tales
1224 3099 1458 3155 futuros
1489 3114 1618 3154 esse
1656 3115 1808 3172 prze-
1837 3093 1878 3150 C

135 3189 408 3246 sciebat?
435 3188 606 3257 Quia,
639 3187 791 3244 sicut
819 3187 1095 3260 praevidit
1135 3187 1283 3260 quid
1329 3188 1472 3243 mali
1496 3193 1695 3243 essent
1719 3187 1804 3243 fa-

135 3279 311 3346 cturi,
363 3277 446 3333 sic
493 3276 673 3333 etiam
726 3276 1004 3350 praevidit
1052 3277 1127 3333 de
1163 3275 1339 3332 malis
1383 3275 1554 3332 factis
1597 3292 1808 3332 eorum

134 3368 284 3442 quid
329 3366 475 3422 boni
521 3371 675 3422 esset
718 3367 844 3440 ipse
874 3365 1164 3422 facturus.
1199 3367 1291 3422 Sic
1323 3367 1482 3423 enim
1516 3383 1618 3422 eos
1651 3367 1805 3437 fecit,

134 3462 198 3514 ut
222 3457 308 3514 eis
339 3454 704 3528 relinqueret
731 3455 891 3512 unde
917 3460 975 3512 et
995 3456 1110 3528 ipsi
1137 3455 1367 3528 aliquid
1386 3454 1668 3522 facerent,
1683 3470 1808 3528 quo

135 3545 435 3620 quidquid
467 3545 648 3602 etiam
680 3545 1057 3620 culpabiliter
1084 3546 1392 3616 eligerent,
1422 3545 1594 3601 illum
1633 3545 1708 3601 de
1744 3561 1809 3602 se

134 3635 518 3692 laudabiliter
541 3639 894 3708 operantem
924 3637 1275 3692 invenirent.
1293 3640 1339 3691 A
1365 3651 1427 3691 se
1459 3636 1686 3709 quippe
1709 3635 1813 3692 ha-

133 3725 278 3783 bent
307 3726 681 3782 voluntatem
711 3725 958 3794 malam,
984 3726 1063 3782 ab
1094 3726 1194 3781 illo
1218 3730 1420 3782 autem
1443 3731 1498 3782 et
1527 3732 1808 3782 naturam

134 3816 388 3883 bonam,
423 3821 479 3872 et
500 3817 676 3888 juxta
704 3833 951 3889 pcenam
978 3816 1089 3872 sibi
1121 3817 1391 3872 debitam
1423 3816 1648 3884 locum,
1679 3816 1812 3873 aliis

137 3907 214 3977 [et
240 3908 472 3978 justam
529 3921 776 3978 poenam
825 3906 939 3961 sibi
991 3906 1266 3962 debitum
1317 3905 1517 3961 locum
1565 3905 1811 3985 aliis....]

137 3995 574 4052 exercitationis
605 3993 1045 4051 adminiculum
1074 3999 1130 4050 et
1173 3995 1403 4051 timoris
1438 3995 1810 4068 exemplum-

143 4085 254 4140 Sed
282 4088 557 4158 possunt,
589 4084 890 4156 inquiunt,
924 4084 1104 4140 etiam
1135 4083 1407 4157 ipsorum
1435 4085 1811 4140 voluntatem

142 4172 200 4228 in
229 4173 464 4230 bonum
514 4177 877 4235 convertere,
904 4173 1199 4246 quoniam
1245 4173 1628 4246 omnipotens
1679 4174 1812 4230 est?

143 4263 348 4319 Posset
368 4262 572 4336 plane.
609 4262 726 4317 Cur
755 4277 898 4332 ergo
926 4278 1050 4317 non
1077 4261 1258 4318 fecit?
1289 4263 1442 4328 Quia
1459 4261 1671 4318 noluit.
1696 4264 1813 4320 Cur

142 4352 417 4422 noluerit,
447 4367 634 4425 penes
667 4351 872 4424 ipsum
902 4351 1035 4426 est.]

210 4461 252 4532 -ι-
273 4459 438 4516 Idem
469 4459 531 4515 in
561 4457 714 4514 libro
745 4464 962 4514 octavo
1009 4458 1165 4530 (cap.
1205 4460 1289 4524 19)
1315 4475 1328 4513 :
1364 4458 1578 4529 [Locus
1607 4458 1809 4530 itaque
1841 4448 1884 4504 Π

144 4564 401 4618 magnus
445 4564 643 4622 neque
692 4547 1146 4620 praetereundus
1199 4548 1574 4620 proponitur,
1617 4551 1683 4604 ut
1724 4547 1811 4602 in-

146 4641 421 4694 tueamur
449 4640 750 4710 quantum
779 4653 1108 4710 possumus
1155 4653 1310 4709 opus
1359 4635 1574 4692 divinae
1606 4637 1806 4709 provi-

145 4726 354 4784 dentize
386 4727 739 4800 bipertitum
767 4727 830 4782 in
864 4735 1081 4782 natura
1110 4731 1166 4783 et
1193 4726 1545 4798 voluntate]
1577 4727 1612 4793 'l'
1643 4727 1808 4783 Unde

147 4831 279 4872 cum
325 4815 496 4872 nulta
543 4816 759 4872 utiliter
800 4815 1208 4888 veraciterque
1261 4815 1598 4878 dissereret,
1658 4815 1810 4872 inter

149 4913 356 4964 caetera
386 4907 674 4963 veraciter
703 4906 783 4962 ait
806 4905 1174 4975 Augustinus
1193 4907 1348 4977 (cap.
1373 4907 1464 4978 23)
1489 4922 1502 4961 :
1537 4907 1810 4976 [Naturas

151 5010 352 5052 creans
400 4995 689 5067 bonitate,
747 4994 1086 5051 voluntates
1135 4994 1424 5050 ordinans
1474 4999 1807 5067 potestate;

151 5089 212 5139 ut
236 5085 294 5142 in
324 5086 554 5143 naturis
585 5085 773 5141 mulla
801 5085 876 5141 sit
919 5100 1055 5156 quae
1086 5099 1208 5139 non
1255 5083 1333 5139 ab
1363 5083 1463 5139 illo
1497 5082 1588 5151 sit,
1623 5083 1684 5138 in
1712 5100 1812 5138 vo-

149 5170 472 5232 luntatibus
505 5178 708 5231 autem
738 5173 904 5230 nulla
968 5173 1131 5230 bona
1163 5173 1255 5238 sit,
1290 5172 1384 5229 cui
1434 5187 1557 5228 non
1587 5173 1806 5244 prosit;

149 5262 311 5320 nulla
333 5264 498 5321 mala
523 5265 615 5332 sit,
648 5279 774 5338 qua
801 5263 955 5319 bene
985 5262 1070 5318 uti
1096 5278 1218 5319 non
1251 5262 1483 5335 possit.]

219 5381 254 5443 1'
283 5383 425 5437 ltem
457 5380 865 5450 Augustinus:
900 5380 1032 5450 [Qui
1060 5395 1374 5452 nunquam
1408 5378 1489 5433 ita
1518 5376 1810 5450 punitvo-

153 5464 433 5526 luntatem
463 5470 715 5538 malam,
747 5473 811 5525 ut
841 5474 1070 5524 naturae
1108 5470 1367 5542 perimat
1404 5467 1809 5538 dignitatem]

155 5553 187 5619 i-
210 5559 272 5610 Et
292 5559 470 5629 paulo
487 5563 650 5633 post:
679 5561 853 5630 [Ergo
877 5559 972 5614 Dei
997 5559 1370 5631 providentia
1387 5573 1600 5626 regens
1629 5562 1808 5628 atque

160 5642 576 5704 administrans
628 5648 973 5703 universam
1005 5652 1363 5718 creaturam,
1390 5651 1446 5703 et
1476 5651 1722 5701 naturas
1753 5649 1810 5700 ct

163 5729 507 5809 voluntates,
543 5743 792 5795 naturas
843 5743 907 5792 ut
948 5736 1083 5807 sint,
1116 5737 1453 5796 voluntates
1499 5740 1703 5793 autem
1745 5739 1809 5792 ut

1915 1807 2056 1878 (Isa.
2090 1824 2202 1876 LIV,
2239 1810 2348 1874 16),
2381 1808 2495 1864 hoc
2543 1813 2650 1876 est,
2683 1809 3019 1878 diabolum,
3069 1811 3347 1866 omnium
3397 1809 3588 1866 malo-

1914 1911 2052 1950 rum
2077 1895 2392 1961 artiﬁcem,
2414 1913 2536 1952 non
2568 1899 2919 1954 necessitate
2945 1903 3197 1965 naturae,
3227 1899 3334 1954 sed
3363 1898 3583 1954 mentis

1915 1984 2190 2041 arbitrio:
2225 1986 2330 2058 qui
2363 1987 2673 2043 suscitabit
2693 1987 2994 2053 incendia,
3012 1992 3070 2044 et
3097 1988 3358 2061 proferet
3375 1991 3585 2043 contra

1915 2078 1970 2127 te
2000 2089 2164 2142 vasa,
2195 2074 2406 2146 quales
2456 2075 2696 2131 fuerunt
2744 2076 2950 2132 Simon
2999 2080 3056 2132 et
3105 2076 3346 2149 Elymas
3396 2075 3580 2145 magi,

1916 2163 2083 2216 Petro
2135 2167 2190 2217 et
2240 2163 2422 2219 Paulo
2472 2163 2762 2237 apostolis
2799 2164 3164 2221 resistentes.
3216 2168 3336 2236 Ego
3385 2164 3584 2221 creavi

1914 2249 2352 2307 interfectorem
2384 2268 2594 2309 eorum
2624 2252 2727 2326 qui
2757 2253 3048 2310 increduli
3079 2259 3218 2310 sunt
3241 2253 3583 2318 futuri,non

1916 2339 2084 2411 quod
2128 2355 2241 2409 ego
2285 2345 2397 2396 sun
2429 2357 2614 2398 causa
2643 2341 2993 2414 perditionis
3022 2331 3392 2410 eorum,‘sed
3417 2341 3584 2415 quod

1917 2432 2152 2484 creatus
2182 2428 2569 2486 adversarius
2615 2430 2694 2487 ad
2725 2431 3148 2503 pugnandum,
3177 2437 3235 2488 et
3256 2431 3425 2488 victis
3453 2447 3580 2504 per,

1917 2518 2062 2574 ditio
2092 2523 2149 2574 et
2169 2518 2494 2575 victoribus
2515 2537 2705 2576 causa
2726 2521 2800 2576 sit
2823 2521 3230 2594 praemiorum,
3249 2537 3583 2594 omnesque

1916 2608 2020 2681 qui
2051 2613 2260 2664 contra
2291 2612 2345 2665 te
2378 2627 2414 2667 a
2441 2610 2613 2667 fabro
2658 2609 2936 2667 sumante
2967 2615 3106 2668 sunt
3135 2611 3428 2677 fabricati,
3459 2625 3583 2666 non

1917 2697 2269 2767 dirigentur,
2331 2699 2438 2756 sed
2483 2704 2540 2757 et
2587 2705 2911 2774 praesentes
2961 2717 3175 2774 poenas
3224 2701 3480 2757 sentient
3528 2704 3585 2756 et

1916 2786 2195 2859 futuras]

1988 2877 2214 2943 ‘i'ldem
2259 2879 2320 2934 in
2379 2883 2546 2935 sexto
2599 2879 2837 2936 decimo
2883 2880 3038 2952 (cap.
3092 2895 3214 2952 le,
3272 2880 3366 2950 8):
3433 2877 3586 2954 [Viae

1917 2981 2121 3022 eorum
2171 2983 2476 3035 perversa:
2519 2968 2678 3039 (Act.
2712 2985 2831 3034 vm,
2869 2969 2978 3038 l3),
3029 2984 3151 3024 non
3193 2972 3430 3040 natura,
3477 2967 3585 3025 sed

1917 3056 2166 3127 propria
2195 3055 2548 3127 voluntate.]

1989 3145 2031 3214 -ιι
2064 3144 2210 3198 Cum
2239 3143 2416 3214 igitur
2441 3144 2663 3201 clareat
2686 3145 3058 3202 voluntatem
3090 3162 3214 3203 non
3253 3162 3384 3202 esse
3407 3150 3583 3202 natu-

1917 3247 2072 3303 ram,
2094 3248 2218 3304 quo
2241 3238 2419 3304 pacto
2441 3232 2502 3288 id
2522 3233 2688 3306 quod
2706 3238 2923 3292 natura
2943 3251 3066 3292 non
3093 3241 3200 3303 est,
3221 3235 3421 3309 puniri
3451 3251 3588 3308 pos-

1920 3321 2014 3389 sit,
2049 3320 2298 3377 minime
2321 3321 2573 3379 intueor.
2604 3323 2718 3380 Sed
2741 3325 2974 3396 quoties
3001 3325 3332 3382 voluntates
3353 3341 3590 3398 perver-

1920 3428 2022 3480 sae,
2057 3410 2119 3466 id
2168 3415 2254 3466 est
2300 3416 2568 3484 peccata,
2602 3412 2780 3485 plecti
2812 3413 3112 3484 dicuntur,
3146 3415 3587 3487 metonymicos

1919 3500 2119 3573 potius
2135 3501 2556 3574 accipiendum
2573 3502 2870 3572 existimo,
2882 3503 3156 3561 videlicet
3179 3504 3456 3560 cfiectum
3478 3521 3588 3578 pro

1920 3589 2232 3657 efﬁciente,
2261 3589 2323 3645 id
2355 3595 2446 3646 est
2473 3591 2840 3648 voluntatem
2878 3608 2988 3665 pro
3012 3593 3266 3658 volente,
3298 3599 3354 3650 et
3383 3609 3592 3667 pecca-

1922 3683 2049 3735 tum
2075 3696 2186 3752 pro
2213 3686 2500 3752 peccante
2539 3680 2758 3737 debere
2785 3681 3053 3752 intelligi.
3089 3682 3386 3748 Quoniam
3415 3683 3473 3738 id
3498 3683 3593 3752 ju-

1923 3768 2253 3824 stissimum
2280 3768 2579 3836 duxerim,
2623 3774 2688 3826 ut
2738 3770 2844 3842 qui
2892 3770 3018 3826 vult
3063 3786 3362 3843 perverse,
3395 3770 3456 3826 id
3503 3775 3593 3827 est

1922 3857 2028 3930 qui
2058 3862 2286 3931 peccat,
2321 3857 2449 3930 ipse
2479 3859 2646 3931 quod
2692 3863 2952 3914 meretur
2980 3859 3262 3932 recipiat:
3292 3875 3436 3915 nam
3465 3859 3593 3915 ani-

1923 3963 2026 4002 mo
2055 3947 2291 4003 volente
2319 3963 2542 4019 corpus
2593 3947 2831 4019 operari
2879 3954 3106 4004 certum
3151 3953 3276 4005 est:
3309 3954 3593 4022 operatur

1924 4051 2068 4105 ergo
2096 4035 2334 4091 animus
2380 4035 2665 4108 quaedam
2695 4051 2803 4108 per
2849 4052 2911 4093 se
2962 4037 3386 4094 tantummodo
3435 4037 3593 4107 cogi-

1925 4127 2132 4197 tando,
2163 4126 2445 4200 quaedam
2491 4143 2599 4201 per
2627 4143 2848 4199 corpus
2898 4127 3010 4184 sibi
3041 4128 3352 4186 subditum
3383 4145 3594 4202 perpe-

1924 4214 2179 4272 trando:
2239 4216 2442 4288 itaque
2490 4215 2726 4273 volente
2779 4216 2984 4273 animo
3041 4234 3262 4291 corpus
3317 4218 3588 4292 perlicit:

1923 4305 2176 4375 dignum
2206 4309 2295 4361 est
2322 4305 2502 4375 igitur
2529 4310 2595 4363 ut
2623 4305 2776 4362 sicut
2803 4323 2925 4363 non
2968 4307 3333 4364 dissentiunt
3361 4308 3423 4363 in
3454 4323 3596 4380 ope-

1924 4394 2140 4464 rando,
2173 4395 2258 4451 ita
2288 4410 2410 4451 non
2442 4395 2560 4451 sint
2587 4395 2863 4469 dispares
2895 4397 2955 4452 in
2984 4397 3293 4470 patiendo.
3325 4396 3480 4462 Quid
3504 4401 3596 4454 est

1925 4483 2086 4539 enim
2129 4483 2297 4557 quod
2351 4488 2434 4541 tot
2475 4484 2701 4541 morbis
2746 4485 3014 4541 atteritur
3041 4490 3098 4542 et
3124 4490 3315 4540 morte
3342 4485 3594 4542 dissolu-

1924 4577 2051 4628 tum
2103 4579 2290 4630 scatet
2336 4574 2664 4639 vermibus,
2697 4574 3000 4646 putrescit,
3034 4573 3268 4636 fatiscit,
3297 4574 3358 4628 in
3390 4573 3596 4645 pulve-
3650 4614 3666 4633 .

1922 4679 2052 4718 rem
2083 4662 2390 4731 redigitur,
2422 4667 2478 4718 et
2508 4661 2810 4717 multoties
2856 4662 2918 4716 in
2971 4661 3226 4718 nihilum
3253 4661 3591 4732 deducitur,

1920 4750 2036 4806 nisi
2062 4755 2278 4807 natura
2299 4751 2327 4806 ?
2358 4754 2800 4819 lnterrogemus
2819 4754 2901 4806 tot
2932 4750 3305 4822 sepultorum
3338 4750 3594 4806 cadave-

1919 4857 2008 4909 ra,
2035 4843 2117 4895 tot
2139 4839 2560 4906 animantium,
2576 4838 2929 4907 volatilium,
2956 4839 3295 4912 repentium
3307 4838 3594 4912 piscium-

1921 4945 2039 5002 que
2071 4928 2373 4992 examina,
2407 4932 2493 4984 tot
2538 4932 2710 4984 terrae
2742 4927 3070 4998 nascentia,
3104 4928 3198 4984 vel
3229 4927 3470 4992 annuis,
3501 4927 3596 4984 vel

1920 5017 2263 5084 menstruis,
2294 5017 2389 5072 vel
2429 5016 2799 5090 quotidianis
2853 5017 3095 5074 casibus
3144 5017 3503 5082 decidentia,
3538 5023 3596 5075 et

1919 5108 2053 5180 ipso
2096 5107 2304 5173 ruinae,
2349 5105 2870 5179 corruptionisque
2920 5123 3045 5163 suae
3103 5106 3429 5163 inevitabili
3474 5108 3594 5162 line

1919 5196 2260 5251 videbimus
2293 5200 2541 5251 naturas
2581 5195 2804 5267 puniri,
2837 5200 3085 5253 naturas
3129 5195 3458 5268 corrumpi,
3491 5211 3597 5251 na-

1920 5292 2086 5343 turas
2113 5285 2382 5349 dissolvi,
2409 5291 2465 5342 et
2497 5301 2650 5357 pene
2683 5286 2760 5341 ad
2787 5286 3044 5342 nihilum
3078 5286 3324 5358 impelli.

1993 5376 2140 5431 Hinc
2171 5375 2539 5446 Augustinus
2590 5375 2651 5430 in
2685 5375 2936 5432 homilia
2985 5379 3052 5432 39
3098 5376 3160 5431 in
3203 5373 3593 5444 Evangelium

1919 5465 2167 5522 Joannis
2216 5468 2409 5537 (tract.
2444 5466 2602 5534 XLII),
2639 5462 2990 5537 [Propterea
3022 5480 3122 5520 vos
3170 5481 3290 5520 non
3344 5463 3593 5524 auditis.

1921 5557 2063 5628 quia
2089 5571 2165 5611 ex
2207 5559 2321 5611 Deo
2366 5571 2484 5610 non
2517 5555 2655 5610 estis
2689 5555 2886 5619 (Joan.
2921 5570 3042 5619 Vlll,
3071 5557 3202 5625 47):
3239 5557 3455 5608 lterum
3483 5569 3594 5609 no-

1917 5645 2015 5700 litc
2061 5644 2362 5700 attendere
2408 5648 2708 5702 naturam.
2753 5643 2857 5699 sed
2905 5641 3139 5697 vitium.
3178 5642 3268 5699 Sic
3316 5647 3455 5697 sunt
3501 5633 3597 5697 isti

1919 5751 1992 5789 ex
2023 5737 2161 5805 Deo,
2194 5739 2252 5792 et
2292 5749 2416 5793 non
2460 5738 2698 5791 suntex
2730 5733 2884 5802 Deo;
2925 5735 3142 5790 natura
3189 5747 3264 5790 ex.
3290 5734 3430 5803 Deo,
3456 5731 3596 5789 vitio
