3936 6436
844 12 1061 24 --____

1138 26 1555 54 *ήι--ῌ

378 374 517 455 liis

1433 394 1488 453 s.
1530 365 1905 452 eamme:
1940 362 2322 449 meﬁhusis
2357 370 2680 449 episcopi

1584 54 1788 132 ἦ

3667 388 3799 448 1244

374 526 497 579 non
540 538 613 580 ex
650 512 807 593 Deo;
838 526 1052 579 natura
1082 522 1243 577 enim
1284 521 1467 590 bona,
1501 539 1637 595 qua:
1669 537 1742 577 ex
1772 523 1892 576 Deo
1918 519 2025 587 est,
2057 525 2106 580 Α
2141 515 2340 573 vimus
2372 519 2428 572 et
2456 518 2660 589 pedes,
2685 521 2741 573 et
2768 515 3049 573 tenebras
3078 514 3415 577 exteriores.
3443 528 3577 587 quae
3601 515 3800 571 oculo-

372 613 644 686 peccavit
660 610 960 669 voluntate
990 611 1289 667 credendo
1302 610 1467 684 quod
1491 611 1770 667 diabolus
1786 624 2032 684 persua-

373 701 468 773 sit,
490 706 547 758 et
573 701 780 758 vitiata
810 705 926 769 est;
954 700 1089 756 ideo
1115 700 1419 756 medicum
1449 701 1684 774 quaerit,
1716 699 1862 773 quia
1882 713 2063 753 sana.

372 807 495 847 non
522 794 625 846 est.
658 784 827 856 Quod
869 804 1011 860 ergo
1037 788 1119 845 ait
1165 789 1454 846 Dominus
1484 808 1496 845 :
1529 789 1643 857 Qui
1669 794 1751 846 est
1781 803 1857 845 ex
1886 787 2029 857 Deo,

374 880 553 937 verba
572 879 683 935 Dei
707 879 912 935 audit:
938 884 1282 950 propterea,
1316 893 1416 934 vos
1463 892 1583 935 non
1614 877 1858 945 auditis,
1889 878 2034 948 quia

372 983 448 1025 ex
482 969 603 1023 Deo
649 983 768 1023 non
800 969 936 1024 estis
969 967 1165 1039 (Joan.
1196 968 1339 1039 vui),
1370 982 1494 1023 non
1523 972 1878 1024 naturarum
1905 981 2031 1021 me-

369 1056 480 1112 rita
501 1055 799 1120 discrevit,
826 1059 929 1113 aut
956 1062 1173 1130 ’p’rmter
1198 1073 1373 1112 suam
1401 1058 1671 1113 animam
1702 1061 1757 1112 et
1786 1071 2031 1112 carnem

370 1144 638 1219 aliquam
667 1151 946 1204 naturam
999 1147 1062 1203 in
1092 1147 1461 1214 hominibus,
1496 1163 1633 1220 quae
1675 1149 1919 1220 peccato
1948 1144 2032 1201 vi-

368 1235 511 1292 tiata
533 1251 656 1292 non
684 1241 860 1306 esset,
890 1236 1164 1308 invenit.]
1195 1236 1230 1302 τ
1252 1235 1546 1308 Quodque
1573 1235 1754 1291 infers
1779 1253 1792 1288 :

946 1360 1194 1402 JOANNES
1233 1360 1460 1401 SCOTUS.

412 1434 612 1509 .(Cap.
663 1439 748 1505 t6,
780 1449 951 1490 num.
985 1441 1040 1502 7,
1074 1437 1214 1490 sect.
1245 1434 1296 1505 2)
1350 1438 1389 1487 6
1442 1433 1512 1489 Si
1562 1446 1701 1503 ergo
1755 1431 2032 1502 angelica

296 1582 301 1587 ,
367 1528 595 1578 natura
625 1522 689 1578 in
728 1521 967 1577 diabolo
988 1524 1156 1591 juste
1206 1537 1326 1577 non
1369 1521 1593 1576 sinitur
1620 1519 1854 1589 puniri,
1886 1517 2034 1589 quid

367 1613 587 1668 mirum
640 1613 692 1669 si
754 1611 1083 1668 humanam
1126 1611 1523 1669 substantiam
1580 1611 1643 1665 in
1694 1608 2029 1665 hominibus

369 1701 545 1757 etiam
568 1701 932 1771 impiissimis
961 1701 1164 1758 eadem
1186 1702 1395 1758 divina
1425 1700 1670 1771 justitia
1712 1696 2027 1769 prohibeat

370 1790 642 1862 torqueri
658 1793 686 1845 ?

1041 1876 1364 1918 CORRECTIO.

439 1946 475 2019 -I~
500 1949 655 2005 Satis
686 1952 807 2004 tam
835 1950 1201 2007 auctoritatis
1219 1966 1406 2023 quam
1432 1950 1591 2006 beati
1623 1947 1883 2018 Gregorii
1903 1961 2031 2002 ver-

366 2038 459 2094 bis
506 2042 817 2094 ostensum
867 2043 954 2095 est
1001 2038 1336 2095 humanam
1382 2039 1801 2105 substantiam,
1836 2037 1897 2092 id
1940 2040 2030 2092 est

367 2127 636 2183 animam
654 2131 711 2183 et
732 2144 971 2201 corpus,
993 2132 1130 2183 ante
1153 2128 1311 2184 diem
1337 2128 1549 2200 judicii
1574 2126 1866 2191 secretim,
1891 2126 2030 2199 post

365 2221 508 2274 vero
540 2218 764 2291 pariter
792 2217 1063 2274 cruciari.
1100 2221 1313 2274 Verum
1359 2235 1435 2274 ne
1468 2218 1645 2274 unius
1684 2214 1944 2273 doctoris
1972 2220 2026 2271 te

367 2301 747 2373 singularitas
776 2298 1066 2370 offendat,
1088 2315 1393 2377 ponamus
1425 2303 1603 2358 etiam
1629 2302 1876 2358 beatum
1898 2298 2026 2355 Hie-

364 2404 714 2462 ronymum,
751 2392 857 2464 qui
886 2392 1067 2448 verba
1114 2392 1278 2449 Isaiae
1324 2393 1631 2467 prophetae
1656 2390 1907 2447 ﬁdeliter
1933 2405 2031 2445 ex-

365 2479 644 2555 planans,
676 2482 834 2538 hanc
879 2482 1182 2557 depromit
1229 2484 1537 2541 catholica:
1593 2482 1855 2538 veritatis
1900 2497 2030 2537 sen-

365 2572 612 2628 tentiam
644 2572 820 2645 (Hier.
859 2574 922 2629 in
959 2574 1075 2630 Isa.
1108 2590 1240 2643 cap.
1272 2575 1408 2637 ult.,
1442 2590 1495 2629 v.
1533 2575 1688 2640 ult.).

436 2661 886 2732 [Egredientur,
910 2667 965 2718 et
994 2662 1276 2719 videbunt
1307 2663 1605 2718 cadavera
1633 2662 1903 2718 virorum
1925 2660 2034 2731 qui

362 2752 754 2820 praevaricati
777 2757 920 2806 sunt
948 2752 1011 2807 in
1038 2766 1150 2808 me.
1186 2744 1409 2807 Vermis
1430 2767 1632 2807 eorum
1662 2764 1783 2806 non
1814 2749 2028 2805 morie-

368 2845 489 2905 tur,
534 2842 590 2895 et
640 2840 796 2909 ignis
841 2854 1042 2896 eorum
1094 2856 1215 2896 non
1269 2843 1708 2911 exstinguetur,
1758 2844 1813 2895 et
1852 2845 2028 2894 erunt

364 2942 551 2999 usque
578 2928 659 2983 ad
679 2930 1012 2985 satietatem
1044 2931 1287 2986 visionis
1313 2932 1477 2985 omni
1500 2930 1675 2986 carni
1708 2929 1848 2996 (Isa.
1874 2942 2025 2994 va1,

364 3017 496 3088 24):
547 3016 755 3072 Omnis
788 3031 927 3073 caro
957 3034 1092 3090 quae
1142 3018 1469 3075 adoratura
1495 3022 1585 3074 est
1610 3018 1671 3072 in
1704 3020 2029 3089 conspectu

366 3104 623 3175 Domini,
653 3094 748 3160 vel
773 3106 835 3161 in
863 3106 1226 3163 Hierusalem
1260 3108 1503 3175 caelesti,
1535 3104 1629 3163 vel
1654 3107 1716 3162 in
1746 3104 1911 3162 omni
1948 3102 2029 3161 lo-

365 3210 436 3249 co
463 3194 523 3249 in
554 3210 675 3267 quo
705 3194 981 3251 levantur
1010 3197 1255 3252 mundae
1308 3212 1545 3264 manus,
1576 3195 1931 3267 egredietur,
1965 3197 2030 3249 ut

360 3283 561 3340 videat
585 3284 882 3342 cadavera
908 3286 1231 3342 hominum
1257 3292 1636 3343 mortuorum
1664 3287 1768 3359 qui
1798 3300 2030 3359 praeva-

359 3368 529 3431 ricati
573 3374 813 3431 fuerunt
858 3376 917 3432 in
966 3379 1174 3433 Deum.
1205 3377 1377 3443 Quod
1426 3376 1522 3433 vel
1570 3374 1646 3432 de
1692 3376 1914 3432 Iudaeis
1942 3376 2030 3431 in-

362 3452 544 3533 telligi
567 3468 783 3536 potest,
816 3456 890 3519 de
920 3462 1144 3537 quibus
1191 3465 1420 3522 dictum
1468 3458 1588 3522 est':
1622 3466 1809 3521 Filios
1838 3466 2022 3537 genui

363 3558 419 3610 et
437 3553 729 3618 exaltavt,
759 3555 877 3623 ipsi
910 3560 1109 3610 autem
1156 3570 1248 3611 me
1293 3546 1647 3624 spreverunt
1687 3556 1829 3625 (Isa.
1864 3557 1981 3627 1,2)
2010 3574 2023 3624 ;

362 3636 459 3697 vel
514 3640 590 3696 de
637 3641 924 3696 omnibus
976 3642 1107 3719 qui,
1150 3642 1441 3701 habentes
1498 3645 1771 3701 notitiam
1818 3645 1919 3700 Dei
1964 3645 2027 3700 in

363 3725 646 3785 cordibus
677 3726 822 3800 suis,
854 3732 1042 3788 avesti
1085 3736 1226 3787 sunt
1250 3732 1312 3787 in
1338 3734 1691 3799 vanitatem,
1724 3738 1790 3789 ut
1814 3733 2027 3789 adora-

362 3818 496 3875 rent
523 3824 860 3876 creaturam
909 3825 1109 3892 potius
1153 3826 1340 3896 quam
1386 3826 1723 3896 Creatorem
1763 3824 1949 3895 (Rom.
1983 3824 2022 3892 i,

361 3908 471 3981 25).
508 3907 899 3977 Egredientur
931 3914 1133 3966 autem
1172 3892 1307 3967 non
1358 3911 1513 3981 loco,
1549 3892 1655 3967 sed
1692 3892 2024 3982 intelligen-

360 3994 463 4079 tia.
496 4000 697 4070 Neque
727 3996 889 4054 enim
917 3998 1217 4056 cadavera
1246 3996 1625 4057 mortuorum
1654 4007 1909 4074 possunt
1938 4001 2025 4058 in-

362 4090 457 4142 tus
486 4101 618 4141 esse
650 4102 789 4142 cum
822 4089 1097 4144 Domino.
1125 4089 1296 4155 Quod
1330 4091 1377 4145 si
1414 4090 1613 4147 omnis
1643 4106 1783 4147 caro
1814 4090 2025 4148 adora-

360 4174 496 4231 tura
525 4170 610 4232 est
641 4174 986 4245 Dominum,
1021 4168 1078 4234 et
1124 4195 1155 4234 e
1186 4179 1488 4236 contrario
1535 4180 1833 4237 cadavera
1870 4181 2026 4237 viro-

359 4278 498 4318 rum
545 4265 649 4336 qui
700 4266 1077 4337 przevaricati
1137 4273 1275 4323 sunt
1342 4269 1404 4325 in
1461 4270 1735 4335 Domino,
1788 4271 2024 4327 aeternis

362 4339 672 4407 tradentur
716 4342 1057 4423 ardoribus,
1098 4354 1161 4410 in
1212 4360 1527 4430 utramque
1583 4364 1816 4432 partem
1870 4374 2022 4414 verae

360 4439 562 4495 carnis
591 4441 700 4496 erit
727 4442 1100 4499 resurrectio.
1142 4445 1365 4502 Vermis
1395 4452 1597 4504 autem
1623 4446 1727 4521 qui
1756 4464 1875 4504 non
1907 4462 2025 4503 mo-

360 4528 558 4585 rietur
577 4535 631 4586 et
649 4532 800 4600 ignis
820 4530 923 4603 qui
943 4547 1063 4588 non
1091 4536 1481 4606 extinguetur
1501 4553 1537 4591 a
1562 4537 1863 4609 plerisque
1886 4546 2023 4591 con-
2051 4566 2075 4609 .-

360 4614 607 4673 ‘scientia
629 4619 918 4692 accipitur
933 4627 1339 4693 peccatorum,
1353 4628 1489 4697 quae
1512 4630 1787 4696 torqueat
1806 4624 1867 4681 in
1888 4640 2024 4697 sup-

360 4705 552 4779 pliciis
581 4708 975 4765 constitutos:
1009 4727 1197 4784 quare
1237 4713 1375 4769 vitio
1421 4729 1531 4769 suo
1561 4718 1740 4787 atque
1779 4719 2025 4786 peccato

358 4800 526 4853 tanto
568 4798 694 4869 [al.,
726 4797 1077 4872 electorum]
1125 4803 1431 4858 caruerint
1466 4803 1650 4874 bono,
1678 4804 1850 4875 juxta
1878 4802 2027 4859 illud

360 4884 527 4958 quod
555 4884 801 4943 dicitur:
834 4890 1112 4945 Versatus
1134 4906 1262 4946 sum
1286 4893 1348 4946 in
1369 4894 1632 4963 miseria,
1656 4894 1798 4948 dum
1827 4894 2026 4963 inﬁgi-

363 4979 465 5029 tur
491 4974 643 5030 mihi
660 4977 835 5045 spina
864 4978 983 5048 (Ps.
1008 4990 1172 5045 XXXI,
1202 4981 1256 5044 4)
1285 4996 1298 5045 ;
1346 4984 1402 5034 et
1426 4978 1487 5034 in
1519 4980 1854 5037 Proverbiis
1879 4998 1891 5035 :
1930 4982 2025 5036 Ti-

361 5076 476 5118 nea
505 5064 723 5119 ossium
769 5080 874 5121 cor
913 5067 1255 5137 intelligens
1295 5068 1497 5137 (Prov.
1530 5082 1650 5136 XIV,
1685 5085 1802 5124 sec.
1837 5069 2025 5139 LXX);

364 5153 420 5205 et
448 5150 662 5206 iterum
708 5148 823 5208 sub
858 5153 1034 5209 obelo
1063 5173 1075 5210 :
1110 5156 1282 5211 Sicut
1312 5157 1476 5212 tinea
1510 5159 1941 5227 vestimentum,
1974 5164 2029 5213 et

364 5240 580 5295 vermis
598 5240 851 5311 lignum,
872 5243 956 5297 sic
989 5240 1212 5299 mceror
1232 5248 1543 5302 excruciat
1560 5262 1664 5302 cor
1690 5248 1808 5302 viri
1822 5248 2026 5318 (Prov.

361 5344 504 5396 xxv,
532 5328 643 5401 20).
678 5330 763 5386 Ita
811 5328 1125 5399 duntaxat,
1159 5338 1225 5388 ut
1266 5349 1391 5390 non
1435 5340 1655 5405 negent
1681 5338 2033 5409 praevarica-

361 5421 563 5473 torum
579 5424 636 5474 et
655 5420 845 5474 Deum
861 5421 1215 5489 negantium
1235 5422 1460 5480 interna
1478 5425 2032 5499 supplicia,dicente

363 5505 620 5562 Domino
656 5508 719 5562 in
755 5509 1116 5578 Evangelia:
1152 5510 1236 5568 Ite
1267 5514 1327 5568 in
1364 5515 1561 5583 ignem
1585 5524 1896 5585 azternum,
1931 5528 2036 5588 qui

357 5604 617 5664 paratus
663 5603 746 5654 est
795 5600 1031 5656 diabolo
1076 5607 1129 5657 et
1175 5605 1405 5671 angelis
1456 5608 1582 5673 ejus
1626 5607 1863 5677 (Ma/th.
1893 5624 2030 5667 xxv,

367 5684 476 5753 41).
511 5686 578 5739 Et
603 5685 664 5740 in
695 5686 811 5741 alio
837 5687 1008 5744 loco:
1044 5692 1250 5761 Ligate
1274 5707 1485 5748 manus
1519 5697 1646 5763 ejus
1670 5701 1723 5751 et
1742 5697 1941 5764 pedes,
1978 5702 2031 5752 et

369 5771 587 5825 mittite
622 5788 755 5829 eum
798 5776 860 5829 in
902 5780 1173 5835 tenebras
1216 5783 1571 5838 exteriores:
1608 5784 1691 5838 ibi
1718 5787 1829 5840 erit
1856 5788 2033 5854 fletus

372 5858 427 5909 et
457 5857 681 5914 stridor
700 5860 966 5919 dentium
986 5867 1227 5937 (Matth.
1246 5882 1384 5937 χιιι,
1407 5872 1514 5940 13).
1541 5871 1599 5927 Si
1618 5887 1838 5931 manus
1858 5873 2030 5930 audi-

2137 621 2276 661 rum
2296 621 2478 678 poena
2509 611 2596 662 est
2625 607 2829 662 lumen
2856 605 3089 661 Deinon
3110 605 3471 673 videntium;
3499 608 3554 660 et
3572 606 3800 671 fletum,

2137 696 2245 769 qui
2275 698 2478 769 utique
2506 701 2562 752 et
2590 698 2719 770 ipse
2737 696 2815 753 ad
2841 696 3048 751 oculos
3078 695 3333 769 pertinet
3357 713 3369 762 ;
3401 698 3456 751 et
3485 696 3803 753 stridorem

2139 786 2410 843 dentium
2435 804 2449 843 :
2480 788 2667 844 miror
2695 788 2992 861 quosdam
3023 801 3231 842 aerum
3263 790 3575 857 corpus,et
3596 786 3803 859 paula-

2139 875 2246 932 tim
2276 875 2338 931 in
2363 891 2543 932 auras
2566 880 2774 932 tenues
2795 874 3242 931 dissolvendum
3267 879 3401 945 post
3422 874 3802 930 resurrectio-

2140 980 2281 1020 nem
2300 965 2697 1033 introducere;
2713 965 2857 1037 quia
2880 964 3166 1019 Dominus
3186 963 3449 1035 potentia
3471 964 3802 1035 majestatis

2141 1070 2264 1109 sua:
2288 1054 2365 1110 ad
2387 1054 2697 1127 apostolos
2718 1053 2937 1110 clausis
2958 1053 3263 1124 ingressus
3277 1058 3364 1108 est
3379 1053 3581 1123 januis
3604 1054 3799 1121 (Joan.

2137 1160 2239 1212 xx,
2278 1149 2363 1217 t9,
2396 1145 2508 1214 26).
2543 1144 2655 1211 Qui
2681 1149 2836 1200 certe
2866 1149 2922 1200 et
2964 1148 3100 1199 ante
3129 1143 3623 1199 resurrectionem
3654 1156 3804 1215 pen-

2139 1232 2284 1288 dulo
2310 1249 2491 1305 super
2520 1249 2687 1289 mare
2718 1232 3051 1288 ambulavit
3080 1232 3346 1308 incessu,
3369 1236 3426 1288 et
3453 1232 3567 1289 hoc
3598 1232 3805 1304 ipsum

2140 1323 2415 1395 apostolo
2444 1323 2701 1397 praebuit
2733 1326 2924 1381 Petro.
2951 1326 3016 1378 ut
3044 1322 3150 1394 qui
3175 1321 3292 1377 ﬁde
3324 1320 3698 1391 ambulabat,
3717 1321 3807 1376 in-

2138 1411 2419 1468 ﬁdelitate
2445 1417 2661 1485 postea
2681 1416 3049 1481 mergeretur
3071 1413 3446 1483 (Matth.xiv,
3463 1412 3551 1477 25,
3566 1415 3653 1473 '26,
3668 1414 3760 1479 29)
3785 1429 3801 1479 ;

2139 1501 2235 1556 cui
2281 1501 2509 1557 dictum
2560 1506 2684 1557 est:
2741 1503 2938 1568 Quare
2973 1501 3283 1570 dubitasti,
3333 1501 3577 1556 modicae
3620 1500 3809 1571 ﬁdei?

2138 1590 2339 1661 (Ibid.,
2363 1595 2421 1647 3t
2439 1592 2477 1662 .)
2505 1591 2660 1661 Ignis
2680 1606 2923 1663 quoque
2944 1590 3110 1660 juxta
3131 1589 3194 1645 id
3216 1589 3622 1661 accipiendus,
3639 1588 3809 1661 quod

2138 1684 2195 1737 et
2224 1682 2464 1748 vermis,
2492 1682 2598 1754 qui
2628 1682 2839 1737 tanrliu
2871 1680 3254 1736 succenditur
3282 1679 3555 1752 quandiu
3582 1678 3813 1735 habeat

2136 1770 2454 1826 materiam
2511 1787 2633 1843 qua
2691 1785 2877 1826 vorax
2924 1769 3176 1825 ﬂamma
3230 1773 3536 1843 pascatur.
3572 1768 3628 1825 Si
3665 1767 3807 1840 quis

2058 1876 2099 1935 Β
2135 1859 2314 1928 igitur
2334 1859 2518 1914 habet
2540 1860 2601 1914 in
2634 1876 2739 1916 con
2753 1859 2999 1915 scientia
3024 1874 3136 1914 sua
3164 1858 3410 1926 zizania,
3444 1873 3580 1931 quae
3610 1856 3811 1913 inimi-

2135 1963 2241 2004 cus
2265 1948 2473 2013 homo,
2504 1949 2839 2004 dormiente
2865 1946 3317 2020 patrefamilias.
3351 1946 3807 2019 supersemina-

2133 2038 2237 2103 vit,
2269 2038 2397 2093 haec
2441 2039 2597 2107 ignis
2648 2044 2873 2107 exuret,
2906 2039 3033 2094 haec
3072 2037 3315 2094 vocabit
3338 2036 3706 2093 incendium.
3736 2037 3808 2090 Et

2135 2127 2487 2199 omnia[al.,
2510 2129 2805 2199 omnium]
2837 2132 3185 2183 sanctorum
3206 2126 3397 2182 oculis
3424 2141 3632 2182 eorum
3662 2140 3808 2196 sup-

2134 2216 2313 2289 plicia
2342 2217 2860 2285 monstrabuntur,
2884 2217 2991 2289 qui
3019 2232 3130 2289 pro
3164 2232 3332 2282 auro,
3357 2220 3415 2272 et
3443 2218 3711 2285 argento,
3745 2217 3808 2269 et

2133 2303 2335 2377 lapide
2359 2306 2642 2377 pretioso,
2658 2306 3107 2362 eediﬁcaverunt
3137 2321 3316 2377 super
3335 2304 3806 2361 fundamentum

2135 2393 2392 2461 Domini,
2426 2395 2654 2463 fenum,
2702 2396 2886 2467 ligna,
2939 2395 3243 2468 stipulam,
3295 2395 3451 2465 ignis
3503 2393 3806 2468 pabulum

2138 2483 2531 2556 sempiterni.]

2210 2573 2245 2639 1-
2274 2573 2439 2629 Idem
2483 2573 2546 2629 in
2592 2572 2745 2629 libro
2793 2572 3030 2628 decimo
3084 2572 3242 2644 (cap.
3291 2586 3422 2639 xxx,
3462 2573 3594 2628 20):
3646 2570 3811 2641 [Vox

2138 2662 2374 2718 Domini
2404 2667 2585 2735 atque
2616 2666 2986 2733 praeceptum
3036 2659 3321 2715 omnibus
3368 2663 3512 2715 nota
3547 2658 3716 2725 ﬁent,
3752 2662 3815 2714 et

2136 2751 2422 2808 fortitudo
2451 2751 2681 2807 brachii
2709 2750 2864 2806 illius
2896 2749 3124 2805 cunctis
3156 2748 3403 2821 patebit,
3430 2748 3681 2821 quando
3709 2765 3807 2805 re-

2136 2840 2473 2897 tributionis
2500 2845 2740 2911 tempus
2771 2838 3100 2897 advenerit.
3134 2837 3397 2894 ﬂammae
3430 2841 3485 2893 et
3522 2837 3806 2907 turbinis,

2137 2929 2571 3002 grandinisque
2619 2927 3057 2997 magnitudine,
3111 2934 3168 2984 et
3212 2927 3480 3000 pondere
3528 2926 3808 3000 lapidum

2135 3019 2459 3075 deseretur.
2486 3020 2674 3089 Super
2703 3034 2825 3089 quo
2865 3018 3126 3073 Ezechiel
3151 3017 3211 3072 in
3241 3016 3559 3090 prophetia
3590 3018 3718 3087 Gog
3751 3024 3810 3075 et

2137 3112 2349 3177 Magog
2377 3107 2557 3181 pleno
2606 3123 2882 3163 sermone
2921 3106 3208 3163 describit
3249 3108 3376 3179 [al.,
3411 3105 3669 3180 scribit]:
3703 3108 3809 3163 Ad

2137 3200 2294 3254 vocis
2325 3200 2452 3267 ejus
2483 3198 2798 3266 imperium
2814 3196 3056 3266 pavebit
3080 3197 3273 3252 Assur
3294 3197 3467 3266 virga
3486 3211 3807 3265 percussus

2139 3287 2368 3358 (Ezech.
2397 3302 2636 3355 xxxvxu,
2670 3287 2777 3357 3t).
2812 3285 3018 3342 Omnis
3048 3284 3291 3358 impius,
3320 3284 3517 3339 omnis
3542 3284 3809 3340 imitator

2137 3376 2330 3445 gentis
2358 3375 2639 3441 inimicae,
2668 3390 2793 3430 non
2823 3390 2944 3448 quo
2975 3375 3035 3430 in
3066 3375 3162 3430 die
3193 3373 3396 3446 judicii
3428 3373 3590 3429 solus
3618 3374 3693 3428 sit
3723 3372 3805 3430 fe-

2134 3464 2381 3520 riendus
2411 3464 2711 3536 Assyrius,
2740 3464 2844 3520 sed
2876 3470 3119 3536 propter
3149 3465 3279 3535 (ab,
3313 3479 3435 3536 quo
3462 3463 3590 3535 per]
3617 3467 3804 3536 Assy-

2134 3553 2293 3609 rium
2309 3553 2623 3609 diabolum
2649 3553 3072 3623 intelligamus.
3103 3553 3367 3625 Denique
3390 3554 3658 3625 sequitur
3682 3570 3695 3608 ε
3718 3554 3801 3608 Ει

2137 3645 2249 3700 erit
2293 3645 2583 3700 transitus
2634 3645 2817 3713 virga:
2861 3643 3180 3713 fundatus,
3212 3658 3390 3714 quam
3438 3643 3804 3714 requiescere

2133 3735 2319 3804 faciet
2369 3736 2658 3789 Dominus
2707 3749 2890 3803 super
2936 3748 3067 3789 eum
3117 3734 3257 3804 (Isa.
3291 3750 3429 3800 xxx,
3465 3731 3575 3803 32).
3619 3730 3684 3787 Et
3712 3736 3805 3788 est

2138 3839 2391 3879 sensus:
2434 3827 2828 3895 Nequaquam
2861 3839 2998 3877 eum
3032 3823 3202 3892 virga
3243 3822 3548 3895 percutiet,
3578 3827 3634 3877 et
3665 3838 3801 3877 eam

2134 3928 2344 3970 rursus
2389 3911 2633 3981 levabit,
2661 3928 2732 3968 ac
2778 3928 2947 3967 more
2992 3911 3352 3967 caedentium
3396 3910 3582 3966 ﬁnem
3627 3909 3806 3966 faciet

2133 4001 2493 4058 verberandi
2518 4019 2532 4069 ;
2567 4001 2671 4057 sed
2703 4001 2880 4073 quasi
2908 4001 3227 4056 fundatam
3255 4005 3311 4057 et
3332 4000 3452 4057 alta
3478 4000 3679 4057 radice
3701 4000 3803 4056 de-

2131 4090 2313 4146 ﬁxam
2340 4089 2401 4145 in
2432 4089 2626 4162 poenis
2656 4090 2785 4161 ejus
2815 4088 2990 4145 faciet
3019 4106 3392 4162 permanere.
3428 4089 3601 4157 Quod
3632 4089 3683 4144 si
3714 4089 3801 4145 ita

2132 4178 2495 4249 intelligitur,
2528 4178 2631 4234 ubi
2671 4179 2778 4234 erit
2803 4179 3152 4251 poenitentia
3181 4179 3438 4235 diaboli:
3470 4178 3803 4253 praesertim

2132 4286 2272 4326 cum
2303 4268 2537 4325 dicatur
2566 4269 2983 4342 peccatoribus
3012 4287 3024 4325 :
3060 4272 3149 4325 Ite
3179 4272 3241 4325 in
3266 4271 3461 4341 ignem
3489 4277 3801 4338 aeternum,

2134 4376 2303 4431 quem
2358 4360 2735 4430 praeparavit
2794 4360 2941 4414 Deus
2995 4359 3236 4414 diabolo
3288 4364 3342 4415 et
3392 4358 3622 4429 angelis
3673 4360 3802 4427 ejus

2135 4451 2376 4520 (Matth.
2404 4466 2540 4518 xxv,
2568 4452 2680 4515 41).
2713 4449 2775 4503 In
2809 4450 3115 4519 tympanis
3138 4455 3189 4504 et
3215 4448 3489 4517 citharis,
3509 4453 3562 4503 et
3590 4448 3653 4502 in
3682 4446 3801 4502 bel-

2135 4540 2207 4595 lis
2233 4540 2559 4609 praecipuis
2608 4539 2980 4608 expugnabit
3028 4554 3142 4603 eos,
3181 4538 3491 4593 daemones
3530 4536 3805 4592 videlicet

2134 4632 2192 4685 et
2212 4644 2432 4684 omnes
2475 4627 2698 4699 impios
2745 4644 2885 4683 cum
2934 4627 3157 4696 gaudio
3205 4626 3479 4682 omnium
3513 4625 3802 4681 Dominus

2134 4715 2529 4789 expugnabit.
2563 4716 2654 4771 Ab
2682 4715 2815 4772 heri
2832 4717 3053 4786 quippe
3075 4720 3129 4771 et
3154 4731 3186 4770 a
3212 4715 3505 4788 praeterito
3534 4719 3802 4786 tempore

2133 4812 2486 4877 praeparata
2512 4809 2594 4861 est
2644 4819 2679 4860 a
2726 4819 2862 4875 rege
2888 4804 3140 4861 Domino
3183 4804 3447 4875 Thophet
3485 4808 3621 4871 (Isa.
3660 4820 3799 4867 xxx,

2137 4896 2249 4965 33),
2278 4894 2338 4950 id
2369 4898 2459 4949 est
2491 4895 2618 4950 lata
2647 4900 2699 4950 et
2730 4895 2992 4963 spatiosa
3024 4895 3319 4965 gehenna,
3345 4909 3481 4967 quae
3509 4910 3611 4950 eos
3643 4898 3802 4949 teter-

2135 4985 2230 5041 nis
2278 4988 2413 5040 urat
2460 4983 2798 5039 ardoribus.
2850 4984 3288 5040 Nutrimentum
3328 4984 3458 5055 ejus
3508 4987 3564 5040 et
3609 4982 3801 5040 fomes

2135 5073 2293 5143 ignis
2323 5077 2428 5139 est,
2459 5076 2516 5128 et
2562 5072 2729 5144 ligna
2775 5072 2987 5142 multa,
3014 5072 3077 5129 id
3105 5079 3193 5129 est
3231 5074 3481 5129 ﬂamma
3510 5078 3801 5149 perpetua

2137 5167 2192 5219 et
2223 5162 2518 5235 supplicia
2546 5168 2955 5235 peccatorum.
2990 5165 3054 5217 Et
3080 5161 3373 5235 quoniam
3406 5162 3560 5219 sicut
3601 5160 3677 5219 de
3709 5152 3801 5218 ca-

2138 5253 2303 5308 mino
2335 5257 2391 5307 et
2421 5250 2662 5308 fornace
2702 5251 2857 5321 ignis
2888 5251 3150 5307 ardentis
3188 5252 3575 5325 pr0pheticus
3603 5268 3801 5308 sermo

2137 5342 2517 5415 praedixerat,
2550 5345 2742 5396 servat
2772 5341 3215 5414 metaphoram,
3235 5347 3299 5397 ut
3326 5345 3479 5397 statu
3506 5344 3563 5397 et
3590 5340 3801 5414 spiritu

2139 5446 2211 5487 ac
2226 5429 2533 5486 voluntate
2562 5429 2797 5485 Domini
2822 5429 2979 5485 hanc
3003 5430 3289 5485 succendi
3316 5430 3597 5500 sciamus,
3622 5430 3799 5485 misto

2142 5518 2447 5591 sulphure,
2481 5518 2647 5592 quod
2676 5519 2958 5575 ﬂammas
2992 5519 3221 5590 excitet,
3254 5524 3319 5575 ut
3348 5519 3525 5576 faciat
3572 5520 3799 5575 acriora

2144 5614 2373 5664 tormen
2389 5609 2488 5678 ἴδη]

2214 5700 2248 5765 -Ῑ-
2281 5699 2439 5754 Idem
2491 5697 2552 5752 in
2582 5697 2735 5753 libro
2769 5703 2932 5753 sexto
2965 5700 3118 5771 (cap.
3152 5715 3273 5765 xxv,
3311 5699 3426 5771 18):
3464 5699 3664 5770 [Igitur
3691 5702 3797 5754 Na-

2140 5786 2611 5843 buchodonosor
2635 5788 2808 5860 quasi
2832 5788 3008 5860 stirps
3032 5788 3249 5844 inutilis
3270 5788 3542 5843 incendio
3565 5805 3796 5862 praepa-

2140 5879 2329 5947 ratus,
2358 5875 2455 5931 vel
2485 5875 2634 5933 sicut
2664 5876 2861 5934 sanies
2892 5876 3176 5949 pollutus,
3199 5882 3255 5934 et
3277 5875 3579 5935 involutus
3602 5876 3674 5935 iis
3697 5876 3799 5951 qui
