3936 6388
170 274 313 347 ﬁt!

1032 294 1123 351 DE
1163 279 1853 354 pnnnnsrismose
1884 281 2180 353 suum
2215 292 2265 351 ιι
2304 288 2610 354 suum.

162 416 246 471 ab
279 431 351 472 eo
376 415 663 473 interfecti
697 416 836 473 sunt
859 415 1080 489 giadio,
1106 423 1165 476 et
1186 419 1629 478 descenderunt
1644 436 1837 495 usque
1865 418 1912 476 Α
1955 421 2021 476 Et
2048 424 2365 492 propterea
2382 431 2507 476 non
2538 421 2647 477 erit
2668 418 2991 484 mundum,
3018 420 3128 493 qui
3168 424 3390 478 terram
3421 422 3618 479 Domi-

162 505 262 599 ad'
276 506 680 599 fundamenta
714 507 852 577 laci,
870 509 1274 567 detrahiturin
1296 511 1667 584 profundum
1688 516 1747 568 et
1761 526 1836 566 ne

161 595 307 651 cum
324 595 396 651 iis
409 596 658 669 quidem
674 597 922 655 habebit
938 600 1309 657 consortium
1323 600 1668 675 sepulturae,
1681 617 1837 672 quos

160 683 456 740 interfecit
481 702 494 740 :
523 685 764 741 alterius
782 687 943 743 enim
963 703 1159 760 poenie
1179 694 1265 745 est
1301 694 1511 746 auctor
1531 689 1748 761 delicti,
1782 693 1838 745 et

160 774 409 831 alterius
433 775 536 849 qui
569 775 649 832 ab
681 783 922 834 auctore
952 779 1303 854 compulsus
1327 784 1435 836 est.
1469 785 1579 837 Iste
1609 785 1697 837 est
1714 780 1837 851 gla-

158 856 301 921 dius
332 882 454 938 quo
473 864 771 923 vulnerati
799 866 938 925 sunt
954 869 1199 942 plurimi
1221 877 1275 926 et
1304 866 1590 927 interfecti
1616 870 1690 927 de
1712 886 1833 947 quo

161 948 216 1011 et
248 956 311 1012 in
333 950 572 1030 psalmo
603 955 860 1030 legimus
889 977 900 1014 :
936 961 1073 1016 Nisi
1115 964 1388 1018 conversi
1408 963 1653 1033 fueritis
1696 963 1834 1032 gln-

157 1045 330 1104 dium
360 1053 534 1105 suum
560 1044 819 1105 vibrabit
842 1068 854 1106 :
876 1065 1085 1107 arcum
1110 1058 1281 1107 suum
1298 1054 1567 1124 tetendit,
1586 1052 1640 1109 et
1652 1068 1834 1124 para«

158 1138 245 1192 vit
275 1152 408 1193 eum
438 1144 451 1193 ξ
482 1138 536 1194 et
557 1139 619 1194 in
660 1139 787 1208 ipso
810 1142 1062 1208 paravit
1116 1146 1261 1197 vasa
1303 1144 1533 1209 mortis,
1583 1142 1832 1213 sagittas

150 1230 300 1281 suas
333 1226 691 1284 ardentibus
712 1218 904 1299 e/fecit
929 1228 1110 1301 (Psal.
1146 1235 1250 1298 vii,
1288 1232 1371 1298 l3,
1410 1231 1511 1303 14).
1548 1231 1644 1287 His
1670 1231 1833 1287 vide-

148 1312 294 1370 licet
322 1315 427 1388 qui
454 1316 516 1371 in
544 1322 721 1373 suum
751 1333 854 1372 cor
882 1318 1071 1388 ignita
1100 1319 1323 1376 diaboli
1378 1312 1584 1393 jacula
1633 1337 1833 1376 susce-

147 1407 398 1475 perunt,
431 1408 541 1460 etc.
567 1402 990 1464 Fundamenta
1015 1415 1212 1465 autem
1243 1410 1363 1465 laci
1384 1426 1495 1483 pro
1524 1409 1831 1484 lapidibus

147 1488 716 1580 laci'interpretatus
759 1500 845 1552 est
879 1498 1300 1572 Symmachus,
1335 1504 1397 1556 ut
1446 1492 1575 1556 aliis
1625 1499 1825 1557 verbis

148 1580 529 1656 profundum
560 1586 617 1641 et
666 1586 956 1642 tartarum
986 1587 1347 1658 signiﬁcaret
1370 1588 1613 1646 inferni.
1649 1591 1836 1660 Quasi

150 1670 418 1728 cadaver
444 1673 760 1743 putridum
796 1691 917 1732 non
952 1676 1193 1734 Itabebis
1225 1682 1615 1749 conscrti-um,
1644 1694 1834 1752 neque

1947 509 2007 564 ni
2040 508 2303 582 perdidit
2331 514 2387 566 et
2415 508 2712 584 populum
2735 511 2867 582 ejus
2895 510 3206 579 interfecit,
3257 514 3477 568 terram
3507 513 3612 568 Ju-

1942 598 2111 666 dseee,
2144 603 2367 655 terram
2397 600 2816 666 confessionis,
2843 604 2899 656 et
2926 603 3167 656 sanctos
3187 616 3464 674 quosque
3484 617 3613 674 per-

1942 688 2094 745 dens
2126 694 2305 763 atque
2333 690 2737 759 interﬁciens;
2785 686 2843 746 et
2870 691 3006 747 ideo
3053 705 3180 746 non
3235 692 3505 748 manebit
3548 693 3612 749 in

1942 782 2253 836 aeternum.
2303 780 2469 837 Unde
2517 786 2573 837 et
2628 778 2692 836 in
2736 780 3060 851 Evangelia
3111 779 3377 836 dicitur:
3424 784 3519 839 Ite
3545 782 3611 838 in

1940 868 2139 939 ignem
2169 876 2479 940 aeternum,
2504 871 2610 941 qui
2633 876 3021 939 praeparatus
3051 875 3136 927 est
3153 868 3396 926 diabolo
3418 877 3476 928 et
3502 884 3609 928 an-

1939 959 2090 1028 gelis
2121 961 2249 1027 ejus
2278 961 2518 1030 (Matth.
2546 973 2684 1026 xxv,
2719 959 2858 1030 41).)

1945 1109 1948 1112 λ
2011 1047 2055 1117 -ι-
2075 1047 2387 1119 Philippus
2414 1048 2475 1103 in
2494 1048 2873 1120 Expositione
2890 1047 3049 1103 beati
3073 1046 3204 1103 Job.
3227 1047 3354 1117 (lib.
3378 1063 3437 1113 ιι,
3471 1062 3606 1121 cap.

1941 1136 2027 1207 24)
2060 1150 2073 1190 :
2098 1138 2362 1193 Dulcedo
2376 1139 2538 1193 illius
2560 1138 2776 1194 vermis
2794 1146 2929 1210 ;per
2943 1136 3338 1210 antiphrasim
3354 1136 3604 1192 dictum.

1938 1225 2107 1298 quod
2137 1229 2225 1282 est
2248 1225 2423 1282 dulce
2443 1227 2516 1282 sit
2526 1223 2856 1297 vermibus,
2884 1229 2940 1282 et
2963 1226 3041 1282 ab
3063 1226 3146 1282 eis
3163 1225 3610 1295 infatigabiliter

1939 1319 2350 1378 consumatur,
2376 1315 2526 1371 sicut
2550 1312 2931 1386 Evangelista
2955 1314 3051 1370 vel
3076 1315 3229 1370 sicut
3262 1315 3445 1372 Isaias
3465 1326 3609 1387 pro-‘-

1937 1404 2121 1476 pheta
2136 1405 2211 1459 de
2234 1405 2798 1477 praevaricatoribus
2819 1403 2964 1459 dicit
2985 1423 2997 1459 :
3032 1405 3252 1460 Vei'mis
3268 1418 3474 1461 eorum
3486 1419 3607 1461 non

1936 1496 2228 1549 morietur
2252 1500 2310 1551 et
2336 1495 2494 1565 ignis
2551 1508 2755 1551 eorum
2810 1504 2932 1550 non
2978 1494 3398 1564 exstinguetur
3463 1494 3604 1566 (Isa.

1937 1599 2092 1653 vai,
2123 1586 2234 1657 2i).
2263 1583 2418 1641 Talis
2447 1585 2629 1655 igitur
2655 1583 2917 1640 dulcedo
2948 1583 3057 1640 erit
3085 1583 3242 1653 ignis
3272 1581 3498 1655 iniquis
3549 1586 3609 1638 et

1936 1673 2279 1729 odientibus
2302 1675 2532 1746 Deum.]

150 1775 290 1818 cum
322 1761 401 1818 eis
427 1758 803 1833 sepulturam
829 1763 954 1837 [al.,
996 1767 1059 1822 in
1112 1768 1499 1853 sepultura.)
1532 1771 1618 1825 Tu
1672 1772 1825 1827 enim
1868 1774 1909 1846 Β
2008 1762 2044 1828 i'
2067 1762 2410 1832 Fulgentius
2438 1763 2499 1818 in
2530 1758 2686 1818 libro
2717 1762 2797 1818 ad
2824 1765 3066 1817 Petrum
3126 1759 3203 1816 de
3229 1758 3370 1853 Fide
3401 1776 3414 1814 :
3467 1760 3605 1831 {Ho-

157 1852 387 1933 terram
448 1850 613 1933 tuam
685 1852 1116 1923 disperdidisti,
1175 1860 1239 1909 tu
1305 1850 1604 1926 populum
1664 1863 1830 1914 tuum

150 1930 514 2009 interfecisti
541 1940 677 2012 (Isa.
704 1946 825 2009 inv,
854 1940 968 2013 21).
1000 1945 1125 1999 LXX
1154 1959 1177 2000 .'
1201 1940 1628 2016 Quoqubmodo
1661 1947 1831 2003 vesti-

148 2018 418 2086 mentum
445 2031 738 2102 sanguine
758 2047 879 2088 non
910 2032 1020 2088 erit
1044 2034 1357 2101 mundum,
1385 2036 1469 2090 sic
1485 2051 1592 2091 nec
1615 2040 1677 2091 tu
1712 2036 1829 2092 eris

148 2119 435 2185 mundus,
460 2120 844 2190 quiaterram
872 2136 1063 2177 meam
1074 2122 1418 2191 perdidisti,
1449 2130 1503 2180 et
1528 2125 1823 2194 populum

149 2221 348 2262 meum
379 2207 764 2279 interfecisti.
788 2242 832 2248 -
866 2208 1653 2282 Sicutcadaverputridum,
1680 2213 1823 2282 sive,

148 2290 214 2350 ut
242 2282 464 2368 Aquila
514 2292 834 2367 transililit,
895 2299 1335 2371 conculcatum,
1393 2316 1514 2357 non
1568 2300 1823 2358 habebis

147 2378 521 2471 consortium
548 2382 890 2471 sepulturae,
923 2405 1033 2444 nec
1055 2406 1195 2445 cum
1248 2390 1342 2445 his
1379 2388 1626 2464 quidem
1667 2398 1823 2465 quos

146 2464 512 2534 interfecisti.
549 2464 645 2535 Tu
672 2478 833 2534 enim
860 2467 1148 2550 magister
1176 2497 1260 2551 es,
1290 2478 1373 2536 illi
1422 2480 1583 2538 fuere
1645 2464 1822 2539 disci-

143 2558 312 2647 puli:
347 2568 407 2621 et
436 2560 531 2621 cui
561 2562 698 2639 'pluS
725 2554 1019 2623 creditum
1044 2571 1154 2635 est,
1188 2568 1324 2640 phis
1354 2567 1622 2639 exigetur
1649 2570 1726 2626 ab
1749 2587 1819 2628 eo

144 2640 312 2723 (Luc.
344 2658 451 2720 xu,
485 2650 597 2726 48).
635 2655 721 2710 Tu
741 2656 898 2712 enim
932 2661 1159 2713 terram
1184 2662 1347 2714 tuam
1376 2654 1817 2729 disperdidisti,

133 2744 438 2825 populum
472 2747 642 2800 tuum
671 2744 947 2825 occidisti
975 2761 1079 2801 eos
1111 2744 1385 2803 videlicet
1415 2748 1519 2820 qui
1538 2747 1641 2803 tibi
1678 2736 1818 2825 sunt

140 2822 352 2887 crediti
382 2822 783 2901 gubernandi.
828 2832 995 2891 Unde
1018 2835 1096 2891 ad
1124 2834 1492 2893 Salvatorem
1522 2837 1704 2894 audet
1729 2822 1816 2893 di-

141 2924 275 2975 cere
312 2926 326 2977 Ξ
361 2912 504 2978 ch
531 2922 731 2979 omnia
790 2918 942 2980 mihi
973 2924 1203 2980 tradita
1232 2932 1393 2993 sunt,
1430 2930 1485 2982 et
1518 2926 1675 2983 dabo
1710 2926 1821 2981 tibi

141 3024 209 3065 ea
237 3002 292 3065 si
312 3011 637 3080 procidens
655 3002 1006 3069 adoraveris
1032 3028 1124 3068 me
1148 3012 1383 3083 (Matth.
1409 3029 1487 3083 1v,
1520 3019 1597 3083 9).
1630 3008 1816 3071 Cada-

139 3104 243 3153 ver
259 3092 468 3155 autem
485 3091 710 3176 diaboli
727 3094 1039 3173 putridum
1057 3088 1137 3157 ob
1160 3102 1643 3174 magnitudinem
1675 3118 1814 3176 pec-
1846 3128 1861 3176 ,-

139 3193 415 3245 catorum
437 3175 712 3245 dubitare
731 3205 851 3245 non
870 3188 1105 3263 poterit,
1138 3191 1241 3264 qui
1272 3180 1480 3260 legerit
1500 3196 1816 3264 peceatum

141 3293 270 3334 esse
301 3268 759 3348 fetidissimum,
792 3280 925 3354 ipso
955 3286 1271 3353 peccatore
1304 3281 1537 3338 dicente
1566 3301 1579 3338 :
1641 3283 1814 3339 Com-

130 3374 531 3439 putruerunt,
565 3372 618 3425 et
644 3374 946 3440 corruptae
976 3374 1116 3426 sunt
1148 3371 1457 3428 cicatrices
1486 3384 1630 3429 mea!
1651 3389 1687 3429 a
1711 3374 1813 3444 fa-

138 3454 223 3514 cie
242 3456 613 3529 insipientia
640 3474 784 3515 mem
814 3459 1006 3530 (Psal.
1038 3475 1269 3526 xxxv“,
1294 3462 1368 3533 6).
1397 3460 1508 3517 Iste
1529 3462 1674 3536 quia
1700 3466 1815 3519 ter-

139 3562 271 3604 ram
300 3542 417 3603 sibi
447 3536 737 3605 creditam
760 3536 1041 3621 perdidit,
1074 3542 1129 3605 et
1152 3551 1551 3606 commissum
1571 3550 1684 3608 sibi
1709 3569 1816 3626 po-

136 3634 350 3708 pulum
384 3632 721 3709 trucidavit,
748 3642 1141 3711 nequaqtmm
1162 3655 1265 3695 eos
1298 3640 1464 3696 vivos
1492 3646 1811 3698 reservans

135 3727 275 3789 Deo,
301 3725 409 3783 sed
443 3725 640 3783 socios
668 3734 793 3783 'suae
818 3743 1169 3801 praeparans
1198 3728 1540 3803 sepulturae,
1569 3732 1811 3803 propte-

135 3818 235 3871 rea
264 3832 389 3873 non
423 3812 531 3873 erit
551 3832 661 3872 nec
690 3814 1007 3874 vocabitur
1032 3816 1320 3874 aeternum
1352 3819 1480 3891 [al.,
1509 3835 1619 3875 nec
1633 3837 1810 3878 voca-

135 3902 368 3962 biturin
401 3908 697 3963 internum
730 3922 939 3963 semen
960 3905 1410 3981 pessimorum].
1445 3901 1629 3965 Porro
1636 3911 1811 3982 juxta

135 3991 263 4052 LXX
280 3995 450 4052 hunc
482 3990 667 4053 habet
694 4006 941 4053 sensum
971 3998 1014 4052 0
1036 3998 1300 4068 Lucifer,
1331 3999 1438 4071 qui
1459 4006 1636 4057 mane
1657 4002 1809 4057 orie-

140 4076 294 4140 baris
319 4085 463 4155 (Isa.
494 4101 614 4153 xxv,
643 4080 871 4159 l2),'qui
901 4085 1150 4159 quando
1180 4080 1455 4143 habebas
1482 4094 1670 4161 Opera
1688 4076 1806 4145 vir-

139 4164 278 4228 tutis
307 4179 365 4232 et
382 4164 655 4246 luminis,
679 4175 1101 4231 vestimentum
1132 4193 1264 4232 eras
1288 4172 1407 4244 Dei,
1433 4180 1490 4233 et
1517 4177 1591 4233 de
1616 4182 1669 4234 te
1691 4176 1810 4235 dici

141 4264 369 4332 poterat
388 4281 410 4321 .·
429 4266 468 4320 Α
488 4266 701 4321 mictus
725 4264 925 4322 lumen
943 4266 1099 4322 sicut
1120 4266 1531 4322 vestimentum
1566 4254 1687 4336 [al.,
1717 4256 1807 4323 lu-

134 4351 288 4409 mine
302 4356 459 4412 sicut
476 4355 868 4429 vestimento].
891 4372 904 4410 :
928 4354 1072 4428 quia
1087 4355 1307 4411 multos
1320 4352 1661 4413 interfecisti
1684 4355 1805 4427 gla-

134 4432 249 4509 dio,
277 4443 380 4516 qui
407 4440 853 4501 descenderunt
881 4442 961 4500 ad
986 4434 1310 4511 infernum,
1345 4448 1400 4500 et
1427 4461 1638 4501 eorum
1670 4436 1802 4519 pol-

133 4524 288 4586 lutus
308 4547 370 4588 es
398 4533 719 4605 sanguine,
741 4550 1135 4608 nequaquam
1151 4533 1465 4590 vocaberis
1488 4535 1807 4592 vestimen-

135 4612 259 4674 tum
286 4620 410 4687 Dei,
445 4622 555 4679 sed
579 4623 1006 4680 vestimentum
1029 4628 1240 4680 cruore
1269 4624 1647 4698 permistum,
1676 4643 1802 4684 non

133 4706 500 4769 maculatum
513 4716 692 4785 atque
706 4708 1100 4785 pollutum,ut
1113 4711 1341 4786 aliquid
1355 4714 1656 4771 mundum
1670 4710 1773 4790 [al.
1784 4759 1802 4789 ,

133 4788 603 4871 mundijhabere
624 4799 906 4868 videaris,
931 4801 1033 4857 ‘sed
1055 4804 1246 4857 totum
1273 4803 1569 4873 sanguine
1587 4788 1802 4861 cruen-

132 4879 336 4942 tatum.
357 4889 424 4944 Et
437 4880 557 4945 hoc
576 4884 915 4945 notandum
927 4889 1096 4962 qliod
1109 4878 1186 4944 ad
1205 4882 1518 4947 diabolum
1530 4891 1764 4948 dicatur
1783 4906 1797 4950 :

135 4962 279 5029 sicut
300 4978 733 5035 vestimentum
764 4978 1155 5034 commistum
1213 4979 1506 5050 sanguine
1538 4990 1663 5036 non
1693 4983 1802 5038 erit

136 5058 448 5142 mundum,
471 5064 555 5123 sic
587 5070 643 5124 et
664 5070 727 5123 tu
748 5072 872 5124 non
901 5067 1018 5123 eris
1043 5065 1330 5122 mundus.
1355 5062 1463 5122 Ubi
1487 5071 1625 5124 sunt
1655 5076 1797 5142 ergo

134 5138 234 5216 qui
251 5146 395 5210 dant
409 5154 658 5212 diabolo
675 5155 1110 5229 paenitentiam,
1128 5160 1185 5211 et
1204 5154 1412 5211 dicunt
1430 5154 1601 5213 illum
1617 5138 1796 5230 posse

134 5239 408 5298 mundari
436 5244 465 5300 εἰ
494 5249 611 5302 Nec
643 5245 843 5302 statim
874 5242 1215 5318 patebim‘us
1245 5232 1456 5301 haeresi
1489 5244 1619 5316 [al.,
1648 5245 1795 5303 fate-

135 5333 266 5379 mur
292 5327 609 5407 haeresim],
632 5350 770 5407 quas
797 5334 1066 5391 diversas
1088 5333 1302 5390 asserit
1327 5349 1455 5390 esse
1496 5339 1743 5393 naturas
1777 5355 1791 5406 ;

136 5412 191 5463 et
206 5411 381 5474 aliam
399 5437 531 5480 esse
552 5439 689 5497 quae
707 5422 1286 5497 nunquamrecipiat
1302 5422 1638 5481 sanitatem.
1665 5429 1791 5482 Non

138 5498 291 5587 enim
303 5500 413 5565 hoc
434 5513 856 5570 vestimentum
882 5530 990 5587 per
1012 5530 1073 5569 se
1099 5510 1487 5569 immundum
1505 5520 1615 5585 est,
1639 5518 1695 5571 et
1710 5515 1792 5572 ita

139 5597 173 5637 ἃ
201 5584 312 5684 Deo
343 5602 670 5669 conditum,
704 5616 828 5675 quo
851 5584 995 5658 olim
1022 5603 1179 5660 Deus
1230 5584 1632 5673 vestiebatur;
1684 5602 1791 5660 sed

139 5685 240 5743 (Iul
267 5689 644 5748 commistum
675 5690 764 5748 est
820 5691 1136 5764 sanguine,
1170 5694 1227 5749 et
1258 5695 1451 5750 totum
1483 5708 1545 5747 se
1576 5691 1791 5766 polluit

142 5773 250 5820 suo
272 5769 428 5846 vitio,
458 5781 515 5839 et
526 5772 699 5842 malis
715 5772 1162 5856 accedentibus,
1175 5798 1298 5841 non
1319 5780 1427 5844 erit
1456 5780 1781 5845 mundum.

1937 1853 2131 1907 mines
2184 1868 2349 1922 vero,
2403 1852 2547 1924 quia
2598 1850 2924 1907 rationales
2975 1849 3115 1906 facti
3142 1853 3299 1917 sunt,
3334 1848 3409 1904 de
3441 1864 3503 1904 se
3546 1853 3604 1905 et

1936 1930 2011 1996 de
2043 1939 2329 1996 omnibus
2350 1939 2531 1996 rebiis
2553 1956 2707 2013 quas
2760 1940 2822 1994 in
2866 1950 3046 1995 usum
3096 1936 3234 1994 vita:
3284 1936 3602 2010 praesentis

1935 2030 2314 2102 acceperunt,
2349 2024 2643 2085 rationem
2674 2024 2962 2085 reddituri
3011 2030 3152 2083 sunt
3208 2029 3349 2095 Deo,
3405 2026 3463 2081 et
3490 2039 3602 2099 pro

1935 2130 2185 2175 suorum
2218 2124 2464 2174 actuum
2518 2118 2805 2191 qualitate
2846 2116 3134 2191 recipient
3189 2123 3292 2171 aut
3329 2131 3598 2188 poenam,

1934 2212 2037 2265 aut
2062 2208 2315 2280 gloriam
2344 2226 2356 2264 :
2391 2198 2601 2265 Omnes
2623 2210 2778 2265 enim
2814 2222 2918 2264 nos
2946 2208 3331 2277 mani/testari
3369 2204 3603 2275 oportet

1933 2306 2074 2355 ante
2103 2290 2375 2355 tribunal
2406 2298 2640 2356 Christi
2668 2305 2732 2354 ut
2750 2300 3005 2369 recipiat
3035 2298 3441 2369 unuSquisque
3464 2308 3600 2365 pro;

1924 2388 2070 2460 prio
2099 2392 2387 2459 corporis,
2404 2395 2593 2458 prout
2619 2389 2887 2460 gesserit,
2919 2389 3043 2444 sive
3068 2384 3307 2456 bonum,
3324 2386 3447 2442 sive
3474 2394 3599 2442 ma-

1932 2479 2055 2536 lum
2080 2478 2169 2548 (II
2191 2480 2328 2536 Cor.
2360 2488 2421 2545 v,
2456 2476 2549 2547 10;
2608 2480 2749 2534 tunc
2794 2470 3013 2533 scilicet
3055 2488 3215 2546 cum,
3262 2472 3597 2531 secundum

1926 2565 2115 2640 lpsitis
2144 2561 2331 2624 nostri
2363 2567 2656 2623 Creatoris
2713 2582 2783 2623 ac
2841 2563 3255 2638 Redemptoris
3307 2562 3595 2634 elogium,

1927 2660 2125 2713 omnes
2147 2657 2252 2729 qui
2270 2658 2331 2712 in
2357 2647 2752 2725 monumentis
2782 2658 2941 2725 sunt,
2975 2654 3222 2712 audient
3244 2664 3439 2710 vocem
3467 2654 3596 2724 ejus

1927 2752 1983 2803 et
2010 2738 2353 2825 procedent,
2388 2748 2493 2818 qui
2540 2747 2694 2802 bona
2721 2734 3017 2816 fecerunt,
3064 2745 3129 2800 in
3161 2744 3599 2800 resurrectione

1926 2828 2240 2908 vit$;qui
2264 2848 2401 2891 vero
2429 2835 2595 2891 mala
2649 2838 2920 2906 egerunt,
2972 2835 3036 2890 in
3094 2831 3593 2889 resurrectionem

1914 2924 2142 2993 judicii
2168 2918 2365 2990 (Joan.
2395 2939 2453 2990 v,
2482 2916 2691 2992 28,29),
2747 2924 2812 2978 ut
2842 2920 3066 2978 scilicet
3115 2917 3222 2993 qui
3253 2918 3415 2975 mala
3456 2930 3596 2989 egeé

1924 3010 2086 3076 runt,
2117 3015 2258 3066 eant
2283 3011 2346 3066 in
2377 3009 2863 3066 combustionem
2919 3012 3227 3076 aeternam,
3290 3018 3430 3064 cum
3468 3005 3593 3063 dia-

1922 3096 2069 3156 bolo
2093 3110 2340 3172 semper
2369 3098 2562 3155 arsuri
2600 3098 2869 3170 principe
2896 3098 3172 3153 omnium
3227 3096 3530 3153 malorum
3578 3114 3592 3164 ;

1924 3188 2232 3259 regnaturi
2259 3187 2385 3243 sine
2413 3187 2533 3243 ﬁne
2556 3194 2695 3242 cum
2726 3184 2958 3242 Christo
2994 3185 3264 3258 principe
3284 3176 3412 3256 [al..
3434 3188 3596 3266 rege]

1923 3278 2027 3353 qui
2056 3293 2202 3334 vero
2231 3270 2397 3333 bona
2421 3274 2708 3345 fecerunt,
2752 3279 2894 3332 eant
2939 3275 3003 3332 in
3050 3275 3235 3331 vitam
3289 3276 3592 3343 aeternam,

1923 3367 2202 3423 omnium
2242 3367 2623 3423 saeculorum.

1991 3456 2028 3523 -Ῐ-
2058 3457 2123 3511 In
2144 3456 2360 3513 eodem
2390 3474 2404 3509 :
2433 3450 2680 3527 Singula
2707 3458 2852 3511 vero
2890 3456 3147 3526 cOrpora
3175 3453 3289 3509 iilis
3341 3452 3594 3520 singulis

1922 3545 2044 3601 suis
2074 3537 2397 3601 animabus
2452 3542 2515 3600 in
2562 3544 2998 3600 resurrectione
3046 3543 3394 3614 reddentur,
3439 3555 3595 3615 quas

1918 3634 1981 3693 in
2001 3635 2306 3705 maternis,
2324 3632 2391 3692 ut
2410 3635 2605 3691 vivere
2625 3634 2977 3708 inciperent,
3000 3630 3313 3691 ventribus
3336 3632 3592 3690 habere-

1919 3729 2265 3799 coeperunt;
2304 3723 2525 3780 scilicet
2556 3725 2775 3780 animae
2802 3723 2866 3779 in
2905 3722 3005 3779 illo
3028 3723 3304 3779 examine
3324 3720 3473 3793 justi
3499 3719 3593 3791 ju-

1917 3814 2068 3872 dicis
2094 3814 2157 3870 in
2178 3813 2407 3870 eisdem
2449 3814 2703 3884 singulis
2733 3813 3089 3886 corporibus
3121 3812 3245 3867 suis
3294 3809 3593 3883 accipiant

1916 3899 2392 3971 retributionem,
2428 3903 2551 3960 sive
2578 3903 2768 3974 regni,
2794 3903 2913 3958 sive
2932 3900 3228 3975 supplicii,
3259 3900 3319 3957 tn
3368 3900 3591 3974 quibus

1919 3995 2043 4051 sive
2071 3995 2330 4061 bonam,
2356 3993 2480 4048 sive
2504 3991 2733 4048 malam
2762 3990 3114 4064 qualitatem
3140 3990 3275 4046 vitae
3332 3998 3590 4063 priesen-

1918 4083 1990 4139 tis
2011 4083 2376 4139 habuerunt.
2412 4080 2684 4148 Qualitas
2717 4084 2917 4136 autem
2950 4079 3127 4136 malae
3156 4080 3290 4135 vitae
3324 4078 3403 4134 ab
3459 4078 3591 4134 inﬁ-

1917 4168 2155 4230 delitate
2187 4172 2415 4244 incipit,
2443 4188 2580 4244 quae
2604 4170 2682 4227 ab
2710 4168 3016 4244 originalis
3030 4164 3259 4243 peccati
3282 4170 3451 4225 reatu
3475 4168 3588 4224 ini—

1918 4260 2066 4318 tium
2108 4260 2290 4318 sumit
2323 4279 2335 4317 :
2365 4260 2431 4317 in
2457 4277 2582 4334 quo
2612 4260 2889 4334 quisquis
2917 4259 2999 4316 ita
3023 4258 3221 4316 vivere
3252 4256 3477 4332 incipit,
3523 4244 3589 4314 ut

1917 4357 2055 4408 ante
2093 4348 2265 4408 ﬁniat
2291 4342 2481 4407 vitam
2513 4342 2592 4406 ab
2628 4351 2757 4423 ejus
2816 4349 3179 4421 obligatione
3225 4347 3510 4419 solvatur,
3540 4347 3589 4404 si

1917 4441 2095 4498 unius
2125 4440 2242 4497 diei
2272 4441 2367 4497 vel
2403 4440 2581 4496 unius
2625 4440 2788 4496 horae
2816 4438 3009 4512 spatio
3036 4439 3241 4496 anima
3295 4436 3395 4494 illa
3440 4435 3588 4492 vixit

1914 4516 1976 4588 in
2008 4548 2278 4604 corpore,
2312 4545 2556 4587 necesse
2601 4532 2689 4586 est
2736 4544 2871 4584 eam
2902 4544 3042 4583 cum
3073 4518 3288 4582 eodem
3333 4532 3585 4599 oorpore

1914 4606 2383 4678 interminabilia
2445 4619 2734 4689 gehennae
2793 4615 3089 4689 supplicia
3142 4612 3435 4670 sustinere
3480 4606 3584 4670 ubi

1912 4700 2192 4767 diabolus
2238 4725 2379 4765 cum
2409 4706 2639 4778 angelis
2697 4705 2819 4761 suis
2875 4705 2937 4761 in
2987 4709 3278 4761 aeternum
3332 4708 3582 4758 arsurus

1909 4803 2019 4868 est,
2073 4798 2179 4871 qui
2221 4802 2278 4854 et
2313 4796 2546 4870 primus
2574 4793 2862 4868 peccavit,
2893 4797 2951 4850 et
3000 4796 3318 4867 peccatum
3348 4790 3581 4864 primus

1909 4884 2045 4962 [al.,
2106 4886 2337 4959 primis]
2387 4882 2741 4940 hominibus
2785 4881 3126 4955 persuasit:
3160 4880 3264 4937 ubi
3308 4897 3447 4937 cum
3506 4896 3578 4937 eo

1908 4978 2090 5035 etiam
2120 4972 2447 5042 fornicarii,
2482 4972 2663 5029 idolis
2725 4971 3069 5045 servientes,
3130 4969 3405 5037 adulteri,
3433 4969 3581 5027 mol-

1904 5060 2014 5135 les,
2048 5063 2459 5123 masculorum
2486 5061 2926 5130 concubitores,
2976 5060 3157 5134 fures,
3187 5061 3370 5129 avari,
3420 5058 3577 5117 ebri-

1904 5154 2014 5225 osi,
2042 5153 2340 5225 maledici,
2386 5168 2636 5226 rapaces
2666 5154 2722 5208 et
2750 5168 2964 5208 omnes
2998 5152 3104 5226 qui
3155 5167 3343 5225 opera
3380 5150 3577 5207 carnis

1903 5236 2111 5317 agunt,
2163 5240 2239 5300 de
2288 5241 2513 5318 quibus
2568 5240 2784 5298 beatus
2832 5240 2975 5297 dicit
3024 5238 3385 5315 Apostolus:
3424 5239 3576 5305 Quia

1902 5350 2154 5407 regnum
2184 5330 2296 5390 Dei
2319 5348 2440 5388 non
2470 5330 2907 5402 consequentur
2933 5328 3086 5403 (Gal.
3116 5347 3175 5387 v.
3217 5328 3328 5401 2i),
3359 5327 3408 5383 si
3437 5329 3573 5383 ante

1900 5418 2081 5495 hujus
2102 5422 2235 5478 vitae
2262 5421 2584 5477 terminum
2611 5437 2647 5477 a
2682 5418 2792 5475 viis
2833 5415 2966 5495 [al.,
3006 5414 3187 5490 vitiis]
3234 5416 3360 5472 suis
3396 5410 3572 5472 malis

1900 5512 2170 5569 conversi
2200 5528 2322 5568 non
2349 5511 2589 5579 fuerint,
2634 5510 2867 5566 aeternis
2928 5508 3169 5577 ignibus
3223 5512 3566 5563 cxureutur.

1900 5598 2106 5659 Omnis
2152 5602 2314 5663 enim
2366 5601 2550 5657 homo
2619 5599 2719 5673 qui
2770 5600 2831 5654 in
2925 5595 3041 5652 hoc
3109 5594 3328 5653 saeculo
3377 5612 3572 5669 usque

1897 5690 1978 5750 ad
2007 5691 2192 5773 ﬁnem
2240 5689 2622 5764 iniquitatem
2652 5686 2968 5744 dilectione
2996 5686 3125 5758 [al.,
3149 5684 3566 5760 delectatione]

1894 5776 1952 5841 et
2006 5776 2203 5841 cordis
2255 5777 2657 5843 obduratione
2723 5776 3171 5853 permanserit:
3235 5776 3391 5834 sicut
3471 5775 3570 5835 hic
