3936 6434
367 379 389 433 ί
398 377 503 434 247

364 592 485 648 ﬁne
507 591 872 665 sempiterna
886 589 1170 647 cruciatio
1195 589 1488 646 retinebit.
1513 589 1633 646 Erit
1647 589 1810 646 enim
1839 589 2022 646 etiam

364 681 708 754 iniquorum
759 678 1134 744 resurrectio,
1187 679 1294 735 sed
1343 678 1470 736 sine
1513 678 1848 736 mutatione
1886 678 2020 750 [al.,

364 769 823 840 immutatione],
851 784 1039 841 quam
1071 768 1216 825 solis
1236 766 1516 826 fidelibus
1545 773 1608 826 et
1630 785 1704 826 ex
1720 768 1840 825 ﬁne
1863 768 2022 839 juste

366 858 706 916 viventibus
733 857 987 914 daturus
1017 861 1105 914 est
1126 860 1302 914 Deus.
1327 861 1447 915 Hoc
1469 862 1558 915 est
1578 858 1738 916 enim
1758 856 1927 931 quod
1943 856 2024 913 ait

365 948 580 1005 beatus
626 945 882 1002 Paulus:
938 948 1151 1004 Omnes
1199 947 1436 1020 quidem
1477 963 1872 1019 resurgemus,
1920 946 2025 1004 sed

1466 374 1526 434 S.
1565 373 1949 432 PRUDENTII
1985 370 2358 428 TRECENSIS
2397 373 2708 432 EPISCOPI

367 518 510 560 eum
540 501 725 559 noxia
756 501 1076 559 criminum
1108 500 1353 557 dilectio
1375 500 1586 572 tenuit,
1619 500 1704 557 sic
1735 515 1876 556 eum
1906 498 2033 554 sine
2063 501 2110 554 Α

1229 24 1385 35 wh;

679 67 682 70 -
757 75 760 78 -
815 67 894 80 -ρτιι-
915 66 1212 88 υ-ηα--η-ιιῡιίιῑ--ω
1229 81 1236 86 .
1249 81 1270 86 .-
1311 65 1330 70 “·
1429 69 1506 78 -μ--ι

3657 372 3792 429 1248

2704 513 2944 556 JOANNES
2983 511 3210 555 SCOTUS.

2208 623 2375 697 (Cap.
2404 625 2488 687 t6,
2512 640 2683 682 num.
2713 629 2768 694 8,
2801 628 2943 682 sect.
2965 623 3040 694 2.)
3064 628 3103 677 Θ
3132 621 3270 679 Νοη
3291 621 3449 679 enim
3484 623 3655 693 juste
3675 638 3794 694 pu-

2133 714 2326 785 nitur,
2352 715 2476 771 nisi
2493 716 2656 788 quod
2671 717 3022 788 delinquere
3050 713 3450 771 convincitur.

2797 836 3129 879 CORRECTIO.

2202 928 2239 994 Ἰ·
2261 930 2476 984 Verum
2502 931 2610 995 est,
2633 933 2690 985 et
2727 928 2952 985 idcirco
2994 929 3154 1000 juste
3208 925 3457 1000 punitur
3502 925 3712 982 anima
3743 930 3802 983 et

367 1052 486 1092 non
505 1050 704 1091 omnes
721 1036 1194 1093 immutabimur.
1207 1015 1268 1108 ’(1
1284 1037 1421 1094 C’or.
1436 1053 1536 1104 xv,
1560 1015 1677 1108 51)}
1697 1035 1985 1092 ostenden

2196 1032 2374 1089 irpus,
2391 1017 2535 1089 quia
2557 1022 2810 1091 utraque
2829 1016 3177 1089 delinquere
3195 1020 3660 1086 cognoscuntur.
3684 1015 3802 1072 Sed

361 1128 565 1180 autem
587 1124 782 1194 justos
811 1123 1014 1180 divino
1062 1140 1312 1182 munere
1344 1125 1836 1192 commutandos,
1892 1123 1975 1179 ait
2007 1138 2019 1176 :

362 1214 440 1269 Et
460 1229 567 1269 nos
589 1213 1066 1270 immutabimur.
1095 1213 1416 1271 Habebunt
1447 1229 1591 1284 ergo
1633 1213 1826 1286 iniqui
1883 1229 2024 1268 cum

356 1302 541 1374 justis
565 1303 1070 1358 resurrectionem
1095 1304 1292 1359 carnis
1309 1319 1724 1370 communem,
1749 1303 2028 1358 immuta-

363 1391 543 1448 tionis
571 1397 775 1448 tamen
809 1391 1066 1462 gratiam
1088 1409 1213 1449 non
1235 1392 1567 1460 habebunt,
1619 1409 1754 1466 quin
1787 1391 2028 1448 dabitur

361 1479 540 1551 justis
573 1501 586 1537 :
611 1479 904 1553 quoniam
946 1495 984 1536 a
1015 1480 1371 1554 corporibus
1403 1481 1732 1554 impiorum
1761 1496 1886 1536 non
1916 1496 2024 1536 au-

366 1568 606 1626 feretur.
638 1569 963 1642 corruptio,
995 1574 1053 1626 et
1104 1569 1472 1640 ignobilitas,
1505 1574 1562 1626 et
1603 1570 1942 1642 inﬁrmitas,
1968 1568 2029 1624 in

367 1659 590 1732 quibus
621 1659 1027 1716 seminantur:
1048 1676 1184 1732 quae
1207 1660 1287 1716 ob
1309 1661 1425 1716 hoc
1446 1665 1637 1717 morte
1663 1676 1787 1716 non
1816 1659 2032 1717 exstin-

369 1753 630 1820 guentur
660 1753 724 1806 ut
750 1749 898 1805 illud
936 1750 1082 1821 juge
1133 1755 1498 1808 tormentum
1557 1751 1800 1825 corpori
1850 1756 2031 1823 atque

369 1838 587 1895 animae
613 1839 686 1895 sit
713 1839 929 1895 mortis
959 1843 1196 1896 (uternis
1222 1840 1639 1914 snpplicium.]

435 1999 472 2065 ἦ·
497 2001 564 2055 Et
581 1997 730 2054 infra
755 2015 769 2055 :
795 1999 954 2070 [Ideo
981 2003 1183 2056 autem
1213 1999 1309 2056 hic
1347 1999 1704 2073 poenitentia
1729 1999 2035 2056 fructuosa

365 2090 454 2144 est
472 2087 617 2160 quia
647 2092 845 2160 potest
866 2087 962 2144 hic
989 2089 1174 2145 homo
1199 2088 1477 2161 deposita
1507 2089 1734 2146 malitia
1758 2088 1914 2144 bene
1949 2088 2035 2143 vi-

365 2190 523 2244 vere,
546 2178 602 2230 et
626 2179 860 2231 mutata
883 2176 1189 2232 voluntate
1206 2176 1288 2248 inj
1301 2181 1430 2232 usta
1450 2177 1663 2233 merita
1684 2176 1872 2232 simul
1894 2191 2036 2248 ope-

365 2280 556 2337 raque
577 2268 830 2333 mutare,
855 2269 911 2320 et
960 2265 1024 2321 in
1072 2264 1285 2321 timore
1315 2265 1414 2321 Dei
1442 2281 1513 2322 ea
1554 2280 1839 2336 generare
1900 2280 2038 2338 quin

367 2352 651 2426 placeant
673 2355 814 2410 Deo.
838 2353 1008 2415 Quod
1035 2353 1140 2426 qui
1161 2355 1222 2410 in
1246 2354 1361 2411 hac
1385 2354 1504 2411 vita
1528 2368 1652 2410 non
1682 2355 1908 2416 fecerit,
1931 2354 2037 2414 ha-

373 2440 542 2498 bebit
566 2441 810 2516 quidem
836 2443 1251 2516 paenitentiam
1270 2443 1334 2500 in
1358 2443 1558 2500 futuro
1581 2443 1800 2500 saeculo
1813 2443 1888 2499 de
1904 2459 2036 2500 ma-

378 2531 454 2587 lis
481 2532 626 2601 suis,
681 2532 788 2588 sed
841 2532 1277 2604 indulgentiam
1334 2533 1393 2590 in
1434 2538 1761 2606 conspectu
1791 2533 1890 2590 Dei
1914 2549 2038 2590 non

379 2621 664 2690 inveniet,
695 2621 841 2694 quia
869 2623 977 2679 etsi
1007 2623 1117 2679 erit
1161 2623 1247 2679 ibi
1291 2622 1569 2679 stimulus
1601 2622 2036 2696 paenitudinis],

365 2710 535 2767 nulla
563 2710 647 2766 ibi
671 2711 780 2768 erit
804 2711 1092 2768 correctio
1121 2711 1446 2768 voluntatis
1481 2729 1494 2766 :
1541 2727 1578 2768 a
1624 2711 1845 2768 talibus
1875 2711 2038 2767 enim

367 2798 452 2854 ita
480 2798 822 2871 culpabitur
844 2799 1132 2870 iniquitas
1165 2815 1295 2869 sua,
1328 2804 1394 2855 ut
1418 2799 1764 2856 nullatenus
1822 2799 1901 2855 ab
1952 2797 2038 2854 eis

369 2887 559 2959 possit
573 2887 667 2943 vel
686 2887 850 2958 diligi
872 2887 964 2944 vel
977 2887 1303 2944 desiderari
1315 2888 1561 2960 justitia.
1569 2887 1853 2945 Voluntas
1875 2887 2035 2943 enim

369 2993 581 3033 eorum
608 2977 740 3034 talis
794 2977 920 3049 erit,
969 2982 1035 3034 ut
1088 2978 1312 3035 habeat
1367 2979 1427 3034 in
1457 2994 1519 3034 se
1574 2994 1816 3051 semper
1864 2976 2036 3033 mali-

374 3067 619 3138 gnitatis
667 3085 792 3124 suae
845 3068 1229 3142 supplicium,
1272 3085 1589 3142 nunquam
1635 3073 1839 3126 tamen
1894 3069 2039 3124 reci-

368 3172 514 3230 pere
544 3157 734 3230 possit
761 3156 1045 3214 bonitatis
1076 3157 1380 3215 affectum.
1417 3159 1589 3225 Quia,
1622 3159 1775 3214 sicut
1802 3157 1882 3214 illi
1908 3156 2037 3230 qui-

369 3263 508 3303 cum
542 3247 770 3304 Christo
791 3248 1155 3319 regnabunt,
1186 3248 1387 3305 nullas
1432 3250 1492 3305 in
1523 3266 1586 3306 se
1615 3249 1790 3306 malae
1829 3249 2038 3305 volun-

367 3336 502 3394 tatis
543 3336 828 3411 reliquias
893 3338 1226 3402 habebunt,
1273 3339 1357 3395 ita
1396 3339 1478 3395 illi
1513 3339 1619 3412 qui
1676 3345 1851 3395 erunt
1898 3356 2036 3412 sup-

366 3427 546 3500 plicio
572 3427 726 3499 ignis
752 3428 954 3483 aeterni
975 3445 1112 3484 cum
1138 3429 1384 3486 diabolo
1423 3434 1480 3485 et
1508 3430 1639 3502 ejus
1671 3429 1901 3501 angelis
1961 3431 2036 3486 de

367 3514 580 3588 putati,
625 3516 780 3571 sicut
806 3515 1037 3572 nullam
1089 3516 1335 3572 ulterius
1376 3517 1692 3575 habebunt
1741 3519 2032 3592 requiem,

369 3603 454 3659 sic
474 3603 704 3658 bonam
728 3602 1072 3658 nullatenus
1097 3605 1321 3660 habere
1343 3610 1626 3677 poterunt
1641 3607 2032 3664 voluntatem.

368 3694 438 3749 Et
502 3691 653 3748 sicut
733 3691 1148 3750 cohaeredibus
1199 3694 1410 3751 Christi
1465 3695 1708 3752 dabitur
1750 3697 2035 3770 perfectio

371 3780 500 3847 [al.,
534 3779 846 3852 profectio]
888 3781 1093 3850 gratiae
1130 3781 1208 3838 ad
1261 3787 1547 3838 aeternam
1606 3783 1882 3854 gloriam,
1952 3784 2036 3840 sic

369 3869 752 3925 consortibus
809 3869 1035 3926 diaboli
1113 3871 1445 3928 cumulabit
1503 3871 1638 3944 ipsa
1687 3872 2034 3943 malignitas

367 3975 635 4032 pcenam,
683 3959 932 4031 quando
987 3960 1381 4017 exterioribus
1445 3961 1712 4033 deputati
1751 3961 2031 4031 tenebris,

369 4047 536 4104 nullo
559 4047 1017 4106 illustrabuntur
1042 4050 1307 4108 interiori
1326 4050 1554 4108 lumine
1578 4051 1892 4116 veritatis.)

435 4210 885 4276 'j‘Cassiodorus
917 4212 979 4267 in
996 4213 1379 4285 Expositione
1417 4213 1637 4286 psalmi
1660 4231 1714 4270 v1
1731 4218 1907 4282 (vers.
1941 4212 2030 4286 6):

370 4301 622 4360 [Movere
662 4304 857 4372 potest
883 4317 1074 4373 quare
1103 4301 1283 4372 dicat,
1318 4304 1376 4358 in
1412 4308 1603 4359 morte
1640 4303 1875 4360 nullum
1906 4319 2035 4360 esse

368 4405 702 4445 memorem
729 4389 848 4455 Dei,
888 4389 1036 4445 dum
1057 4391 1256 4447 vicina
1286 4392 1475 4464 possit
1500 4393 1764 4466 amplius
1817 4394 1906 4450 ira
1945 4394 2037 4464 ju-

369 4477 520 4534 dicis
551 4479 968 4534 contremisci:
1004 4480 1110 4536 sed
1137 4480 1291 4536 bene
1321 4481 1588 4554 perﬁdos
1629 4481 1888 4538 dicimus
1927 4483 2036 4538 im-

2130 1106 2246 1162 hoc
2278 1122 2416 1163 cum
2448 1107 2522 1164 de
2545 1107 2967 1180 peccatoribus
3012 1106 3266 1174 dicatur,
3296 1121 3420 1162 non
3450 1105 3682 1162 excedit
3707 1121 3802 1162 re-

2133 1195 2340 1266 gulam
2368 1197 2670 1253 veritatis:
2709 1200 3128 1254 verumtamen
3157 1195 3381 1252 multos
3410 1195 3610 1268 puniri
3639 1200 3697 1253 et
3717 1195 3807 1252 vi-

2135 1285 2351 1341 demus
2373 1291 2430 1342 et
2455 1287 2734 1356 legimus,
2769 1286 2832 1342 in
2857 1286 3080 1360 quibus
3107 1291 3211 1342 tua
3238 1285 3533 1342 sententia
3552 1285 3806 1343 omnino

2134 1375 2477 1434 frustratur.
2510 1377 2875 1450 Incipiamus
2902 1377 3133 1451 quippe
3156 1376 3236 1432 ab
3269 1375 3420 1432 Abel
3463 1381 3808 1450 protomar-

2138 1469 2286 1537 tyre,
2316 1470 2372 1522 et
2394 1466 2769 1523 inveniemus
2793 1467 2855 1522 in
2880 1483 2951 1524 eo
2983 1465 3365 1540 iniquitatem
3387 1481 3514 1521 non
3539 1482 3671 1522 esse
3692 1483 3808 1540 pu-

2137 1555 2347 1617 nitam,
2385 1554 2493 1611 sed
2515 1572 2655 1611 eum
2681 1555 2977 1628 aequitatis
3007 1554 3220 1611 merito
3249 1553 3627 1611 interfectum
3655 1575 3668 1622 ;
3694 1570 3808 1611 cu-

2133 1644 2234 1716 jus
2253 1644 2548 1714 justitiam
2580 1649 2637 1700 et
2664 1644 2814 1700 liber
2844 1646 3145 1701 Geneseos
3174 1649 3231 1700 et
3259 1643 3389 1716 ipse
3411 1643 3700 1700 Dominus
3737 1644 3808 1700 in

2140 1732 2464 1803 Evangelia
2486 1732 2878 1790 commendat
2907 1733 3073 1804 (Gen.
3102 1749 3179 1796 ιν.
3212 1731 3435 1790 Matth.
3468 1749 3636 1800 xxm,
3687 1737 3807 1801 35).

2061 1856 2107 1910 Β
2144 1822 2314 1877 Liber
2335 1822 2516 1878 etiam
2540 1823 2849 1895 prophetae
2884 1821 3204 1894 Samuelis,
3235 1821 3616 1879 Achimelech
3665 1837 3810 1878 cum

2143 1912 2372 1967 caeteris
2394 1911 2810 1968 sacerdotibus
2838 1916 3086 1986 propter
3111 1911 3586 1968 misericordiam
3616 1910 3811 1968 David

2142 1999 2433 2056 benevole
2461 2000 2804 2073 impensam
2832 2000 3143 2073 iniquitate
3174 2001 3367 2057 Saulis
3405 2005 3652 2057 necatos
3714 2000 3812 2056 in-

2142 2087 2306 2144 dicat
2331 2089 2390 2160 (I
2413 2091 2556 2160 Reg.
2591 2090 2747 2161 xxu).
2778 2092 2844 2144 Et
2865 2106 2941 2145 ne
2965 2089 3158 2145 multa
3187 2106 3260 2145 ex
3291 2089 3594 2146 veteribus
3617 2088 3814 2146 revol-

2146 2193 2308 2246 vam,
2357 2181 2587 2251 septem
2617 2176 2830 2234 fratres
2861 2177 3012 2234 liber
3039 2177 3525 2235 Machabaeorum
3563 2183 3815 2251 propter

2141 2269 2307 2338 leges
2358 2266 2481 2332 Dei,
2521 2282 2676 2339 quas
2724 2266 2902 2322 nullis
2957 2266 3283 2323 terroribus
3325 2265 3662 2340 relinquere
3707 2282 3811 2322 vo-

2140 2357 2400 2424 luerunt,
2414 2355 2594 2412 tantis
2618 2355 2983 2414 cruciatibus
3003 2356 3235 2414 occisos
3255 2356 3584 2427 intimat,ut
3601 2357 3818 2413 horro-

2143 2463 2273 2504 rem
2300 2444 2644 2516 regentibus
2673 2445 3178 2518 audientibusque
3203 2445 3452 2502 incutiat
3489 2445 3583 2517 (II
3606 2444 3817 2502 Mach.

2143 2535 2266 2607 vn).
2293 2537 2509 2590 Beatus
2535 2536 2797 2590 Joannes
2826 2535 3094 2608 Baptista
3131 2534 3192 2589 in
3215 2533 3424 2589 matris
3444 2539 3615 2590 utero
3635 2549 3819 2590 sanc-

2145 2623 2402 2682 tificatus
2431 2623 2598 2687 (Luc.
2642 2641 2682 2691 ι,
2735 2623 2842 2692 15),
2892 2638 3015 2695 quo
3062 2623 3225 2679 inter
3268 2627 3442 2716 natos
3482 2623 3817 2716 muliierum

2144 2714 2344 2782 major
2369 2728 2488 2768 non
2519 2713 2787 2768 surrexit
2818 2711 2984 2783 (Luc.
3006 2727 3108 2779 vn,
3130 2712 3240 2783 28),
3274 2711 3453 2767 unius
3485 2710 3820 2768 muliercu-

2143 2801 2216 2858 lae
2244 2799 2482 2856 saltatui
2511 2799 2845 2856 meretricio
2873 2815 3104 2856 merces
3143 2799 3481 2873 exponitur,
3515 2804 3570 2856 et
3591 2815 3817 2874 ampu-

2145 2889 2368 2946 tatione
2391 2887 2600 2960 capitis
2631 2887 2846 2944 funesti
2884 2888 3044 2958 regis
3093 2888 3421 2945 convivum
3465 2887 3820 2963 deturpavit

2144 2977 2386 3047 (Matth.
2418 2981 2558 3045 xw).
2595 2975 2774 3032 Filius
2824 2977 2924 3032 Dei
2975 2978 3132 3034 Deus
3181 2981 3239 3034 et
3265 2977 3558 3034 Dominus
3607 2981 3819 3034 noster

2142 3069 2310 3123 Jesus
2341 3066 2738 3139 Christus,qui
2757 3072 3076 3136 peccatum
3120 3083 3240 3124 non
3266 3067 3434 3138 fecit,
3480 3081 3588 3124 nec
3637 3067 3818 3125 dolus

2143 3158 2418 3214 inventus
2434 3157 2593 3213 estin
2619 3171 2721 3213 ore
2739 3158 2867 3226 ejus
2883 3157 2937 3227 (1
2945 3156 3113 3213 Petr.
3147 3173 3209 3216 ιι.
3231 3157 3345 3229 22),
3391 3157 3570 3213 tantis
3593 3172 3820 3232 oppro-

2143 3246 2288 3302 briis
2315 3245 2565 3302 affectus
2603 3243 2933 3301 novissime
2960 3245 3154 3302 crucis
3181 3245 3476 3320 patibulo,
3505 3244 3819 3303 clavorum

2146 3335 2437 3391 affixione
2465 3350 2797 3407 suspensus
2837 3333 3151 3407 expiravit,
3181 3351 3290 3391 nec
3331 3334 3678 3408 quiescente
3706 3352 3820 3391 sae-

2145 3423 2290 3480 vitia
2319 3422 2838 3496 persequentium,
2867 3422 3080 3479 lancea
3107 3422 3266 3480 latus
3316 3423 3447 3495 ejus
3495 3424 3819 3480 mundissi-

2145 3529 2317 3569 mum
2355 3512 2639 3586 aperitur.
2680 3515 2902 3583 Petrus,
2953 3515 3165 3585 pastor
3216 3512 3570 3569 universalis
3619 3513 3821 3570 Eccle-

2146 3603 2273 3673 siae,
2297 3602 2697 3658 Neronianam
2721 3601 3023 3659 insaniam
3041 3602 3236 3659 crucis
3259 3603 3630 3676 appensione
3650 3602 3821 3660 dam-

2143 3691 2326 3747 navit.
2362 3689 2604 3757 Paulus,
2650 3690 2864 3747 doctor
2917 3691 3207 3761 gentium,
3250 3691 3660 3750 Neronianum
3694 3693 3820 3764 gla-

2145 3780 2315 3836 dium
2343 3781 2691 3837 cruentavit.
2719 3781 2810 3838 Sic
2837 3782 3033 3838 caeteri
3083 3782 3342 3855 apostoli
3365 3799 3699 3856 eorumque
3731 3799 3817 3839 se.

2143 3885 2367 3943 quaces
2397 3885 2610 3925 omnes
2642 3886 2831 3942 usque
2854 3870 2917 3926 in
2935 3870 3122 3927 ﬁnem
3153 3871 3355 3928 saeculi
3379 3872 3616 3928 Domini
3631 3871 3820 3930 nostri

2142 3961 2281 4014 Jesu
2311 3957 2527 4014 Christi
2552 3963 2868 4030 martyres,
2893 3961 3173 4034 nunquid
3204 3978 3315 4018 sua
3351 3961 3666 4036 iniquitate
3708 3978 3817 4035 pu-

2144 4047 2269 4115 niti,
2303 4046 2712 4120 autiniquitas
2730 4048 2790 4104 in
2813 4048 2896 4104 eis
2926 4048 3051 4106 ulla
3075 4050 3306 4124 punita,
3357 4050 3454 4107 vel
3506 4051 3818 4124 punienda

2143 4135 2405 4193 creditur
2429 4137 2458 4193 ?
2480 4141 2550 4193 At
2580 4138 2629 4192 si
2647 4136 2747 4193 Dei
2768 4137 2977 4194 Filium
2994 4139 3274 4212 punitum
3289 4155 3513 4211 negare
3537 4140 3814 4208 volueris,

2144 4241 2358 4282 omnes
2403 4224 2750 4281 divinorum
2780 4225 3162 4299 eloquiorum
3191 4228 3433 4300 pagina:
3466 4228 3583 4285 tuis
3615 4245 3818 4285 vecor-

2145 4315 2279 4381 diis,
2312 4319 2490 4388 pente
2521 4314 2798 4388 ultroque
2829 4315 3097 4387 obviant,
3123 4316 3275 4374 inter
3304 4334 3478 4391 quas,
3527 4322 3593 4374 ut
3638 4334 3816 4375 voca-

2146 4405 2291 4460 bulo
2312 4403 2664 4477 punitionis,
2689 4404 2855 4476 quod
2888 4409 3053 4461 tanta
3073 4405 3467 4463 delectatione
3497 4423 3815 4480 perseque-

2149 4493 2254 4563 ris,
2272 4493 2703 4565 obsequamur.
2731 4493 2902 4549 Liber
2925 4494 3242 4566 Sapientiae
3264 4495 3343 4552 ad
3355 4496 3594 4553 Patrem
3618 4499 3808 4553 Deum

370 4584 670 4660 mem9res
704 4568 828 4633 DBi.
857 4568 932 4625 de
962 4569 1187 4642 quibus
1220 4575 1276 4626 et
1307 4571 1489 4627 Isaias
1518 4589 1530 4627 :
1581 4571 1716 4627 Non
1747 4573 1903 4629 enim
1936 4573 2040 4644 qui
2067 4566 2111 4619 D
2151 4600 2330 4656 super
2347 4583 2469 4639 Filii
2493 4583 2587 4638 sui
2613 4599 2759 4639 nece
2789 4583 3058 4656 queritur
3086 4585 3329 4642 dicens:
3363 4587 3521 4643 Eum
3561 4603 3810 4660 quoque,

369 4659 432 4714 in
458 4659 699 4728 inferno
724 4664 887 4729 sunt,
939 4659 1278 4715 laudabunt
1309 4665 1396 4730 te;
1429 4675 1616 4732 neque
1662 4661 1770 4731 qui
1815 4662 2040 4716 mortui

369 4753 511 4804 sunt
543 4747 886 4805 benedicent
911 4753 968 4805 te
997 4749 1137 4820 (Isa.
1171 4765 1417 4812 xxxvm,
1458 4749 1564 4819 18).
1599 4752 1746 4805 Nam
1778 4766 1916 4805 cum
1954 4749 2039 4805 di-

370 4837 448 4893 cit
478 4838 801 4910 Apostolus
825 4857 837 4894 :
869 4842 931 4893 In
954 4838 1201 4894 nomine
1229 4843 1332 4894 tuo
1357 4854 1539 4895 omne
1565 4853 1725 4908 genu
1747 4838 2034 4907 ﬂectetur,

369 4923 720 4994 caelestium,
746 4925 1112 4982 terrestrium
1141 4930 1198 4982 et
1234 4925 1608 4982 infernorum
1639 4927 1828 4998 (Phil.
1851 4943 1892 4982 ιι
1927 4927 2035 4999 10),

368 5013 466 5068 hic
491 5013 567 5068 de
594 5013 735 5069 solis
755 5015 1101 5072 inﬁdelibus
1125 5033 1195 5072 ac
1216 5015 1624 5088 pertinacibus
1647 5016 1828 5073 debet
1844 5002 2038 5089 accipi

370 5100 622 5168 dictum,
672 5103 777 5174 qui
835 5103 1066 5160 nullam
1106 5103 1394 5161 ﬁduciam
1436 5105 1830 5162 confessionis
1910 5121 2038 5162 suae

370 5187 594 5245 habere
620 5197 1057 5263 promerentur.
1090 5193 1290 5249 Merito
1322 5210 1464 5265 ergo
1494 5194 1591 5251 hic
1633 5194 1744 5250 sibi
1802 5193 2041 5251 festinat

371 5277 616 5345 dimitti,
649 5279 795 5350 quia
824 5283 961 5352 post
985 5279 1136 5337 lucis
1185 5297 1473 5339 occasum
1527 5299 1650 5339 non
1693 5286 1876 5340 restat
1925 5283 2040 5344 nisi

373 5365 504 5423 sola
523 5367 830 5424 retributio
851 5368 1246 5438 meritorum.)
1272 5370 1307 5436 αἰ-
1337 5370 1437 5426 His
1464 5374 1766 5428 tantorum
1791 5371 2038 5428 Patrum

372 5455 683 5512 concinnis
705 5457 1137 5530 catholicisque
1161 5460 1467 5517 sententiis
1514 5466 1730 5518 cuncta
1786 5477 1925 5534 quae
1977 5461 2039 5517 in

375 5546 766 5617 sequentibus
789 5547 1030 5617 garrula
1054 5548 1414 5622 loquacitate
1441 5550 1534 5607 vel
1562 5550 1804 5624 loquaci
1834 5567 2040 5622 garru-

373 5631 537 5689 litate
563 5633 752 5705 eﬂlas,
803 5637 1135 5694 orthodoxa
1197 5638 1716 5696 animadversione
1764 5645 2041 5698 truncata

375 5725 559 5776 sunt:
593 5722 850 5796 ideoque
882 5726 1317 5797 compendiosa
1363 5728 1654 5785 brevitate
1711 5734 1931 5786 attacta
1963 5730 2040 5801 si-_

378 5808 627 5892 gnanda
691 5818 829 5868 sunt
874 5813 1077 5886 potius
1125 5832 1315 5888 quam
1382 5816 1634 5874 effusius
1687 5820 2037 5892 repetenda.

382 5891 559 5957 Quod
581 5907 726 5964 ergo
755 5899 882 5954 ais:

2148 4675 2255 4745 qui
2296 4689 2415 4729 non
2465 4673 2634 4729 debet
2685 4673 2917 4743 puniri,
2967 4674 3340 4732 condemnas
3373 4676 3668 4747 (Sap.xn,
3702 4679 3807 4748 15),

2148 4762 2314 4835 quod
2343 4762 2418 4817 de
2447 4761 2581 4834 ipso
2626 4762 3083 4833 intelligendum
3128 4764 3346 4821 beatus
3392 4767 3710 4837 Gregorius
3741 4767 3801 4823 in

2146 4852 2314 4909 libris
2337 4852 2654 4909 Moralibus
2685 4853 2942 4926 exponit.
2978 4856 3044 4910 Et
3073 4855 3387 4914 Psalmista
3413 4873 3426 4912 :
3461 4858 3806 4927 Captabunt

2147 4944 2211 4999 in
2237 4944 2501 4999 animam
2523 4943 2700 5012 justi,
2749 4949 2805 5000 et
2863 4946 3218 5016 sanguinem
3269 4948 3639 5005 innocentem
3677 4964 3808 5005 con-

2148 5031 2516 5087 demnabunt
2547 5032 2670 5102 (Ps.
2729 5047 2889 5100 xcm,
2935 5036 3050 5100 2t).
3101 5035 3286 5090 Audis
3329 5040 3414 5092 tot
3466 5042 3805 5094 sanctorum

2148 5119 2429 5177 examina
2455 5136 2566 5193 pro
2595 5121 2971 5179 confessione
2993 5123 3256 5180 veritatis
3291 5129 3348 5180 et
3376 5125 3674 5199 aequitatis
3707 5142 3806 5199 op-

2148 5215 2370 5283 petere,
2397 5214 2454 5266 et
2479 5210 2668 5266 audes
2689 5211 2885 5268 dicere
2907 5212 3246 5270 humanam
3267 5214 3669 5273 substantiam
3688 5230 3804 5273 non

2149 5300 2396 5374 puniri?
2424 5303 2648 5357 Rursus
2679 5301 2846 5374 quod
2877 5301 2973 5374 adj
2985 5302 3193 5372 ungis:

2721 5442 2964 5484 JOANNES
3003 5443 3231 5486 SCOTUS.

2224 5552 2389 5624 (Cap.
2425 5551 2510 5622 16,
2541 5567 2710 5608 num.
2762 5555 2816 5624 9,
2867 5557 3008 5610 sect.
3067 5558 3149 5624 2.)
3181 5561 3220 5610 Θ
3267 5557 3516 5614 Nullius
3549 5560 3798 5616 nominis

2152 5643 2460 5698 invenitur
2484 5642 2794 5713 iniquitas,
2826 5643 2945 5699 nisi
2989 5659 3113 5700 suae
3157 5648 3419 5716 propriae
3476 5649 3799 5704 voluntatis

2153 5733 2475 5801 culpabilis
2497 5735 2884 5801 perversitas,
2919 5750 3047 5806 qua
3079 5738 3386 5794 verissime
3433 5744 3662 5796 natura
3692 5754 3801 5795 non

2152 5827 2235 5878 est
2262 5822 2402 5892 quia
2427 5837 2502 5877 ex
2529 5822 2649 5878 Deo
2680 5825 2943 5880 omnium
2971 5831 3240 5883 creatore
3273 5827 3334 5884 in
3389 5829 3567 5885 nulla
3645 5830 3800 5886 subs-

2153 5909 2351 5968 tantia
2381 5913 2467 5969 est
2497 5915 2704 5970 creata
2732 5913 2938 5983 :juste
2964 5914 3156 5987 igitur
3171 5917 3394 5990 punita
3415 5918 3489 5988 ﬁt
3530 5919 3768 5979 misera.
