  <div class='ocr_page' id='page_1' title='image "/cluster/home/n/w/nwhite01/storage/ocr_20150623/115-116/uc1.31175006916467/632.png"; bbox 0 0 3936 6430; ppageno 0'>
   <div class='ocr_carea' id='block_1_1' title="bbox 431 107 896 123">
    <p class='ocr_par' dir='ltr' id='par_1_1' title="bbox 431 107 896 123">
     <span class='ocr_line' id='line_1_1' title="bbox 431 107 896 123; baseline 0.002 -4"><span class='ocrx_word' id='word_1_1' title='bbox 431 107 896 123; x_wconf 59' lang='lat'><strong>—&#39;—&#39;—&#39;</strong></span> 
     </span>
    </p>
   </div>
   <div class='ocr_carea' id='block_1_2' title="bbox 214 365 356 422">
    <p class='ocr_par' dir='ltr' id='par_1_2' title="bbox 214 365 356 422">
     <span class='ocr_line' id='line_1_2' title="bbox 214 365 356 422; baseline 0.014 -2"><span class='ocrx_word' id='word_1_2' title='bbox 214 365 238 420; x_wconf 72' lang='lat' dir='ltr'><strong>l</strong></span> <span class='ocrx_word' id='word_1_3' title='bbox 247 365 356 422; x_wconf 76' lang='grc'><strong>240</strong></span> 
     </span>
    </p>
   </div>
   <div class='ocr_carea' id='block_1_3' title="bbox 886 499 1198 542">
    <p class='ocr_par' dir='ltr' id='par_1_3' title="bbox 886 499 1198 542">
     <span class='ocr_line' id='line_1_3' title="bbox 886 499 1198 542; baseline 0.006 -2"><span class='ocrx_word' id='word_1_4' title='bbox 886 499 1198 542; x_wconf 74' lang='lat' dir='ltr'><strong>CORRECTIO</strong></span> 
     </span>
    </p>
   </div>
   <div class='ocr_carea' id='block_1_4' title="bbox 275 574 1870 646">
    <p class='ocr_par' dir='ltr' id='par_1_4' title="bbox 275 574 1870 646">
     <span class='ocr_line' id='line_1_4' title="bbox 275 574 1870 646; baseline 0.001 -18"><span class='ocrx_word' id='word_1_5' title='bbox 275 575 312 642; x_wconf 63' lang='grc'><strong>1-</strong></span> <span class='ocrx_word' id='word_1_6' title='bbox 337 574 395 629; x_wconf 95' lang='lat' dir='ltr'><strong>Si</strong></span> <span class='ocrx_word' id='word_1_7' title='bbox 420 588 615 646; x_wconf 86' lang='lat' dir='ltr'><strong>neque</strong></span> <span class='ocrx_word' id='word_1_8' title='bbox 646 576 864 629; x_wconf 90' lang='lat' dir='ltr'><strong>natura</strong></span> <span class='ocrx_word' id='word_1_9' title='bbox 887 589 1084 646; x_wconf 91' lang='lat' dir='ltr'><strong>neque</strong></span> <span class='ocrx_word' id='word_1_10' title='bbox 1118 574 1462 631; x_wconf 79' lang='lat' dir='ltr'><strong>substantia</strong></span> <span class='ocrx_word' id='word_1_11' title='bbox 1515 579 1603 631; x_wconf 90' lang='lat' dir='ltr'><strong>est</strong></span> <span class='ocrx_word' id='word_1_12' title='bbox 1650 579 1870 642; x_wconf 89' lang='lat' dir='ltr'><strong>creata,</strong></span> 
     </span>
    </p>
   </div>
   <div class='ocr_carea' id='block_1_5' title="bbox 206 662 1875 738">
    <p class='ocr_par' dir='ltr' id='par_1_5' title="bbox 206 662 1875 738">
     <span class='ocr_line' id='line_1_5' title="bbox 206 662 1875 738; baseline 0 -18"><span class='ocrx_word' id='word_1_13' title='bbox 206 663 520 738; x_wconf 91' lang='lat' dir='ltr'><strong>quomodo</strong></span> <span class='ocrx_word' id='word_1_14' title='bbox 549 662 816 736; x_wconf 84' lang='lat' dir='ltr'><strong>punitur,</strong></span> <span class='ocrx_word' id='word_1_15' title='bbox 842 669 944 720; x_wconf 81' lang='lat' dir='ltr'><strong>aut</strong></span> <span class='ocrx_word' id='word_1_16' title='bbox 963 663 1030 719; x_wconf 88' lang='lat' dir='ltr'><strong>ﬁt</strong></span> <span class='ocrx_word' id='word_1_17' title='bbox 1054 663 1275 720; x_wconf 90' lang='lat' dir='ltr'><strong>misera</strong></span> <span class='ocrx_word' id='word_1_18' title='bbox 1294 666 1321 721; x_wconf 85' lang='lat'><strong>?</strong></span> <span class='ocrx_word' id='word_1_19' title='bbox 1344 664 1404 720; x_wconf 93' lang='lat' dir='ltr'><strong>Id</strong></span> <span class='ocrx_word' id='word_1_20' title='bbox 1428 663 1595 736; x_wconf 91' lang='lat' dir='ltr'><strong>quod</strong></span> <span class='ocrx_word' id='word_1_21' title='bbox 1625 664 1875 720; x_wconf 88' lang='lat' dir='ltr'>omnino</span> 
     </span>
    </p>
   </div>
   <div class='ocr_carea' id='block_1_6' title="bbox 205 751 1878 825">
    <p class='ocr_par' dir='ltr' id='par_1_6' title="bbox 205 751 1878 825">
     <span class='ocr_line' id='line_1_6' title="bbox 205 751 1878 825; baseline -0.001 -16"><span class='ocrx_word' id='word_1_22' title='bbox 205 769 332 810; x_wconf 90' lang='lat' dir='ltr'><strong>non</strong></span> <span class='ocrx_word' id='word_1_23' title='bbox 361 756 470 824; x_wconf 92' lang='lat' dir='ltr'><strong>est,</strong></span> <span class='ocrx_word' id='word_1_24' title='bbox 501 751 757 824; x_wconf 83' lang='lat' dir='ltr'><strong>qualiter</strong></span> <span class='ocrx_word' id='word_1_25' title='bbox 785 751 880 808; x_wconf 98' lang='lat' dir='ltr'><strong>vel</strong></span> <span class='ocrx_word' id='word_1_26' title='bbox 909 753 1108 824; x_wconf 87' lang='lat' dir='ltr'><strong>puniri</strong></span> <span class='ocrx_word' id='word_1_27' title='bbox 1130 758 1346 825; x_wconf 82' lang='lat' dir='ltr'><strong>potest,</strong></span> <span class='ocrx_word' id='word_1_28' title='bbox 1381 753 1474 808; x_wconf 85' lang='lat' dir='ltr'><strong>vel</strong></span> <span class='ocrx_word' id='word_1_29' title='bbox 1524 753 1651 809; x_wconf 81' lang='lat' dir='ltr'><strong>ﬁeri</strong></span> <span class='ocrx_word' id='word_1_30' title='bbox 1700 753 1878 808; x_wconf 78' lang='lat' dir='ltr'><strong>mise‘</strong></span> 
     </span>
    </p>
   </div>
   <div class='ocr_carea' id='block_1_7' title="bbox 206 841 1874 916">
    <p class='ocr_par' dir='ltr' id='par_1_7' title="bbox 206 841 1874 916">
     <span class='ocr_line' id='line_1_7' title="bbox 206 841 1874 916; baseline -0.001 -16"><span class='ocrx_word' id='word_1_31' title='bbox 206 845 388 900; x_wconf 86' lang='lat' dir='ltr'><strong>rum?</strong></span> <span class='ocrx_word' id='word_1_32' title='bbox 415 847 531 898; x_wconf 86' lang='lat' dir='ltr'><strong>Aut</strong></span> <span class='ocrx_word' id='word_1_33' title='bbox 577 841 745 915; x_wconf 91' lang='lat' dir='ltr'><strong>quod</strong></span> <span class='ocrx_word' id='word_1_34' title='bbox 799 841 1236 898; x_wconf 86' lang='lat' dir='ltr'><strong>beatitudinem</strong></span> <span class='ocrx_word' id='word_1_35' title='bbox 1278 859 1595 916; x_wconf 86' lang='lat' dir='ltr'><strong>nunquam</strong></span> <span class='ocrx_word' id='word_1_36' title='bbox 1642 843 1874 911; x_wconf 84' lang='lat' dir='ltr'><strong>habuit,</strong></span> 
     </span>
    </p>
   </div>
   <div class='ocr_carea' id='block_1_8' title="bbox 209 930 1877 1005">
    <p class='ocr_par' dir='ltr' id='par_1_8' title="bbox 209 930 1877 1005">
     <span class='ocr_line' id='line_1_8' title="bbox 209 930 1877 1005; baseline -0.001 -16"><span class='ocrx_word' id='word_1_37' title='bbox 209 937 513 1005; x_wconf 86' lang='lat' dir='ltr'><strong>quatenus</strong></span> <span class='ocrx_word' id='word_1_38' title='bbox 571 930 828 986; x_wconf 67' lang='lat' dir='ltr'><strong>miserias</strong></span> <span class='ocrx_word' id='word_1_39' title='bbox 897 931 1276 1003; x_wconf 88' lang='lat' dir='ltr'><strong>subjacebit?</strong></span> <span class='ocrx_word' id='word_1_40' title='bbox 1325 931 1581 988; x_wconf 87' lang='lat' dir='ltr'><strong>Proinde</strong></span> <span class='ocrx_word' id='word_1_41' title='bbox 1609 932 1774 1005; x_wconf 87' lang='lat' dir='ltr'><strong>quod</strong></span> <span class='ocrx_word' id='word_1_42' title='bbox 1805 949 1877 988; x_wconf 87' lang='lat' dir='ltr'><strong>ex</strong></span> 
     </span>
    </p>
   </div>
   <div class='ocr_carea' id='block_1_9' title="bbox 209 1019 1879 1090">
    <p class='ocr_par' dir='ltr' id='par_1_9' title="bbox 209 1019 1879 1090">
     <span class='ocr_line' id='line_1_9' title="bbox 209 1019 1879 1090; baseline -0.002 -11"><span class='ocrx_word' id='word_1_43' title='bbox 209 1021 412 1079; x_wconf 80' lang='lat' dir='ltr'><strong>verbis</strong></span> <span class='ocrx_word' id='word_1_44' title='bbox 434 1020 599 1077; x_wconf 86' lang='lat' dir='ltr'><strong>beati</strong></span> <span class='ocrx_word' id='word_1_45' title='bbox 629 1019 946 1090; x_wconf 84' lang='lat' dir='ltr'><strong>Augustini</strong></span> <span class='ocrx_word' id='word_1_46' title='bbox 975 1025 1144 1077; x_wconf 90' lang='lat' dir='ltr'><strong>tuam</strong></span> <span class='ocrx_word' id='word_1_47' title='bbox 1177 1021 1538 1077; x_wconf 86' lang='lat' dir='ltr'><strong>sententiam</strong></span> <span class='ocrx_word' id='word_1_48' title='bbox 1561 1021 1879 1078; x_wconf 86' lang='lat' dir='ltr'><strong>conﬁrma-</strong></span> 
     </span>
    </p>
   </div>
   <div class='ocr_carea' id='block_1_10' title="bbox 217 1110 1878 1184">
    <p class='ocr_par' dir='ltr' id='par_1_10' title="bbox 217 1110 1878 1184">
     <span class='ocr_line' id='line_1_10' title="bbox 217 1110 1878 1184; baseline -0.002 -16"><span class='ocrx_word' id='word_1_49' title='bbox 217 1110 688 1176; x_wconf 87' lang='lat' dir='ltr'><strong>turusannectis,</strong></span> <span class='ocrx_word' id='word_1_50' title='bbox 747 1115 1134 1182; x_wconf 88' lang='lat' dir='ltr'><strong>reparaturus</strong></span> <span class='ocrx_word' id='word_1_51' title='bbox 1183 1111 1508 1184; x_wconf 89' lang='lat' dir='ltr'><strong>inquientis</strong></span> <span class='ocrx_word' id='word_1_52' title='bbox 1548 1111 1611 1166; x_wconf 92' lang='lat' dir='ltr'><strong>in</strong></span> <span class='ocrx_word' id='word_1_53' title='bbox 1677 1111 1878 1166; x_wconf 89' lang='lat' dir='ltr'><strong>multis</strong></span> 
     </span>
    </p>
   </div>
   <div class='ocr_carea' id='block_1_11' title="bbox 209 1197 1879 1272">
    <p class='ocr_par' dir='ltr' id='par_1_11' title="bbox 209 1197 1879 1272">
     <span class='ocr_line' id='line_1_11' title="bbox 209 1197 1879 1272; baseline -0.003 -16"><span class='ocrx_word' id='word_1_54' title='bbox 209 1199 381 1272; x_wconf 83' lang='lat' dir='ltr'><strong>quod</strong></span> <span class='ocrx_word' id='word_1_55' title='bbox 410 1199 542 1272; x_wconf 90' lang='lat' dir='ltr'><strong>ipse</strong></span> <span class='ocrx_word' id='word_1_56' title='bbox 571 1198 727 1266; x_wconf 89' lang='lat' dir='ltr'><strong>fecit,</strong></span> <span class='ocrx_word' id='word_1_57' title='bbox 751 1199 1073 1271; x_wconf 89' lang='lat' dir='ltr'><strong>puniturus</strong></span> <span class='ocrx_word' id='word_1_58' title='bbox 1096 1199 1158 1255; x_wconf 91' lang='lat' dir='ltr'><strong>in</strong></span> <span class='ocrx_word' id='word_1_59' title='bbox 1188 1199 1390 1254; x_wconf 89' lang='lat' dir='ltr'><strong>multis</strong></span> <span class='ocrx_word' id='word_1_60' title='bbox 1410 1198 1576 1271; x_wconf 90' lang='lat' dir='ltr'><strong>quod</strong></span> <span class='ocrx_word' id='word_1_61' title='bbox 1597 1197 1725 1270; x_wconf 90' lang='lat' dir='ltr'><strong>ipse</strong></span> <span class='ocrx_word' id='word_1_62' title='bbox 1754 1211 1879 1251; x_wconf 90' lang='lat' dir='ltr'><strong>non</strong></span> 
     </span>
    </p>
   </div>
   <div class='ocr_carea' id='block_1_12' title="bbox 207 1287 1881 1361">
    <p class='ocr_par' dir='ltr' id='par_1_12' title="bbox 207 1287 1881 1361">
     <span class='ocr_line' id='line_1_12' title="bbox 207 1287 1881 1361; baseline -0.002 -17"><span class='ocrx_word' id='word_1_63' title='bbox 207 1287 374 1356; x_wconf 85' lang='lat' dir='ltr'><strong>fecit,</strong></span> <span class='ocrx_word' id='word_1_64' title='bbox 395 1303 790 1361; x_wconf 83' lang='lat' dir='ltr'><strong>nequaquam</strong></span> <span class='ocrx_word' id='word_1_65' title='bbox 809 1292 924 1342; x_wconf 78' lang='lat' dir='ltr'><strong>tuae</strong></span> <span class='ocrx_word' id='word_1_66' title='bbox 941 1287 1314 1360; x_wconf 85' lang='lat' dir='ltr'><strong>perversitati</strong></span> <span class='ocrx_word' id='word_1_67' title='bbox 1336 1288 1720 1357; x_wconf 73' lang='lat' dir='ltr'><strong>suil&#39;ragatur;</strong></span> <span class='ocrx_word' id='word_1_68' title='bbox 1734 1301 1881 1358; x_wconf 75' lang='lat' dir='ltr'><strong>quo-</strong></span> 
     </span>
    </p>
   </div>
   <div class='ocr_carea' id='block_1_13' title="bbox 204 1377 1879 1450">
    <p class='ocr_par' dir='ltr' id='par_1_13' title="bbox 204 1377 1879 1450">
     <span class='ocr_line' id='line_1_13' title="bbox 204 1377 1879 1450; baseline -0.003 -16"><span class='ocrx_word' id='word_1_69' title='bbox 204 1378 379 1434; x_wconf 88' lang='lat' dir='ltr'><strong>niam</strong></span> <span class='ocrx_word' id='word_1_70' title='bbox 410 1377 646 1450; x_wconf 87' lang='lat' dir='ltr'><strong>punitio</strong></span> <span class='ocrx_word' id='word_1_71' title='bbox 673 1377 956 1433; x_wconf 87' lang='lat' dir='ltr'><strong>vitiorum</strong></span> <span class='ocrx_word' id='word_1_72' title='bbox 979 1394 1050 1434; x_wconf 89' lang='lat' dir='ltr'><strong>ea</strong></span> <span class='ocrx_word' id='word_1_73' title='bbox 1077 1377 1278 1450; x_wconf 89' lang='lat' dir='ltr'><strong>potius</strong></span> <span class='ocrx_word' id='word_1_74' title='bbox 1307 1377 1540 1446; x_wconf 87' lang='lat' dir='ltr'><strong>regula,</strong></span> <span class='ocrx_word' id='word_1_75' title='bbox 1567 1391 1754 1448; x_wconf 90' lang='lat' dir='ltr'><strong>quam</strong></span> <span class='ocrx_word' id='word_1_76' title='bbox 1785 1391 1879 1430; x_wconf 91' lang='lat' dir='ltr'><strong>su-</strong></span> 
     </span>
    </p>
   </div>
   <div class='ocr_carea' id='block_1_14' title="bbox 207 1464 1878 1538">
    <p class='ocr_par' dir='ltr' id='par_1_14' title="bbox 207 1464 1878 1538">
     <span class='ocr_line' id='line_1_14' title="bbox 207 1464 1878 1538; baseline -0.003 -16"><span class='ocrx_word' id='word_1_77' title='bbox 207 1481 326 1538; x_wconf 87' lang='lat' dir='ltr'><strong>pra</strong></span> <span class='ocrx_word' id='word_1_78' title='bbox 345 1465 765 1535; x_wconf 88' lang='lat' dir='ltr'><strong>delibavimus,</strong></span> <span class='ocrx_word' id='word_1_79' title='bbox 790 1465 970 1521; x_wconf 88' lang='lat' dir='ltr'><strong>debet</strong></span> <span class='ocrx_word' id='word_1_80' title='bbox 989 1465 1330 1535; x_wconf 85' lang='lat' dir='ltr'><strong>intelligi,ut</strong></span> <span class='ocrx_word' id='word_1_81' title='bbox 1359 1465 1570 1520; x_wconf 89' lang='lat' dir='ltr'><strong>merito</strong></span> <span class='ocrx_word' id='word_1_82' title='bbox 1595 1464 1878 1519; x_wconf 89' lang='lat' dir='ltr'><strong>vitiorum</strong></span> 
     </span>
    </p>
   </div>
   <div class='ocr_carea' id='block_1_15' title="bbox 200 1553 1877 1628">
    <p class='ocr_par' dir='ltr' id='par_1_15' title="bbox 200 1553 1877 1628">
     <span class='ocr_line' id='line_1_15' title="bbox 200 1553 1877 1628; baseline -0.001 -18"><span class='ocrx_word' id='word_1_83' title='bbox 200 1556 506 1628; x_wconf 88' lang='lat' dir='ltr'><strong>puniatur</strong></span> <span class='ocrx_word' id='word_1_84' title='bbox 527 1561 763 1611; x_wconf 88' lang='lat' dir='ltr'><strong>amator</strong></span> <span class='ocrx_word' id='word_1_85' title='bbox 792 1560 1182 1628; x_wconf 82' lang='lat' dir='ltr'><strong>patratorque</strong></span> <span class='ocrx_word' id='word_1_86' title='bbox 1211 1556 1495 1610; x_wconf 83' lang='lat' dir='ltr'><strong>vitiorum</strong></span> <span class='ocrx_word' id='word_1_87' title='bbox 1521 1573 1533 1610; x_wconf 92' lang='lat'><strong>:</strong></span> <span class='ocrx_word' id='word_1_88' title='bbox 1562 1570 1685 1610; x_wconf 91' lang='lat' dir='ltr'><strong>non</strong></span> <span class='ocrx_word' id='word_1_89' title='bbox 1717 1553 1877 1608; x_wconf 89' lang='lat' dir='ltr'><strong>enim</strong></span> 
     </span>
    </p>
   </div>
   <div class='ocr_carea' id='block_1_16' title="bbox 200 1643 1874 1718">
    <p class='ocr_par' dir='ltr' id='par_1_16' title="bbox 200 1643 1874 1718">
     <span class='ocr_line' id='line_1_16' title="bbox 200 1643 1874 1718; baseline -0.002 -17"><span class='ocrx_word' id='word_1_90' title='bbox 200 1660 454 1718; x_wconf 77' lang='lat' dir='ltr'><strong>poenam</strong></span> <span class='ocrx_word' id='word_1_91' title='bbox 485 1645 682 1712; x_wconf 87' lang='lat' dir='ltr'><strong>sentit,</strong></span> <span class='ocrx_word' id='word_1_92' title='bbox 711 1643 877 1717; x_wconf 91' lang='lat' dir='ltr'><strong>quod</strong></span> <span class='ocrx_word' id='word_1_93' title='bbox 909 1645 1158 1700; x_wconf 89' lang='lat' dir='ltr'><strong>omnino</strong></span> <span class='ocrx_word' id='word_1_94' title='bbox 1182 1661 1304 1701; x_wconf 90' lang='lat' dir='ltr'><strong>non</strong></span> <span class='ocrx_word' id='word_1_95' title='bbox 1327 1649 1415 1701; x_wconf 89' lang='lat' dir='ltr'><strong>est</strong></span> <span class='ocrx_word' id='word_1_96' title='bbox 1447 1644 1553 1700; x_wconf 91' lang='lat' dir='ltr'><strong>sed</strong></span> <span class='ocrx_word' id='word_1_97' title='bbox 1575 1643 1735 1717; x_wconf 91' lang='lat' dir='ltr'><strong>quod</strong></span> <span class='ocrx_word' id='word_1_98' title='bbox 1769 1643 1874 1699; x_wconf 88' lang='lat' dir='ltr'><strong>ali-</strong></span> 
     </span>
    </p>
   </div>
   <div class='ocr_carea' id='block_1_17' title="bbox 197 1734 1876 1807">
    <p class='ocr_par' dir='ltr' id='par_1_17' title="bbox 197 1734 1876 1807">
     <span class='ocr_line' id='line_1_17' title="bbox 197 1734 1876 1807; baseline -0.002 -16"><span class='ocrx_word' id='word_1_99' title='bbox 197 1740 504 1807; x_wconf 88' lang='lat' dir='ltr'><strong>quatenus</strong></span> <span class='ocrx_word' id='word_1_100' title='bbox 537 1738 644 1790; x_wconf 90' lang='lat' dir='ltr'><strong>est.</strong></span> <span class='ocrx_word' id='word_1_101' title='bbox 680 1734 854 1800; x_wconf 82' lang='lat' dir='ltr'><strong>Quid.</strong></span> <span class='ocrx_word' id='word_1_102' title='bbox 891 1751 1122 1806; x_wconf 63' lang='lat' dir='ltr'><strong>quaeso,</strong></span> <span class='ocrx_word' id='word_1_103' title='bbox 1155 1735 1523 1807; x_wconf 87' lang='lat' dir='ltr'><strong>puniebatur</strong></span> <span class='ocrx_word' id='word_1_104' title='bbox 1569 1734 1632 1789; x_wconf 92' lang='lat' dir='ltr'><strong>in</strong></span> <span class='ocrx_word' id='word_1_105' title='bbox 1683 1738 1876 1789; x_wconf 86' lang='lat' dir='ltr'><strong>trans-</strong></span> 
     </span>
    </p>
   </div>
   <div class='ocr_carea' id='block_1_18' title="bbox 1144 359 2701 430">
    <p class='ocr_par' dir='ltr' id='par_1_18' title="bbox 1144 359 2701 430">
     <span class='ocr_line' id='line_1_18' title="bbox 1144 359 2701 430; baseline 0.007 -13"><span class='ocrx_word' id='word_1_106' title='bbox 1144 363 1235 418; x_wconf 83' lang='lat' dir='ltr'><strong>DE</strong></span> <span class='ocrx_word' id='word_1_107' title='bbox 1273 359 1950 420; x_wconf 64' lang='lat' dir='ltr'><strong>PBIEDESTINATIONE</strong></span> <span class='ocrx_word' id='word_1_108' title='bbox 1998 363 2275 425; x_wconf 79' lang='lat' dir='ltr'><strong>CONTRA</strong></span> <span class='ocrx_word' id='word_1_109' title='bbox 2309 369 2364 426; x_wconf 82' lang='lat' dir='ltr'><strong>J.</strong></span> <span class='ocrx_word' id='word_1_110' title='bbox 2408 370 2701 430; x_wconf 75' lang='lat' dir='ltr'><strong>SCO‘I‘UM.</strong></span> 
     </span>
    </p>
   </div>
   <div class='ocr_carea' id='block_1_19' title="bbox 1905 489 3647 575">
    <p class='ocr_par' dir='ltr' id='par_1_19' title="bbox 1905 489 3647 575">
     <span class='ocr_line' id='line_1_19' title="bbox 1905 489 3647 575; baseline 0.01 -31"><span class='ocrx_word' id='word_1_111' title='bbox 1905 489 1954 543; x_wconf 78' lang='grc' dir='ltr'><strong>Α</strong></span> <span class='ocrx_word' id='word_1_112' title='bbox 1986 492 2343 550; x_wconf 88' lang='lat' dir='ltr'><strong>sententiam</strong></span> <span class='ocrx_word' id='word_1_113' title='bbox 2364 493 2524 552; x_wconf 88' lang='lat' dir='ltr'><strong>beati</strong></span> <span class='ocrx_word' id='word_1_114' title='bbox 2543 495 2858 566; x_wconf 85' lang='lat' dir='ltr'><strong>Augustini</strong></span> <span class='ocrx_word' id='word_1_115' title='bbox 2876 498 3194 572; x_wconf 86' lang='lat' dir='ltr'><strong>posuimus</strong></span> <span class='ocrx_word' id='word_1_116' title='bbox 3213 516 3288 558; x_wconf 89' lang='lat' dir='ltr'><strong>ex</strong></span> <span class='ocrx_word' id='word_1_117' title='bbox 3324 499 3480 561; x_wconf 89' lang='lat' dir='ltr'><strong>libro</strong></span> <span class='ocrx_word' id='word_1_118' title='bbox 3516 505 3647 575; x_wconf 87' lang='lat' dir='ltr'><strong>ejus</strong></span> 
     </span>
    </p>
   </div>
   <div class='ocr_carea' id='block_1_20' title="bbox 1041 29 3847 124">
    <p class='ocr_par' dir='ltr' id='par_1_20' title="bbox 1041 29 3847 124">
     <span class='ocr_line' id='line_1_20' title="bbox 1041 29 3847 124; baseline -0.001 -5"><span class='ocrx_word' id='word_1_119' title='bbox 1041 29 3847 124; x_wconf 53' lang='lat'><strong>#—</strong></span> 
     </span>
    </p>
   </div>
   <div class='ocr_carea' id='block_1_21' title="bbox 3511 384 3646 440">
    <p class='ocr_par' dir='ltr' id='par_1_21' title="bbox 3511 384 3646 440">
     <span class='ocr_line' id='line_1_21' title="bbox 3511 384 3646 440; baseline 0.022 -3"><span class='ocrx_word' id='word_1_120' title='bbox 3511 384 3646 440; x_wconf 76' lang='lat' dir='ltr'><strong>I250</strong></span> 
     </span>
    </p>
   </div>
   <div class='ocr_carea' id='block_1_22' title="bbox 1988 581 3649 663">
    <p class='ocr_par' dir='ltr' id='par_1_22' title="bbox 1988 581 3649 663">
     <span class='ocr_line' id='line_1_22' title="bbox 1988 581 3649 663; baseline 0.01 -29"><span class='ocrx_word' id='word_1_121' title='bbox 1988 581 2368 640; x_wconf 76' lang='lat' dir='ltr'><strong>anhiridion</strong></span> <span class='ocrx_word' id='word_1_122' title='bbox 2389 590 2546 655; x_wconf 93' lang='lat' dir='ltr'><strong>(cap.</strong></span> <span class='ocrx_word' id='word_1_123' title='bbox 2579 587 2684 653; x_wconf 84' lang='lat'><strong>15),</strong></span> <span class='ocrx_word' id='word_1_124' title='bbox 2709 603 2832 659; x_wconf 91' lang='lat' dir='ltr'><strong>qua</strong></span> <span class='ocrx_word' id='word_1_125' title='bbox 2853 587 2997 646; x_wconf 89' lang='lat' dir='ltr'><strong>dicit</strong></span> <span class='ocrx_word' id='word_1_126' title='bbox 3016 591 3184 663; x_wconf 92' lang='lat' dir='ltr'><strong>quod</strong></span> <span class='ocrx_word' id='word_1_127' title='bbox 3206 591 3301 663; x_wconf 88' lang='lat' dir='ltr'><strong>[ex</strong></span> <span class='ocrx_word' id='word_1_128' title='bbox 3337 592 3506 650; x_wconf 88' lang='lat' dir='ltr'><strong>bona</strong></span> <span class='ocrx_word' id='word_1_129' title='bbox 3542 594 3649 650; x_wconf 91' lang='lat' dir='ltr'><strong>ho-</strong></span> 
     </span>
    </p>
   </div>
   <div class='ocr_carea' id='block_1_23' title="bbox 1985 670 3644 755">
    <p class='ocr_par' dir='ltr' id='par_1_23' title="bbox 1985 670 3644 755">
     <span class='ocr_line' id='line_1_23' title="bbox 1985 670 3644 755; baseline 0.01 -30"><span class='ocrx_word' id='word_1_130' title='bbox 1985 670 2164 726; x_wconf 88' lang='lat' dir='ltr'><strong>minis</strong></span> <span class='ocrx_word' id='word_1_131' title='bbox 2185 677 2402 730; x_wconf 87' lang='lat' dir='ltr'><strong>natura</strong></span> <span class='ocrx_word' id='word_1_132' title='bbox 2421 675 2560 731; x_wconf 87' lang='lat' dir='ltr'><strong>oriri</strong></span> <span class='ocrx_word' id='word_1_133' title='bbox 2582 677 2862 733; x_wconf 89' lang='lat' dir='ltr'><strong>voluntas</strong></span> <span class='ocrx_word' id='word_1_134' title='bbox 2886 683 2944 734; x_wconf 90' lang='lat' dir='ltr'><strong>et</strong></span> <span class='ocrx_word' id='word_1_135' title='bbox 2963 679 3128 736; x_wconf 90' lang='lat' dir='ltr'><strong>bona</strong></span> <span class='ocrx_word' id='word_1_136' title='bbox 3146 686 3342 752; x_wconf 89' lang='lat' dir='ltr'><strong>potest</strong></span> <span class='ocrx_word' id='word_1_137' title='bbox 3359 688 3418 740; x_wconf 88' lang='lat' dir='ltr'><strong>et</strong></span> <span class='ocrx_word' id='word_1_138' title='bbox 3459 684 3644 755; x_wconf 86' lang='lat' dir='ltr'><strong>mala,</strong></span> 
     </span>
    </p>
   </div>
   <div class='ocr_carea' id='block_1_24' title="bbox 1985 760 3645 839">
    <p class='ocr_par' dir='ltr' id='par_1_24' title="bbox 1985 760 3645 839">
     <span class='ocr_line' id='line_1_24' title="bbox 1985 760 3645 839; baseline 0.01 -25"><span class='ocrx_word' id='word_1_139' title='bbox 1985 774 2097 815; x_wconf 91' lang='lat' dir='ltr'><strong>nec</strong></span> <span class='ocrx_word' id='word_1_140' title='bbox 2118 760 2304 818; x_wconf 86' lang='lat' dir='ltr'><strong>fuisse</strong></span> <span class='ocrx_word' id='word_1_141' title='bbox 2326 780 2574 836; x_wconf 90' lang='lat' dir='ltr'><strong>prorsus</strong></span> <span class='ocrx_word' id='word_1_142' title='bbox 2598 765 2756 821; x_wconf 90' lang='lat' dir='ltr'><strong>unde</strong></span> <span class='ocrx_word' id='word_1_143' title='bbox 2777 766 3053 839; x_wconf 86' lang='lat' dir='ltr'><strong>primitus</strong></span> <span class='ocrx_word' id='word_1_144' title='bbox 3074 770 3328 826; x_wconf 87' lang='lat' dir='ltr'><strong>oriretur</strong></span> <span class='ocrx_word' id='word_1_145' title='bbox 3363 772 3645 830; x_wconf 86' lang='lat' dir='ltr'><strong>voluntas</strong></span> 
     </span>
    </p>
   </div>
   <div class='ocr_carea' id='block_1_25' title="bbox 1985 849 3468 933">
    <p class='ocr_par' dir='ltr' id='par_1_25' title="bbox 1985 849 3468 933">
     <span class='ocr_line' id='line_1_25' title="bbox 1985 849 3468 933; baseline 0.009 -29"><span class='ocrx_word' id='word_1_146' title='bbox 1985 849 2171 918; x_wconf 86' lang='lat' dir='ltr'><strong>mala,</strong></span> <span class='ocrx_word' id='word_1_147' title='bbox 2194 852 2307 907; x_wconf 91' lang='lat' dir='ltr'><strong>nisi</strong></span> <span class='ocrx_word' id='word_1_148' title='bbox 2329 868 2403 909; x_wconf 88' lang='lat' dir='ltr'><strong>ex</strong></span> <span class='ocrx_word' id='word_1_149' title='bbox 2431 854 2634 924; x_wconf 82' lang='lat' dir='ltr'><strong>angeli</strong></span> <span class='ocrx_word' id='word_1_150' title='bbox 2653 860 2708 912; x_wconf 94' lang='lat' dir='ltr'><strong>et</strong></span> <span class='ocrx_word' id='word_1_151' title='bbox 2730 856 2994 913; x_wconf 88' lang='lat' dir='ltr'><strong>hominis</strong></span> <span class='ocrx_word' id='word_1_152' title='bbox 3018 862 3238 916; x_wconf 89' lang='lat' dir='ltr'><strong>natura</strong></span> <span class='ocrx_word' id='word_1_153' title='bbox 3256 859 3468 933; x_wconf 91' lang='lat' dir='ltr'><strong>bona.]</strong></span> 
     </span>
    </p>
   </div>
   <div class='ocr_carea' id='block_1_26' title="bbox 2060 939 3643 1025">
    <p class='ocr_par' dir='ltr' id='par_1_26' title="bbox 2060 939 3643 1025">
     <span class='ocr_line' id='line_1_26' title="bbox 2060 939 3643 1025; baseline 0.009 -31"><span class='ocrx_word' id='word_1_154' title='bbox 2060 939 2171 1004; x_wconf 89' lang='lat' dir='ltr'><strong>Qui</strong></span> <span class='ocrx_word' id='word_1_155' title='bbox 2199 941 2378 997; x_wconf 83' lang='lat' dir='ltr'><strong>etiam</strong></span> <span class='ocrx_word' id='word_1_156' title='bbox 2425 943 2486 998; x_wconf 93' lang='lat' dir='ltr'><strong>in</strong></span> <span class='ocrx_word' id='word_1_157' title='bbox 2516 943 2731 1000; x_wconf 86' lang='lat' dir='ltr'><strong>eodem</strong></span> <span class='ocrx_word' id='word_1_158' title='bbox 2761 945 2890 1001; x_wconf 70' lang='lat' dir='ltr'><strong>tunc</strong></span> <span class='ocrx_word' id='word_1_159' title='bbox 2941 952 3033 1003; x_wconf 88' lang='lat' dir='ltr'><strong>est</strong></span> <span class='ocrx_word' id='word_1_160' title='bbox 3079 954 3434 1020; x_wconf 91' lang='lat' dir='ltr'><strong>prosecutus</strong></span> <span class='ocrx_word' id='word_1_161' title='bbox 3481 951 3643 1025; x_wconf 89' lang='lat' dir='ltr'><strong>(cap.</strong></span> 
     </span>
    </p>
   </div>
   <div class='ocr_carea' id='block_1_27' title="bbox 1986 1029 3645 1100">
    <p class='ocr_par' dir='ltr' id='par_1_27' title="bbox 1986 1029 3645 1100">
     <span class='ocr_line' id='line_1_27' title="bbox 1986 1029 3645 1100; baseline 0.01 -19"><span class='ocrx_word' id='word_1_162' title='bbox 1986 1029 2073 1098; x_wconf 76' lang='lat'><strong>25)</strong></span> <span class='ocrx_word' id='word_1_163' title='bbox 2101 1045 2113 1082; x_wconf 91' lang='lat'><strong>:</strong></span> <span class='ocrx_word' id='word_1_164' title='bbox 2147 1029 2390 1100; x_wconf 91' lang='lat' dir='ltr'><strong>[Verum</strong></span> <span class='ocrx_word' id='word_1_165' title='bbox 2415 1031 2544 1087; x_wconf 66' lang='lat' dir='ltr'><strong>haec</strong></span> <span class='ocrx_word' id='word_1_166' title='bbox 2584 1035 2933 1091; x_wconf 89' lang='lat' dir='ltr'><strong>communia</strong></span> <span class='ocrx_word' id='word_1_167' title='bbox 2965 1035 3128 1092; x_wconf 86' lang='lat' dir='ltr'><strong>mala</strong></span> <span class='ocrx_word' id='word_1_168' title='bbox 3156 1043 3296 1094; x_wconf 90' lang='lat' dir='ltr'><strong>sunt</strong></span> <span class='ocrx_word' id='word_1_169' title='bbox 3344 1042 3403 1095; x_wconf 89' lang='lat' dir='ltr'><strong>et</strong></span> <span class='ocrx_word' id='word_1_170' title='bbox 3449 1039 3645 1096; x_wconf 89' lang='lat' dir='ltr'><strong>homi-</strong></span> 
     </span>
    </p>
   </div>
   <div class='ocr_carea' id='block_1_28' title="bbox 1987 1120 3646 1200">
    <p class='ocr_par' dir='ltr' id='par_1_28' title="bbox 1987 1120 3646 1200">
     <span class='ocr_line' id='line_1_28' title="bbox 1987 1120 3646 1200; baseline 0.008 -28"><span class='ocrx_word' id='word_1_171' title='bbox 1987 1133 2136 1172; x_wconf 90' lang='lat' dir='ltr'><strong>num</strong></span> <span class='ocrx_word' id='word_1_172' title='bbox 2165 1123 2221 1174; x_wconf 88' lang='lat' dir='ltr'><strong>et</strong></span> <span class='ocrx_word' id='word_1_173' title='bbox 2263 1120 2616 1190; x_wconf 81' lang='lat' dir='ltr'><strong>angelorum</strong></span> <span class='ocrx_word' id='word_1_174' title='bbox 2665 1139 2776 1196; x_wconf 91' lang='lat' dir='ltr'><strong>pro</strong></span> <span class='ocrx_word' id='word_1_175' title='bbox 2823 1141 2935 1182; x_wconf 92' lang='lat' dir='ltr'><strong>sua</strong></span> <span class='ocrx_word' id='word_1_176' title='bbox 2981 1126 3213 1183; x_wconf 89' lang='lat' dir='ltr'><strong>malitia</strong></span> <span class='ocrx_word' id='word_1_177' title='bbox 3265 1128 3369 1184; x_wconf 88' lang='lat' dir='ltr'><strong>Dei</strong></span> <span class='ocrx_word' id='word_1_178' title='bbox 3416 1129 3646 1200; x_wconf 88' lang='lat' dir='ltr'><strong>justitia</strong></span> 
     </span>
    </p>
   </div>
   <div class='ocr_carea' id='block_1_29' title="bbox 1980 1201 3645 1291">
    <p class='ocr_par' dir='ltr' id='par_1_29' title="bbox 1980 1201 3645 1291">
     <span class='ocr_line' id='line_1_29' title="bbox 1980 1201 3645 1291; baseline 0.008 -29"><span class='ocrx_word' id='word_1_179' title='bbox 1980 1201 2437 1266; x_wconf 89' lang='lat' dir='ltr'><strong>damnatorum.</strong></span> <span class='ocrx_word' id='word_1_180' title='bbox 2461 1212 2572 1266; x_wconf 89' lang='lat' dir='ltr'><strong>Sed</strong></span> <span class='ocrx_word' id='word_1_181' title='bbox 2598 1212 2784 1270; x_wconf 89' lang='lat' dir='ltr'><strong>homo</strong></span> <span class='ocrx_word' id='word_1_182' title='bbox 2802 1213 3311 1290; x_wconf 89' lang='lat' dir='ltr'><strong>habetetpoenam</strong></span> <span class='ocrx_word' id='word_1_183' title='bbox 3334 1219 3645 1291; x_wconf 89' lang='lat' dir='ltr'><strong>propriam</strong></span> 
     </span>
    </p>
   </div>
   <div class='ocr_carea' id='block_1_30' title="bbox 1987 1297 3642 1376">
    <p class='ocr_par' dir='ltr' id='par_1_30' title="bbox 1987 1297 3642 1376">
     <span class='ocr_line' id='line_1_30' title="bbox 1987 1297 3642 1376; baseline 0.009 -26"><span class='ocrx_word' id='word_1_184' title='bbox 1987 1312 2112 1368; x_wconf 90' lang='lat' dir='ltr'><strong>qua</strong></span> <span class='ocrx_word' id='word_1_185' title='bbox 2151 1297 2331 1353; x_wconf 79' lang='lat' dir='ltr'><strong>etiam</strong></span> <span class='ocrx_word' id='word_1_186' title='bbox 2369 1301 2636 1372; x_wconf 88' lang='lat' dir='ltr'><strong>corporis</strong></span> <span class='ocrx_word' id='word_1_187' title='bbox 2673 1307 2864 1358; x_wconf 91' lang='lat' dir='ltr'><strong>morte</strong></span> <span class='ocrx_word' id='word_1_188' title='bbox 2903 1304 3150 1376; x_wconf 90' lang='lat' dir='ltr'><strong>punitus</strong></span> <span class='ocrx_word' id='word_1_189' title='bbox 3187 1311 3294 1363; x_wconf 89' lang='lat' dir='ltr'><strong>est.</strong></span> <span class='ocrx_word' id='word_1_190' title='bbox 3342 1308 3537 1364; x_wconf 87' lang='lat' dir='ltr'><strong>Mortis</strong></span> <span class='ocrx_word' id='word_1_191' title='bbox 3587 1309 3642 1365; x_wconf 89' lang='lat' dir='ltr'><strong>ei</strong></span> 
     </span>
    </p>
   </div>
   <div class='ocr_carea' id='block_1_31' title="bbox 1987 1385 3646 1472">
    <p class='ocr_par' dir='ltr' id='par_1_31' title="bbox 1987 1385 3646 1472">
     <span class='ocr_line' id='line_1_31' title="bbox 1987 1385 3646 1472; baseline 0.008 -32"><span class='ocrx_word' id='word_1_192' title='bbox 1987 1385 2212 1458; x_wconf 90' lang='lat' dir='ltr'><strong>quippe</strong></span> <span class='ocrx_word' id='word_1_193' title='bbox 2232 1388 2596 1460; x_wconf 89' lang='lat' dir='ltr'><strong>supplicium</strong></span> <span class='ocrx_word' id='word_1_194' title='bbox 2620 1392 2774 1446; x_wconf 90' lang='lat' dir='ltr'><strong>Deus</strong></span> <span class='ocrx_word' id='word_1_195' title='bbox 2794 1393 3197 1450; x_wconf 87' lang='lat' dir='ltr'><strong>comminatus</strong></span> <span class='ocrx_word' id='word_1_196' title='bbox 3218 1395 3410 1454; x_wconf 82' lang='lat' dir='ltr'><strong>fuerat</strong></span> <span class='ocrx_word' id='word_1_197' title='bbox 3435 1398 3483 1452; x_wconf 93' lang='lat' dir='ltr'><strong>si</strong></span> <span class='ocrx_word' id='word_1_198' title='bbox 3510 1414 3646 1472; x_wconf 85' lang='lat' dir='ltr'><strong>pec-</strong></span> 
     </span>
    </p>
   </div>
   <div class='ocr_carea' id='block_1_32' title="bbox 1986 1475 3645 1556">
    <p class='ocr_par' dir='ltr' id='par_1_32' title="bbox 1986 1475 3645 1556">
     <span class='ocr_line' id='line_1_32' title="bbox 1986 1475 3645 1556; baseline 0.01 -28"><span class='ocrx_word' id='word_1_199' title='bbox 1986 1479 2182 1529; x_wconf 77' lang='lat' dir='ltr'><strong>caret:</strong></span> <span class='ocrx_word' id='word_1_200' title='bbox 2216 1475 2298 1530; x_wconf 92' lang='lat' dir='ltr'><strong>sic</strong></span> <span class='ocrx_word' id='word_1_201' title='bbox 2330 1477 2493 1532; x_wconf 90' lang='lat' dir='ltr'><strong>enim</strong></span> <span class='ocrx_word' id='word_1_202' title='bbox 2524 1495 2853 1535; x_wconf 91' lang='lat' dir='ltr'><strong>munerans</strong></span> <span class='ocrx_word' id='word_1_203' title='bbox 2883 1480 3073 1537; x_wconf 89' lang='lat' dir='ltr'><strong>libero</strong></span> <span class='ocrx_word' id='word_1_204' title='bbox 3123 1483 3390 1556; x_wconf 90' lang='lat' dir='ltr'><strong>arbitrio,</strong></span> <span class='ocrx_word' id='word_1_205' title='bbox 3447 1491 3509 1543; x_wconf 90' lang='lat' dir='ltr'><strong>ut</strong></span> <span class='ocrx_word' id='word_1_206' title='bbox 3558 1491 3645 1543; x_wconf 84' lang='lat' dir='ltr'><strong>ta-</strong></span> 
     </span>
    </p>
   </div>
   <div class='ocr_carea' id='block_1_33' title="bbox 1987 1565 3644 1647">
    <p class='ocr_par' dir='ltr' id='par_1_33' title="bbox 1987 1565 3644 1647">
     <span class='ocr_line' id='line_1_33' title="bbox 1987 1565 3644 1647; baseline 0.01 -32"><span class='ocrx_word' id='word_1_207' title='bbox 1987 1577 2147 1616; x_wconf 84' lang='lat' dir='ltr'><strong>mem</strong></span> <span class='ocrx_word' id='word_1_208' title='bbox 2167 1570 2399 1631; x_wconf 84' lang='lat' dir='ltr'><strong>regeret</strong></span> <span class='ocrx_word' id='word_1_209' title='bbox 2427 1565 2702 1638; x_wconf 90' lang='lat' dir='ltr'><strong>imperio,</strong></span> <span class='ocrx_word' id='word_1_210' title='bbox 2727 1572 2970 1624; x_wconf 91' lang='lat' dir='ltr'><strong>terreret</strong></span> <span class='ocrx_word' id='word_1_211' title='bbox 2998 1569 3200 1639; x_wconf 87' lang='lat' dir='ltr'><strong>exitio,</strong></span> <span class='ocrx_word' id='word_1_212' title='bbox 3234 1577 3416 1644; x_wconf 90' lang='lat' dir='ltr'><strong>atque</strong></span> <span class='ocrx_word' id='word_1_213' title='bbox 3448 1573 3509 1629; x_wconf 90' lang='lat' dir='ltr'><strong>in</strong></span> <span class='ocrx_word' id='word_1_214' title='bbox 3538 1590 3644 1647; x_wconf 87' lang='lat' dir='ltr'><strong>pa-</strong></span> 
     </span>
    </p>
   </div>
   <div class='ocr_carea' id='block_1_34' title="bbox 1984 1649 3644 1732">
    <p class='ocr_par' dir='ltr' id='par_1_34' title="bbox 1984 1649 3644 1732">
     <span class='ocr_line' id='line_1_34' title="bbox 1984 1649 3644 1732; baseline 0.008 -29"><span class='ocrx_word' id='word_1_215' title='bbox 1984 1649 2168 1705; x_wconf 91' lang='lat' dir='ltr'><strong>radisi</strong></span> <span class='ocrx_word' id='word_1_216' title='bbox 2193 1649 2486 1719; x_wconf 85' lang='lat' dir='ltr'><strong>felicitate,</strong></span> <span class='ocrx_word' id='word_1_217' title='bbox 2515 1657 2811 1726; x_wconf 90' lang='lat' dir='ltr'><strong>tanquam</strong></span> <span class='ocrx_word' id='word_1_218' title='bbox 2831 1655 2894 1711; x_wconf 89' lang='lat' dir='ltr'><strong>in</strong></span> <span class='ocrx_word' id='word_1_219' title='bbox 2918 1656 3134 1713; x_wconf 90' lang='lat' dir='ltr'><strong>umbra</strong></span> <span class='ocrx_word' id='word_1_220' title='bbox 3152 1658 3310 1727; x_wconf 73' lang='lat' dir='ltr'><strong>vitae,</strong></span> <span class='ocrx_word' id='word_1_221' title='bbox 3334 1660 3498 1716; x_wconf 88' lang='lat' dir='ltr'><strong>unde</strong></span> <span class='ocrx_word' id='word_1_222' title='bbox 3512 1661 3644 1732; x_wconf 85' lang='lat' dir='ltr'><strong>jus-</strong></span> 
     </span>
    </p>
   </div>
   <div class='ocr_carea' id='block_1_35' title="bbox 1985 1739 3641 1815">
    <p class='ocr_par' dir='ltr' id='par_1_35' title="bbox 1985 1739 3641 1815">
     <span class='ocr_line' id='line_1_35' title="bbox 1985 1739 3641 1815; baseline 0.008 -21"><span class='ocrx_word' id='word_1_223' title='bbox 1985 1739 2111 1795; x_wconf 88' lang='lat' dir='ltr'><strong>titia</strong></span> <span class='ocrx_word' id='word_1_224' title='bbox 2141 1741 2442 1798; x_wconf 87' lang='lat' dir='ltr'><strong>custodita</strong></span> <span class='ocrx_word' id='word_1_225' title='bbox 2471 1742 2531 1798; x_wconf 89' lang='lat' dir='ltr'><strong>in</strong></span> <span class='ocrx_word' id='word_1_226' title='bbox 2564 1743 2816 1801; x_wconf 89' lang='lat' dir='ltr'><strong>meliora</strong></span> <span class='ocrx_word' id='word_1_227' title='bbox 2847 1745 3641 1815; x_wconf 81' lang='lat' dir='ltr'><strong>conscenderetcollocavit.</strong></span> 
     </span>
    </p>
   </div>
   <div class='ocr_carea' id='block_1_36' title="bbox 200 1823 3645 1914">
    <p class='ocr_par' dir='ltr' id='par_1_36' title="bbox 200 1823 3645 1914">
     <span class='ocr_line' id='line_1_36' title="bbox 200 1823 3645 1914; baseline 0.005 -34"><span class='ocrx_word' id='word_1_228' title='bbox 200 1823 588 1894; x_wconf 88' lang='lat' dir='ltr'><strong>gressoribus</strong></span> <span class='ocrx_word' id='word_1_229' title='bbox 618 1824 835 1879; x_wconf 88' lang='lat' dir='ltr'><strong>veteris</strong></span> <span class='ocrx_word' id='word_1_230' title='bbox 861 1824 1009 1893; x_wconf 84' lang='lat' dir='ltr'><strong>legis</strong></span> <span class='ocrx_word' id='word_1_231' title='bbox 1038 1825 1219 1880; x_wconf 89' lang='lat' dir='ltr'><strong>etiam</strong></span> <span class='ocrx_word' id='word_1_232' title='bbox 1252 1825 1659 1897; x_wconf 86' lang='lat' dir='ltr'><strong>temporaliter</strong></span> <span class='ocrx_word' id='word_1_233' title='bbox 1683 1823 1876 1879; x_wconf 83' lang='lat' dir='ltr'><strong>diver-</strong></span> <span class='ocrx_word' id='word_1_234' title='bbox 1905 1843 1946 1898; x_wconf 78' lang='grc' dir='ltr'>Β</span> <span class='ocrx_word' id='word_1_235' title='bbox 1987 1829 2130 1885; x_wconf 84' lang='lat' dir='ltr'><strong>Hinc</strong></span> <span class='ocrx_word' id='word_1_236' title='bbox 2157 1834 2293 1902; x_wconf 90' lang='lat' dir='ltr'><strong>post</strong></span> <span class='ocrx_word' id='word_1_237' title='bbox 2323 1837 2640 1903; x_wconf 88' lang='lat' dir='ltr'><strong>peccatum</strong></span> <span class='ocrx_word' id='word_1_238' title='bbox 2667 1833 2837 1889; x_wconf 91' lang='lat' dir='ltr'><strong>exsul</strong></span> <span class='ocrx_word' id='word_1_239' title='bbox 2888 1835 3157 1904; x_wconf 71' lang='lat' dir='ltr'><strong>effectus,</strong></span> <span class='ocrx_word' id='word_1_240' title='bbox 3201 1837 3450 1911; x_wconf 89' lang='lat' dir='ltr'><strong>stirpem</strong></span> <span class='ocrx_word' id='word_1_241' title='bbox 3495 1856 3645 1914; x_wconf 79' lang='lat' dir='ltr'><strong>quo-</strong></span> 
     </span>
    </p>
   </div>
   <div class='ocr_carea' id='block_1_37' title="bbox 202 1914 1876 1987">
    <p class='ocr_par' dir='ltr' id='par_1_37' title="bbox 202 1914 1876 1987">
     <span class='ocr_line' id='line_1_37' title="bbox 202 1914 1876 1987; baseline -0.002 -17"><span class='ocrx_word' id='word_1_242' title='bbox 202 1914 289 1970; x_wconf 90' lang='lat' dir='ltr'><strong>sis</strong></span> <span class='ocrx_word' id='word_1_243' title='bbox 317 1914 519 1970; x_wconf 89' lang='lat' dir='ltr'><strong>modis</strong></span> <span class='ocrx_word' id='word_1_244' title='bbox 547 1929 870 1987; x_wconf 70' lang='lat' dir='ltr'><strong>pmnarum</strong></span> <span class='ocrx_word' id='word_1_245' title='bbox 898 1914 1185 1970; x_wconf 87' lang='lat' dir='ltr'><strong>divinitus</strong></span> <span class='ocrx_word' id='word_1_246' title='bbox 1214 1914 1601 1984; x_wconf 90' lang='lat' dir='ltr'><strong>indictarum,</strong></span> <span class='ocrx_word' id='word_1_247' title='bbox 1631 1914 1745 1969; x_wconf 88' lang='lat' dir='ltr'><strong>nisi</strong></span> <span class='ocrx_word' id='word_1_248' title='bbox 1774 1929 1876 1968; x_wconf 91' lang='lat' dir='ltr'><strong>na-</strong></span> 
     </span>
    </p>
   </div>
   <div class='ocr_carea' id='block_1_38' title="bbox 199 2003 1871 2076">
    <p class='ocr_par' dir='ltr' id='par_1_38' title="bbox 199 2003 1871 2076">
     <span class='ocr_line' id='line_1_38' title="bbox 199 2003 1871 2076; baseline -0.002 -15"><span class='ocrx_word' id='word_1_249' title='bbox 199 2008 358 2061; x_wconf 88' lang='lat' dir='ltr'><strong>tura.</strong></span> <span class='ocrx_word' id='word_1_250' title='bbox 393 2004 537 2060; x_wconf 85' lang='lat' dir='ltr'><strong>Hinc</strong></span> <span class='ocrx_word' id='word_1_251' title='bbox 561 2003 932 2073; x_wconf 78' lang='lat' dir='ltr'><strong>Augustinus</strong></span> <span class='ocrx_word' id='word_1_252' title='bbox 962 2003 1024 2059; x_wconf 93' lang='lat' dir='ltr'><strong>in</strong></span> <span class='ocrx_word' id='word_1_253' title='bbox 1052 2003 1313 2076; x_wconf 85' lang='lat' dir='ltr'><strong>Epistola</strong></span> <span class='ocrx_word' id='word_1_254' title='bbox 1343 2004 1420 2060; x_wconf 93' lang='lat' dir='ltr'><strong>ad</strong></span> <span class='ocrx_word' id='word_1_255' title='bbox 1448 2004 1688 2059; x_wconf 87' lang='lat' dir='ltr'><strong>Galatas</strong></span> <span class='ocrx_word' id='word_1_256' title='bbox 1714 2007 1871 2074; x_wconf 87' lang='lat' dir='ltr'><strong>(cap.</strong></span> 
     </span>
    </p>
   </div>
   <div class='ocr_carea' id='block_1_39' title="bbox 200 2094 1873 2166">
    <p class='ocr_par' dir='ltr' id='par_1_39' title="bbox 200 2094 1873 2166">
     <span class='ocr_line' id='line_1_39' title="bbox 200 2094 1873 2166; baseline -0.001 -18"><span class='ocrx_word' id='word_1_257' title='bbox 200 2111 292 2160; x_wconf 86' lang='grc' dir='ltr'>ιιι,</span> <span class='ocrx_word' id='word_1_258' title='bbox 323 2099 432 2158; x_wconf 80' lang='lat' dir='ltr'><strong>t2):</strong></span> <span class='ocrx_word' id='word_1_259' title='bbox 457 2094 633 2166; x_wconf 73' lang='lat' dir='ltr'><strong>[Le:c,</strong></span> <span class='ocrx_word' id='word_1_260' title='bbox 657 2094 959 2166; x_wconf 85' lang='lat' dir='ltr'><strong>inquiens,</strong></span> <span class='ocrx_word' id='word_1_261' title='bbox 1000 2110 1120 2150; x_wconf 89' lang='lat' dir='ltr'><strong>non</strong></span> <span class='ocrx_word' id='word_1_262' title='bbox 1147 2101 1229 2150; x_wconf 87' lang='lat' dir='ltr'><strong>est</strong></span> <span class='ocrx_word' id='word_1_263' title='bbox 1263 2110 1339 2151; x_wconf 80' lang='lat' dir='ltr'><strong>ea:</strong></span> <span class='ocrx_word' id='word_1_264' title='bbox 1365 2095 1502 2164; x_wconf 86' lang='lat' dir='ltr'><strong>ﬁde,</strong></span> <span class='ocrx_word' id='word_1_265' title='bbox 1535 2095 1639 2150; x_wconf 90' lang='lat' dir='ltr'><strong>sed</strong></span> <span class='ocrx_word' id='word_1_266' title='bbox 1663 2095 1768 2166; x_wconf 88' lang='lat' dir='ltr'><strong>qui</strong></span> <span class='ocrx_word' id='word_1_267' title='bbox 1789 2094 1873 2162; x_wconf 81' lang='lat' dir='ltr'><strong>fe-</strong></span> 
     </span>
    </p>
   </div>
   <div class='ocr_carea' id='block_1_40' title="bbox 199 2181 1876 2253">
    <p class='ocr_par' dir='ltr' id='par_1_40' title="bbox 199 2181 1876 2253">
     <span class='ocr_line' id='line_1_40' title="bbox 199 2181 1876 2253; baseline -0.001 -11"><span class='ocrx_word' id='word_1_268' title='bbox 199 2185 349 2242; x_wconf 88' lang='lat' dir='ltr'><strong>cerit</strong></span> <span class='ocrx_word' id='word_1_269' title='bbox 375 2199 444 2241; x_wconf 90' lang='lat' dir='ltr'><strong>ea</strong></span> <span class='ocrx_word' id='word_1_270' title='bbox 475 2185 631 2241; x_wconf 82' lang='lat' dir='ltr'><strong>vivet</strong></span> <span class='ocrx_word' id='word_1_271' title='bbox 664 2185 726 2240; x_wconf 88' lang='lat' dir='ltr'><strong>in</strong></span> <span class='ocrx_word' id='word_1_272' title='bbox 753 2185 900 2240; x_wconf 80' lang='lat' dir='ltr'><strong>illis.</strong></span> <span class='ocrx_word' id='word_1_273' title='bbox 931 2187 1060 2240; x_wconf 90' lang='lat' dir='ltr'><strong>Non</strong></span> <span class='ocrx_word' id='word_1_274' title='bbox 1106 2183 1208 2253; x_wconf 89' lang='lat' dir='ltr'><strong>ait,</strong></span> <span class='ocrx_word' id='word_1_275' title='bbox 1243 2184 1351 2250; x_wconf 86' lang='lat' dir='ltr'><strong>Qui</strong></span> <span class='ocrx_word' id='word_1_276' title='bbox 1376 2183 1578 2239; x_wconf 81' lang='lat' dir='ltr'><strong>fecerit</strong></span> <span class='ocrx_word' id='word_1_277' title='bbox 1606 2199 1764 2253; x_wconf 90' lang='lat' dir='ltr'><strong>eam,</strong></span> <span class='ocrx_word' id='word_1_278' title='bbox 1795 2181 1876 2241; x_wconf 87' lang='lat' dir='ltr'><strong>vi-</strong></span> 
     </span>
    </p>
   </div>
   <div class='ocr_carea' id='block_1_41' title="bbox 199 2271 1874 2344">
    <p class='ocr_par' dir='ltr' id='par_1_41' title="bbox 199 2271 1874 2344">
     <span class='ocr_line' id='line_1_41' title="bbox 199 2271 1874 2344; baseline -0.002 -15"><span class='ocrx_word' id='word_1_279' title='bbox 199 2277 298 2330; x_wconf 85' lang='lat' dir='ltr'><strong>vet</strong></span> <span class='ocrx_word' id='word_1_280' title='bbox 333 2273 397 2328; x_wconf 90' lang='lat' dir='ltr'><strong>in</strong></span> <span class='ocrx_word' id='word_1_281' title='bbox 427 2288 522 2341; x_wconf 91' lang='lat' dir='ltr'><strong>ea,</strong></span> <span class='ocrx_word' id='word_1_282' title='bbox 558 2277 623 2328; x_wconf 93' lang='lat' dir='ltr'><strong>ut</strong></span> <span class='ocrx_word' id='word_1_283' title='bbox 652 2272 952 2342; x_wconf 87' lang='lat' dir='ltr'><strong>intelligas</strong></span> <span class='ocrx_word' id='word_1_284' title='bbox 977 2271 1172 2342; x_wconf 89' lang='lat' dir='ltr'><strong>legem</strong></span> <span class='ocrx_word' id='word_1_285' title='bbox 1203 2273 1266 2328; x_wconf 93' lang='lat' dir='ltr'><strong>in</strong></span> <span class='ocrx_word' id='word_1_286' title='bbox 1291 2273 1406 2328; x_wconf 91' lang='lat' dir='ltr'><strong>hoc</strong></span> <span class='ocrx_word' id='word_1_287' title='bbox 1430 2272 1564 2328; x_wconf 93' lang='lat' dir='ltr'><strong>loco</strong></span> <span class='ocrx_word' id='word_1_288' title='bbox 1586 2289 1695 2344; x_wconf 89' lang='lat' dir='ltr'><strong>pro</strong></span> <span class='ocrx_word' id='word_1_289' title='bbox 1730 2272 1874 2343; x_wconf 91' lang='lat' dir='ltr'><strong>ipsis</strong></span> 
     </span>
    </p>
   </div>
   <div class='ocr_carea' id='block_1_42' title="bbox 199 2361 1873 2436">
    <p class='ocr_par' dir='ltr' id='par_1_42' title="bbox 199 2361 1873 2436">
     <span class='ocr_line' id='line_1_42' title="bbox 199 2361 1873 2436; baseline 0 -18"><span class='ocrx_word' id='word_1_290' title='bbox 199 2361 488 2436; x_wconf 89' lang='lat' dir='ltr'><strong>operibus</strong></span> <span class='ocrx_word' id='word_1_291' title='bbox 517 2361 816 2434; x_wconf 90' lang='lat' dir='ltr'><strong>positam;</strong></span> <span class='ocrx_word' id='word_1_292' title='bbox 847 2361 954 2434; x_wconf 92' lang='lat' dir='ltr'><strong>qui</strong></span> <span class='ocrx_word' id='word_1_293' title='bbox 981 2367 1185 2417; x_wconf 90' lang='lat' dir='ltr'><strong>autem</strong></span> <span class='ocrx_word' id='word_1_294' title='bbox 1214 2361 1497 2418; x_wconf 88' lang='lat' dir='ltr'><strong>vivebant</strong></span> <span class='ocrx_word' id='word_1_295' title='bbox 1523 2362 1584 2416; x_wconf 90' lang='lat' dir='ltr'><strong>in</strong></span> <span class='ocrx_word' id='word_1_296' title='bbox 1611 2361 1701 2416; x_wconf 90' lang='lat' dir='ltr'><strong>his</strong></span> <span class='ocrx_word' id='word_1_297' title='bbox 1732 2378 1873 2434; x_wconf 86' lang='lat' dir='ltr'><strong>ope-</strong></span> 
     </span>
    </p>
   </div>
   <div class='ocr_carea' id='block_1_43' title="bbox 196 2450 1874 2524">
    <p class='ocr_par' dir='ltr' id='par_1_43' title="bbox 196 2450 1874 2524">
     <span class='ocr_line' id='line_1_43' title="bbox 196 2450 1874 2524; baseline 0 -16"><span class='ocrx_word' id='word_1_298' title='bbox 196 2451 392 2519; x_wconf 89' lang='lat' dir='ltr'><strong>ribus,</strong></span> <span class='ocrx_word' id='word_1_299' title='bbox 424 2450 722 2507; x_wconf 87' lang='lat' dir='ltr'><strong>timebant</strong></span> <span class='ocrx_word' id='word_1_300' title='bbox 750 2451 957 2524; x_wconf 90' lang='lat' dir='ltr'><strong>utique</strong></span> <span class='ocrx_word' id='word_1_301' title='bbox 985 2466 1060 2507; x_wconf 87' lang='lat' dir='ltr'><strong>ne</strong></span> <span class='ocrx_word' id='word_1_302' title='bbox 1088 2451 1136 2507; x_wconf 91' lang='lat' dir='ltr'><strong>si</strong></span> <span class='ocrx_word' id='word_1_303' title='bbox 1176 2466 1302 2506; x_wconf 92' lang='lat' dir='ltr'><strong>non</strong></span> <span class='ocrx_word' id='word_1_304' title='bbox 1335 2467 1408 2507; x_wconf 91' lang='lat' dir='ltr'><strong>ea</strong></span> <span class='ocrx_word' id='word_1_305' title='bbox 1457 2451 1756 2520; x_wconf 78' lang='lat' dir='ltr'><strong>fecissent,</strong></span> <span class='ocrx_word' id='word_1_306' title='bbox 1812 2457 1874 2508; x_wconf 93' lang='lat' dir='ltr'><strong>ut</strong></span> 
     </span>
    </p>
   </div>
   <div class='ocr_carea' id='block_1_44' title="bbox 196 2539 1868 2614">
    <p class='ocr_par' dir='ltr' id='par_1_44' title="bbox 196 2539 1868 2614">
     <span class='ocr_line' id='line_1_44' title="bbox 196 2539 1868 2614; baseline 0 -17"><span class='ocrx_word' id='word_1_307' title='bbox 196 2539 640 2614; x_wconf 87' lang='lat' dir='ltr'><strong>lapidationem</strong></span> <span class='ocrx_word' id='word_1_308' title='bbox 667 2539 764 2596; x_wconf 87' lang='lat' dir='ltr'><strong>vel</strong></span> <span class='ocrx_word' id='word_1_309' title='bbox 789 2556 1033 2596; x_wconf 90' lang='lat' dir='ltr'><strong>crucem</strong></span> <span class='ocrx_word' id='word_1_310' title='bbox 1086 2540 1444 2612; x_wconf 90' lang='lat' dir='ltr'><strong>hujusmodi</strong></span> <span class='ocrx_word' id='word_1_311' title='bbox 1502 2545 1868 2613; x_wconf 88' lang='lat' dir='ltr'><strong>paterentur.</strong></span> 
     </span>
    </p>
   </div>
   <div class='ocr_carea' id='block_1_45' title="bbox 199 2630 1872 2704">
    <p class='ocr_par' dir='ltr' id='par_1_45' title="bbox 199 2630 1872 2704">
     <span class='ocr_line' id='line_1_45' title="bbox 199 2630 1872 2704; baseline 0.001 -18"><span class='ocrx_word' id='word_1_312' title='bbox 199 2633 358 2701; x_wconf 87' lang='lat' dir='ltr'><strong>Ergo</strong></span> <span class='ocrx_word' id='word_1_313' title='bbox 387 2632 495 2702; x_wconf 89' lang='lat' dir='ltr'><strong>qui</strong></span> <span class='ocrx_word' id='word_1_314' title='bbox 522 2632 737 2702; x_wconf 85' lang='lat' dir='ltr'><strong>fecerit</strong></span> <span class='ocrx_word' id='word_1_315' title='bbox 767 2645 857 2700; x_wconf 88' lang='lat' dir='ltr'><strong>ea,</strong></span> <span class='ocrx_word' id='word_1_316' title='bbox 889 2630 1102 2704; x_wconf 89' lang='lat' dir='ltr'><strong>inquit,</strong></span> <span class='ocrx_word' id='word_1_317' title='bbox 1131 2632 1286 2687; x_wconf 83' lang='lat' dir='ltr'><strong>vivet</strong></span> <span class='ocrx_word' id='word_1_318' title='bbox 1318 2633 1380 2687; x_wconf 91' lang='lat' dir='ltr'><strong>in</strong></span> <span class='ocrx_word' id='word_1_319' title='bbox 1404 2633 1550 2698; x_wconf 86' lang='lat' dir='ltr'><strong>illis,</strong></span> <span class='ocrx_word' id='word_1_320' title='bbox 1569 2631 1631 2686; x_wconf 91' lang='lat' dir='ltr'><strong>id</strong></span> <span class='ocrx_word' id='word_1_321' title='bbox 1663 2632 1872 2688; x_wconf 90' lang='lat' dir='ltr'><strong>estha-</strong></span> 
     </span>
    </p>
   </div>
   <div class='ocr_carea' id='block_1_46' title="bbox 201 2719 1869 2795">
    <p class='ocr_par' dir='ltr' id='par_1_46' title="bbox 201 2719 1869 2795">
     <span class='ocr_line' id='line_1_46' title="bbox 201 2719 1869 2795; baseline 0.001 -19"><span class='ocrx_word' id='word_1_322' title='bbox 201 2719 376 2776; x_wconf 86' lang='lat' dir='ltr'><strong>bebit</strong></span> <span class='ocrx_word' id='word_1_323' title='bbox 400 2719 740 2793; x_wconf 78' lang='lat' dir='ltr'><strong>praemium,</strong></span> <span class='ocrx_word' id='word_1_324' title='bbox 771 2735 848 2775; x_wconf 93' lang='lat' dir='ltr'><strong>ne</strong></span> <span class='ocrx_word' id='word_1_325' title='bbox 882 2719 995 2775; x_wconf 86' lang='lat' dir='ltr'><strong>ista</strong></span> <span class='ocrx_word' id='word_1_326' title='bbox 1038 2725 1229 2776; x_wconf 90' lang='lat' dir='ltr'><strong>morte</strong></span> <span class='ocrx_word' id='word_1_327' title='bbox 1258 2719 1584 2795; x_wconf 85' lang='lat' dir='ltr'><strong>puniatur].</strong></span> <span class='ocrx_word' id='word_1_328' title='bbox 1617 2721 1653 2786; x_wconf 67' lang='lat'><strong>1-</strong></span> <span class='ocrx_word' id='word_1_329' title='bbox 1681 2721 1869 2789; x_wconf 88' lang='lat' dir='ltr'><strong>Idem,</strong></span> 
     </span>
    </p>
   </div>
   <div class='ocr_carea' id='block_1_47' title="bbox 195 2808 1872 2882">
    <p class='ocr_par' dir='ltr' id='par_1_47' title="bbox 195 2808 1872 2882">
     <span class='ocr_line' id='line_1_47' title="bbox 195 2808 1872 2882; baseline -0.001 -16"><span class='ocrx_word' id='word_1_330' title='bbox 195 2809 262 2866; x_wconf 89' lang='lat' dir='ltr'><strong>in</strong></span> <span class='ocrx_word' id='word_1_331' title='bbox 297 2808 404 2865; x_wconf 90' lang='lat' dir='ltr'><strong>lib.</strong></span> <span class='ocrx_word' id='word_1_332' title='bbox 437 2826 537 2865; x_wconf 79' lang='lat' dir='ltr'><strong>xxi</strong></span> <span class='ocrx_word' id='word_1_333' title='bbox 559 2809 635 2865; x_wconf 92' lang='lat' dir='ltr'><strong>de</strong></span> <span class='ocrx_word' id='word_1_334' title='bbox 657 2808 904 2864; x_wconf 89' lang='lat' dir='ltr'><strong>Civitate</strong></span> <span class='ocrx_word' id='word_1_335' title='bbox 929 2808 1032 2864; x_wconf 92' lang='lat' dir='ltr'><strong>Dei</strong></span> <span class='ocrx_word' id='word_1_336' title='bbox 1057 2809 1209 2882; x_wconf 89' lang='lat' dir='ltr'><strong>(cap,</strong></span> <span class='ocrx_word' id='word_1_337' title='bbox 1239 2811 1353 2881; x_wconf 85' lang='lat'><strong>24):</strong></span> <span class='ocrx_word' id='word_1_338' title='bbox 1383 2809 1670 2880; x_wconf 81' lang='lat' dir='ltr'><strong>[Ninivitae</strong></span> <span class='ocrx_word' id='word_1_339' title='bbox 1693 2810 1872 2882; x_wconf 86' lang='lat' dir='ltr'><strong>quip-</strong></span> 
     </span>
    </p>
   </div>
   <div class='ocr_carea' id='block_1_48' title="bbox 194 2897 1874 2972">
    <p class='ocr_par' dir='ltr' id='par_1_48' title="bbox 194 2897 1874 2972">
     <span class='ocr_line' id='line_1_48' title="bbox 194 2897 1874 2972; baseline 0.001 -19"><span class='ocrx_word' id='word_1_340' title='bbox 194 2913 275 2972; x_wconf 92' lang='lat' dir='ltr'><strong>pe</strong></span> <span class='ocrx_word' id='word_1_341' title='bbox 308 2898 373 2953; x_wconf 89' lang='lat' dir='ltr'><strong>in</strong></span> <span class='ocrx_word' id='word_1_342' title='bbox 396 2898 509 2954; x_wconf 91' lang='lat' dir='ltr'><strong>hac</strong></span> <span class='ocrx_word' id='word_1_343' title='bbox 537 2898 662 2954; x_wconf 84' lang='lat' dir='ltr'><strong>vita</strong></span> <span class='ocrx_word' id='word_1_344' title='bbox 706 2901 958 2968; x_wconf 88' lang='lat' dir='ltr'><strong>egerunt</strong></span> <span class='ocrx_word' id='word_1_345' title='bbox 986 2897 1398 2971; x_wconf 67' lang='lat' dir='ltr'><strong>paenitentiam</strong></span> <span class='ocrx_word' id='word_1_346' title='bbox 1438 2899 1629 2964; x_wconf 49' lang='lat' dir='ltr'><strong>(Jonas</strong></span> <span class='ocrx_word' id='word_1_347' title='bbox 1655 2901 1746 2970; x_wconf 84' lang='grc' dir='ltr'>ιιι)</span> <span class='ocrx_word' id='word_1_348' title='bbox 1772 2917 1785 2967; x_wconf 93' lang='grc'>;</span> <span class='ocrx_word' id='word_1_349' title='bbox 1818 2903 1874 2954; x_wconf 93' lang='lat' dir='ltr'><strong>et</strong></span> 
     </span>
    </p>
   </div>
   <div class='ocr_carea' id='block_1_49' title="bbox 195 2986 1872 3058">
    <p class='ocr_par' dir='ltr' id='par_1_49' title="bbox 195 2986 1872 3058">
     <span class='ocr_line' id='line_1_49' title="bbox 195 2986 1872 3058; baseline -0.001 -14"><span class='ocrx_word' id='word_1_350' title='bbox 195 2987 341 3044; x_wconf 92' lang='lat' dir='ltr'><strong>ideo</strong></span> <span class='ocrx_word' id='word_1_351' title='bbox 375 2986 772 3054; x_wconf 90' lang='lat' dir='ltr'><strong>fructuosam,</strong></span> <span class='ocrx_word' id='word_1_352' title='bbox 803 2986 965 3043; x_wconf 89' lang='lat' dir='ltr'><strong>velut</strong></span> <span class='ocrx_word' id='word_1_353' title='bbox 992 2986 1055 3042; x_wconf 91' lang='lat' dir='ltr'><strong>in</strong></span> <span class='ocrx_word' id='word_1_354' title='bbox 1081 2988 1195 3043; x_wconf 92' lang='lat' dir='ltr'><strong>hoc</strong></span> <span class='ocrx_word' id='word_1_355' title='bbox 1221 3003 1368 3058; x_wconf 92' lang='lat' dir='ltr'><strong>agro</strong></span> <span class='ocrx_word' id='word_1_356' title='bbox 1400 2987 1788 3055; x_wconf 89' lang='lat' dir='ltr'><strong>seminantes,</strong></span> <span class='ocrx_word' id='word_1_357' title='bbox 1809 2987 1872 3042; x_wconf 92' lang='lat' dir='ltr'><strong>in</strong></span> 
     </span>
    </p>
   </div>
   <div class='ocr_carea' id='block_1_50' title="bbox 199 3077 1874 3152">
    <p class='ocr_par' dir='ltr' id='par_1_50' title="bbox 199 3077 1874 3152">
     <span class='ocr_line' id='line_1_50' title="bbox 199 3077 1874 3152; baseline -0.001 -18"><span class='ocrx_word' id='word_1_358' title='bbox 199 3094 328 3152; x_wconf 89' lang='lat' dir='ltr'><strong>quo</strong></span> <span class='ocrx_word' id='word_1_359' title='bbox 352 3079 508 3134; x_wconf 91' lang='lat' dir='ltr'><strong>Deus</strong></span> <span class='ocrx_word' id='word_1_360' title='bbox 536 3078 728 3134; x_wconf 91' lang='lat' dir='ltr'><strong>voluit</strong></span> <span class='ocrx_word' id='word_1_361' title='bbox 751 3093 892 3133; x_wconf 89' lang='lat' dir='ltr'><strong>cum</strong></span> <span class='ocrx_word' id='word_1_362' title='bbox 913 3077 1199 3150; x_wconf 89' lang='lat' dir='ltr'><strong>lacrymis</strong></span> <span class='ocrx_word' id='word_1_363' title='bbox 1231 3077 1536 3141; x_wconf 87' lang='lat' dir='ltr'><strong>seminari,</strong></span> <span class='ocrx_word' id='word_1_364' title='bbox 1552 3077 1718 3150; x_wconf 90' lang='lat' dir='ltr'><strong>quod</strong></span> <span class='ocrx_word' id='word_1_365' title='bbox 1737 3095 1874 3150; x_wconf 89' lang='lat' dir='ltr'><strong>pos-</strong></span> 
     </span>
    </p>
   </div>
   <div class='ocr_carea' id='block_1_51' title="bbox 193 3166 1943 3253">
    <p class='ocr_par' dir='ltr' id='par_1_51' title="bbox 193 3166 1943 3253">
     <span class='ocr_line' id='line_1_51' title="bbox 193 3166 1943 3253; baseline -0.001 -29"><span class='ocrx_word' id='word_1_366' title='bbox 193 3172 296 3224; x_wconf 88' lang='lat' dir='ltr'><strong>tea</strong></span> <span class='ocrx_word' id='word_1_367' title='bbox 326 3183 467 3224; x_wconf 91' lang='lat' dir='ltr'><strong>cum</strong></span> <span class='ocrx_word' id='word_1_368' title='bbox 487 3166 688 3223; x_wconf 78' lang='lat' dir='ltr'><strong>laetitia</strong></span> <span class='ocrx_word' id='word_1_369' title='bbox 719 3170 1103 3222; x_wconf 89' lang='lat' dir='ltr'><strong>meterentur.</strong></span> <span class='ocrx_word' id='word_1_370' title='bbox 1137 3170 1203 3222; x_wconf 88' lang='lat' dir='ltr'><strong>Et</strong></span> <span class='ocrx_word' id='word_1_371' title='bbox 1233 3172 1432 3222; x_wconf 91' lang='lat' dir='ltr'><strong>tamen</strong></span> <span class='ocrx_word' id='word_1_372' title='bbox 1463 3166 1599 3238; x_wconf 89' lang='lat' dir='ltr'><strong>quis</strong></span> <span class='ocrx_word' id='word_1_373' title='bbox 1625 3166 1874 3236; x_wconf 86' lang='lat' dir='ltr'><strong>negabit</strong></span> <span class='ocrx_word' id='word_1_374' title='bbox 1902 3197 1943 3253; x_wconf 68' lang='grc' dir='ltr'><strong>ρ</strong></span> 
     </span>
    </p>
   </div>
   <div class='ocr_carea' id='block_1_52' title="bbox 195 3254 1866 3330">
    <p class='ocr_par' dir='ltr' id='par_1_52' title="bbox 195 3254 1866 3330">
     <span class='ocr_line' id='line_1_52' title="bbox 195 3254 1866 3330; baseline -0.001 -18"><span class='ocrx_word' id='word_1_375' title='bbox 195 3257 368 3330; x_wconf 90' lang='lat' dir='ltr'><strong>quod</strong></span> <span class='ocrx_word' id='word_1_376' title='bbox 392 3255 687 3312; x_wconf 87' lang='lat' dir='ltr'><strong>Dominus</strong></span> <span class='ocrx_word' id='word_1_377' title='bbox 718 3254 996 3328; x_wconf 66' lang='lat' dir='ltr'><strong>prmdixit</strong></span> <span class='ocrx_word' id='word_1_378' title='bbox 1024 3255 1087 3310; x_wconf 90' lang='lat' dir='ltr'><strong>in</strong></span> <span class='ocrx_word' id='word_1_379' title='bbox 1126 3255 1211 3310; x_wconf 89' lang='lat' dir='ltr'><strong>eis</strong></span> <span class='ocrx_word' id='word_1_380' title='bbox 1264 3254 1446 3310; x_wconf 86' lang='lat' dir='ltr'><strong>fuisse</strong></span> <span class='ocrx_word' id='word_1_381' title='bbox 1477 3254 1866 3327; x_wconf 89' lang='lat' dir='ltr'><strong>completum,</strong></span> 
     </span>
    </p>
   </div>
   <div class='ocr_carea' id='block_1_53' title="bbox 196 3345 1872 3420">
    <p class='ocr_par' dir='ltr' id='par_1_53' title="bbox 196 3345 1872 3420">
     <span class='ocr_line' id='line_1_53' title="bbox 196 3345 1872 3420; baseline -0.002 -16"><span class='ocrx_word' id='word_1_382' title='bbox 196 3347 316 3404; x_wconf 91' lang='lat' dir='ltr'><strong>nisi</strong></span> <span class='ocrx_word' id='word_1_383' title='bbox 368 3362 592 3420; x_wconf 93' lang='lat' dir='ltr'><strong>parum</strong></span> <span class='ocrx_word' id='word_1_384' title='bbox 630 3345 901 3401; x_wconf 87' lang='lat' dir='ltr'><strong>advertat</strong></span> <span class='ocrx_word' id='word_1_385' title='bbox 955 3345 1477 3418; x_wconf 90' lang='lat' dir='ltr'><strong>quemadmodum</strong></span> <span class='ocrx_word' id='word_1_386' title='bbox 1526 3350 1872 3418; x_wconf 87' lang='lat' dir='ltr'><strong>peccatores</strong></span> 
     </span>
    </p>
   </div>
   <div class='ocr_carea' id='block_1_54' title="bbox 192 3434 1872 3505">
    <p class='ocr_par' dir='ltr' id='par_1_54' title="bbox 192 3434 1872 3505">
     <span class='ocr_line' id='line_1_54' title="bbox 192 3434 1872 3505; baseline -0.001 -12"><span class='ocrx_word' id='word_1_387' title='bbox 192 3440 360 3494; x_wconf 89' lang='lat' dir='ltr'><strong>Deus</strong></span> <span class='ocrx_word' id='word_1_388' title='bbox 388 3450 515 3491; x_wconf 90' lang='lat' dir='ltr'><strong>non</strong></span> <span class='ocrx_word' id='word_1_389' title='bbox 567 3434 768 3490; x_wconf 90' lang='lat' dir='ltr'><strong>solum</strong></span> <span class='ocrx_word' id='word_1_390' title='bbox 814 3434 1029 3505; x_wconf 90' lang='lat' dir='ltr'><strong>iratus,</strong></span> <span class='ocrx_word' id='word_1_391' title='bbox 1072 3451 1284 3491; x_wconf 90' lang='lat' dir='ltr'><strong>verum</strong></span> <span class='ocrx_word' id='word_1_392' title='bbox 1329 3435 1510 3490; x_wconf 88' lang='lat' dir='ltr'><strong>etiam</strong></span> <span class='ocrx_word' id='word_1_393' title='bbox 1552 3435 1872 3492; x_wconf 87' lang='lat' dir='ltr'><strong>miseratus</strong></span> 
     </span>
    </p>
   </div>
   <div class='ocr_carea' id='block_1_55' title="bbox 190 3523 1871 3596">
    <p class='ocr_par' dir='ltr' id='par_1_55' title="bbox 190 3523 1871 3596">
     <span class='ocr_line' id='line_1_55' title="bbox 190 3523 1871 3596; baseline -0.001 -13"><span class='ocrx_word' id='word_1_394' title='bbox 190 3525 472 3583; x_wconf 84' lang='lat' dir='ltr'><strong>evertat?</strong></span> <span class='ocrx_word' id='word_1_395' title='bbox 494 3527 854 3580; x_wconf 90' lang='lat' dir='ltr'><strong>Evertuntur</strong></span> <span class='ocrx_word' id='word_1_396' title='bbox 885 3523 1048 3579; x_wconf 89' lang='lat' dir='ltr'><strong>enim</strong></span> <span class='ocrx_word' id='word_1_397' title='bbox 1091 3527 1439 3596; x_wconf 90' lang='lat' dir='ltr'><strong>peccatores</strong></span> <span class='ocrx_word' id='word_1_398' title='bbox 1469 3523 1712 3580; x_wconf 89' lang='lat' dir='ltr'><strong>duobus</strong></span> <span class='ocrx_word' id='word_1_399' title='bbox 1741 3539 1871 3581; x_wconf 81' lang='lat' dir='ltr'><strong>mo-</strong></span> 
     </span>
    </p>
   </div>
   <div class='ocr_carea' id='block_1_56' title="bbox 189 3611 1873 3686">
    <p class='ocr_par' dir='ltr' id='par_1_56' title="bbox 189 3611 1873 3686">
     <span class='ocr_line' id='line_1_56' title="bbox 189 3611 1873 3686; baseline -0.002 -15"><span class='ocrx_word' id='word_1_400' title='bbox 189 3614 305 3681; x_wconf 87' lang='lat' dir='ltr'><strong>dis,</strong></span> <span class='ocrx_word' id='word_1_401' title='bbox 329 3617 441 3670; x_wconf 89' lang='lat' dir='ltr'><strong>aut</strong></span> <span class='ocrx_word' id='word_1_402' title='bbox 472 3611 627 3669; x_wconf 91' lang='lat' dir='ltr'><strong>sicut</strong></span> <span class='ocrx_word' id='word_1_403' title='bbox 659 3611 980 3669; x_wconf 78' lang='lat' dir='ltr'><strong>Sodomitas</strong></span> <span class='ocrx_word' id='word_1_404' title='bbox 1007 3613 1179 3681; x_wconf 87' lang='lat' dir='ltr'><strong>(Gen.</strong></span> <span class='ocrx_word' id='word_1_405' title='bbox 1211 3629 1336 3676; x_wconf 77' lang='lat' dir='ltr'><strong>XIX,</strong></span> <span class='ocrx_word' id='word_1_406' title='bbox 1358 3616 1477 3682; x_wconf 64' lang='lat'><strong>24),</strong></span> <span class='ocrx_word' id='word_1_407' title='bbox 1508 3616 1574 3668; x_wconf 93' lang='lat' dir='ltr'><strong>ut</strong></span> <span class='ocrx_word' id='word_1_408' title='bbox 1612 3629 1722 3685; x_wconf 92' lang='lat' dir='ltr'><strong>pro</strong></span> <span class='ocrx_word' id='word_1_409' title='bbox 1737 3629 1873 3686; x_wconf 85' lang='lat' dir='ltr'><strong>pec-</strong></span> 
     </span>
    </p>
   </div>
   <div class='ocr_carea' id='block_1_57' title="bbox 190 3700 1872 3774">
    <p class='ocr_par' dir='ltr' id='par_1_57' title="bbox 190 3700 1872 3774">
     <span class='ocr_line' id='line_1_57' title="bbox 190 3700 1872 3774; baseline -0.001 -14"><span class='ocrx_word' id='word_1_410' title='bbox 190 3702 341 3760; x_wconf 89' lang='lat' dir='ltr'><strong>catis</strong></span> <span class='ocrx_word' id='word_1_411' title='bbox 371 3701 498 3758; x_wconf 91' lang='lat' dir='ltr'><strong>suis</strong></span> <span class='ocrx_word' id='word_1_412' title='bbox 527 3701 646 3774; x_wconf 90' lang='lat' dir='ltr'><strong>ipsi</strong></span> <span class='ocrx_word' id='word_1_413' title='bbox 673 3700 956 3757; x_wconf 89' lang='lat' dir='ltr'><strong>homines</strong></span> <span class='ocrx_word' id='word_1_414' title='bbox 989 3701 1360 3774; x_wconf 88' lang='lat' dir='ltr'><strong>puniantur;</strong></span> <span class='ocrx_word' id='word_1_415' title='bbox 1401 3706 1506 3757; x_wconf 88' lang='lat' dir='ltr'><strong>aut</strong></span> <span class='ocrx_word' id='word_1_416' title='bbox 1539 3702 1692 3758; x_wconf 86' lang='lat' dir='ltr'><strong>sicut</strong></span> <span class='ocrx_word' id='word_1_417' title='bbox 1719 3702 1872 3758; x_wconf 87' lang='lat' dir='ltr'><strong>Nini-</strong></span> 
     </span>
    </p>
   </div>
   <div class='ocr_carea' id='block_1_58' title="bbox 190 3790 1866 3865">
    <p class='ocr_par' dir='ltr' id='par_1_58' title="bbox 190 3790 1866 3865">
     <span class='ocr_line' id='line_1_58' title="bbox 190 3790 1866 3865; baseline -0.001 -17"><span class='ocrx_word' id='word_1_418' title='bbox 190 3793 323 3848; x_wconf 78' lang='lat' dir='ltr'><strong>vitae</strong></span> <span class='ocrx_word' id='word_1_419' title='bbox 354 3793 550 3860; x_wconf 67' lang='lat' dir='ltr'><strong>(Jonas</strong></span> <span class='ocrx_word' id='word_1_420' title='bbox 575 3809 658 3860; x_wconf 88' lang='grc' dir='ltr'>ιιι,</span> <span class='ocrx_word' id='word_1_421' title='bbox 683 3791 762 3864; x_wconf 85' lang='grc'><strong>5),</strong></span> <span class='ocrx_word' id='word_1_422' title='bbox 785 3795 852 3847; x_wconf 90' lang='lat' dir='ltr'><strong>ut</strong></span> <span class='ocrx_word' id='word_1_423' title='bbox 880 3790 1018 3864; x_wconf 92' lang='lat' dir='ltr'><strong>ipsa</strong></span> <span class='ocrx_word' id='word_1_424' title='bbox 1055 3790 1375 3847; x_wconf 88' lang='lat' dir='ltr'><strong>hominum</strong></span> <span class='ocrx_word' id='word_1_425' title='bbox 1401 3795 1650 3865; x_wconf 90' lang='lat' dir='ltr'><strong>peccata</strong></span> <span class='ocrx_word' id='word_1_426' title='bbox 1679 3791 1866 3864; x_wconf 72' lang='lat' dir='ltr'><strong>paeni-</strong></span> 
     </span>
    </p>
   </div>
   <div class='ocr_carea' id='block_1_59' title="bbox 193 3880 1437 3954">
    <p class='ocr_par' dir='ltr' id='par_1_59' title="bbox 193 3880 1437 3954">
     <span class='ocr_line' id='line_1_59' title="bbox 193 3880 1437 3954; baseline -0.003 -14"><span class='ocrx_word' id='word_1_427' title='bbox 193 3881 381 3940; x_wconf 90' lang='lat' dir='ltr'><strong>tendo</strong></span> <span class='ocrx_word' id='word_1_428' title='bbox 418 3880 855 3942; x_wconf 88' lang='lat' dir='ltr'><strong>destruantur.]</strong></span> <span class='ocrx_word' id='word_1_429' title='bbox 885 3882 927 3952; x_wconf 73' lang='lat'><strong>+</strong></span> <span class='ocrx_word' id='word_1_430' title='bbox 959 3885 1104 3937; x_wconf 88' lang='lat' dir='ltr'><strong>Item</strong></span> <span class='ocrx_word' id='word_1_431' title='bbox 1132 3880 1437 3954; x_wconf 89' lang='lat' dir='ltr'><strong>sequeris:</strong></span> 
     </span>
    </p>
   </div>
   <div class='ocr_carea' id='block_1_60' title="bbox 773 3987 1290 4028">
    <p class='ocr_par' dir='ltr' id='par_1_60' title="bbox 773 3987 1290 4028">
     <span class='ocr_line' id='line_1_60' title="bbox 773 3987 1290 4028; baseline -0.002 -1"><span class='ocrx_word' id='word_1_432' title='bbox 773 3987 1016 4027; x_wconf 77' lang='lat' dir='ltr'><strong>JOANNES</strong></span> <span class='ocrx_word' id='word_1_433' title='bbox 1059 3987 1290 4028; x_wconf 83' lang='lat' dir='ltr'><strong>SCOTUS.</strong></span> 
     </span>
    </p>
   </div>
   <div class='ocr_carea' id='block_1_61' title="bbox 261 4062 1847 4135">
    <p class='ocr_par' dir='ltr' id='par_1_61' title="bbox 261 4062 1847 4135">
     <span class='ocr_line' id='line_1_61' title="bbox 261 4062 1847 4135; baseline -0.003 -15"><span class='ocrx_word' id='word_1_434' title='bbox 261 4066 436 4135; x_wconf 91' lang='lat' dir='ltr'><strong>(Cap.</strong></span> <span class='ocrx_word' id='word_1_435' title='bbox 472 4064 558 4130; x_wconf 72' lang='lat'><strong>£6,</strong></span> <span class='ocrx_word' id='word_1_436' title='bbox 591 4077 762 4118; x_wconf 92' lang='lat' dir='ltr'><strong>num.</strong></span> <span class='ocrx_word' id='word_1_437' title='bbox 798 4065 884 4128; x_wconf 75' lang='lat' dir='ltr'><strong>t0,</strong></span> <span class='ocrx_word' id='word_1_438' title='bbox 931 4067 1073 4117; x_wconf 89' lang='lat' dir='ltr'><strong>sect.</strong></span> <span class='ocrx_word' id='word_1_439' title='bbox 1137 4063 1213 4132; x_wconf 90' lang='lat'><strong>3).</strong></span> <span class='ocrx_word' id='word_1_440' title='bbox 1250 4067 1288 4114; x_wconf 90' lang='grc' dir='ltr'>Θ</span> <span class='ocrx_word' id='word_1_441' title='bbox 1322 4062 1472 4118; x_wconf 90' lang='lat' dir='ltr'><strong>Cum</strong></span> <span class='ocrx_word' id='word_1_442' title='bbox 1504 4063 1710 4133; x_wconf 84' lang='lat' dir='ltr'><strong>itaque</strong></span> <span class='ocrx_word' id='word_1_443' title='bbox 1756 4077 1847 4116; x_wconf 89' lang='lat' dir='ltr'><strong>om</strong></span> 
     </span>
    </p>
   </div>
   <div class='ocr_carea' id='block_1_62' title="bbox 195 4150 1873 4220">
    <p class='ocr_par' dir='ltr' id='par_1_62' title="bbox 195 4150 1873 4220">
     <span class='ocr_line' id='line_1_62' title="bbox 195 4150 1873 4220; baseline -0.001 -12"><span class='ocrx_word' id='word_1_444' title='bbox 195 4153 365 4210; x_wconf 88' lang='lat' dir='ltr'><strong>nium</strong></span> <span class='ocrx_word' id='word_1_445' title='bbox 401 4152 708 4208; x_wconf 82' lang='lat' dir='ltr'><strong>hominum</strong></span> <span class='ocrx_word' id='word_1_446' title='bbox 734 4151 1078 4207; x_wconf 82' lang='lat' dir='ltr'><strong>universam</strong></span> <span class='ocrx_word' id='word_1_447' title='bbox 1111 4156 1396 4206; x_wconf 88' lang='lat' dir='ltr'><strong>naturam</strong></span> <span class='ocrx_word' id='word_1_448' title='bbox 1450 4151 1515 4205; x_wconf 88' lang='lat' dir='ltr'><strong>in</strong></span> <span class='ocrx_word' id='word_1_449' title='bbox 1540 4151 1739 4220; x_wconf 87' lang='lat' dir='ltr'><strong>primo</strong></span> <span class='ocrx_word' id='word_1_450' title='bbox 1771 4150 1873 4206; x_wconf 83' lang='lat' dir='ltr'><strong>ho-</strong></span> 
     </span>
    </p>
   </div>
   <div class='ocr_carea' id='block_1_63' title="bbox 203 4241 1874 4312">
    <p class='ocr_par' dir='ltr' id='par_1_63' title="bbox 203 4241 1874 4312">
     <span class='ocr_line' id='line_1_63' title="bbox 203 4241 1874 4312; baseline -0.002 -14"><span class='ocrx_word' id='word_1_451' title='bbox 203 4243 366 4298; x_wconf 91' lang='lat' dir='ltr'><strong>mine</strong></span> <span class='ocrx_word' id='word_1_452' title='bbox 392 4243 551 4298; x_wconf 83' lang='lat' dir='ltr'><strong>Deus</strong></span> <span class='ocrx_word' id='word_1_453' title='bbox 581 4241 940 4308; x_wconf 84' lang='lat' dir='ltr'><strong>condiderit,</strong></span> <span class='ocrx_word' id='word_1_454' title='bbox 993 4241 1154 4312; x_wconf 91' lang='lat' dir='ltr'><strong>quod</strong></span> <span class='ocrx_word' id='word_1_455' title='bbox 1205 4241 1268 4296; x_wconf 88' lang='lat' dir='ltr'><strong>in</strong></span> <span class='ocrx_word' id='word_1_456' title='bbox 1316 4242 1450 4309; x_wconf 79' lang='lat' dir='ltr'><strong>ipsa</strong></span> <span class='ocrx_word' id='word_1_457' title='bbox 1500 4242 1874 4297; x_wconf 79' lang='lat' dir='ltr'><strong>naturaliter</strong></span> 
     </span>
    </p>
   </div>
   <div class='ocr_carea' id='block_1_64' title="bbox 198 4329 1870 4399">
    <p class='ocr_par' dir='ltr' id='par_1_64' title="bbox 198 4329 1870 4399">
     <span class='ocr_line' id='line_1_64' title="bbox 198 4329 1870 4399; baseline 0 -13"><span class='ocrx_word' id='word_1_458' title='bbox 198 4337 474 4388; x_wconf 85' lang='lat' dir='ltr'><strong>creatum</strong></span> <span class='ocrx_word' id='word_1_459' title='bbox 498 4337 582 4388; x_wconf 92' lang='lat' dir='ltr'><strong>est</strong></span> <span class='ocrx_word' id='word_1_460' title='bbox 607 4331 784 4388; x_wconf 85' lang='lat' dir='ltr'><strong>nullo</strong></span> <span class='ocrx_word' id='word_1_461' title='bbox 807 4329 980 4386; x_wconf 87' lang='lat' dir='ltr'><strong>modo</strong></span> <span class='ocrx_word' id='word_1_462' title='bbox 1029 4331 1224 4398; x_wconf 86' lang='lat' dir='ltr'><strong>potuit</strong></span> <span class='ocrx_word' id='word_1_463' title='bbox 1283 4330 1627 4386; x_wconf 82' lang='lat' dir='ltr'><strong>naturalem</strong></span> <span class='ocrx_word' id='word_1_464' title='bbox 1685 4331 1870 4399; x_wconf 88' lang='lat' dir='ltr'><strong>legem</strong></span> 
     </span>
    </p>
   </div>
   <div class='ocr_carea' id='block_1_65' title="bbox 196 4419 1870 4490">
    <p class='ocr_par' dir='ltr' id='par_1_65' title="bbox 196 4419 1870 4490">
     <span class='ocr_line' id='line_1_65' title="bbox 196 4419 1870 4490; baseline -0.002 -12"><span class='ocrx_word' id='word_1_465' title='bbox 196 4421 507 4478; x_wconf 85' lang='lat' dir='ltr'><strong>Creatoris</strong></span> <span class='ocrx_word' id='word_1_466' title='bbox 566 4420 870 4477; x_wconf 86' lang='lat' dir='ltr'><strong>transire:</strong></span> <span class='ocrx_word' id='word_1_467' title='bbox 919 4435 1040 4475; x_wconf 85' lang='lat' dir='ltr'><strong>non</strong></span> <span class='ocrx_word' id='word_1_468' title='bbox 1091 4420 1282 4490; x_wconf 85' lang='lat' dir='ltr'><strong>igitur</strong></span> <span class='ocrx_word' id='word_1_469' title='bbox 1327 4420 1392 4476; x_wconf 89' lang='lat' dir='ltr'><strong>in</strong></span> <span class='ocrx_word' id='word_1_470' title='bbox 1447 4419 1558 4475; x_wconf 81' lang='lat' dir='ltr'><strong>illo</strong></span> <span class='ocrx_word' id='word_1_471' title='bbox 1603 4420 1870 4488; x_wconf 80' lang='lat' dir='ltr'><strong>peccavit</strong></span> 
     </span>
    </p>
   </div>
   <div class='ocr_carea' id='block_1_66' title="bbox 195 4511 1045 4583">
    <p class='ocr_par' dir='ltr' id='par_1_66' title="bbox 195 4511 1045 4583">
     <span class='ocr_line' id='line_1_66' title="bbox 195 4511 1045 4583; baseline -0.004 -15"><span class='ocrx_word' id='word_1_472' title='bbox 195 4511 356 4583; x_wconf 85' lang='lat' dir='ltr'><strong>quod</strong></span> <span class='ocrx_word' id='word_1_473' title='bbox 386 4511 452 4567; x_wconf 89' lang='lat' dir='ltr'><strong>in</strong></span> <span class='ocrx_word' id='word_1_474' title='bbox 481 4511 590 4568; x_wconf 90' lang='lat' dir='ltr'><strong>illo</strong></span> <span class='ocrx_word' id='word_1_475' title='bbox 613 4511 773 4568; x_wconf 81' lang='lat' dir='ltr'><strong>Deus</strong></span> <span class='ocrx_word' id='word_1_476' title='bbox 799 4511 1045 4567; x_wconf 87' lang='lat' dir='ltr'><strong>creavit.</strong></span> 
     </span>
    </p>
   </div>
   <div class='ocr_carea' id='block_1_67' title="bbox 880 4613 1189 4655">
    <p class='ocr_par' dir='ltr' id='par_1_67' title="bbox 880 4613 1189 4655">
     <span class='ocr_line' id='line_1_67' title="bbox 880 4613 1189 4655; baseline 0.003 -1"><span class='ocrx_word' id='word_1_477' title='bbox 880 4613 1189 4655; x_wconf 78' lang='lat' dir='ltr'><strong>CORRECTIO</strong></span> 
     </span>
    </p>
   </div>
   <div class='ocr_carea' id='block_1_68' title="bbox 265 4687 1862 4763">
    <p class='ocr_par' dir='ltr' id='par_1_68' title="bbox 265 4687 1862 4763">
     <span class='ocr_line' id='line_1_68' title="bbox 265 4687 1862 4763; baseline -0.003 -17"><span class='ocrx_word' id='word_1_478' title='bbox 265 4690 303 4757; x_wconf 64' lang='grc' dir='ltr'>τ</span> <span class='ocrx_word' id='word_1_479' title='bbox 322 4689 606 4746; x_wconf 85' lang='lat' dir='ltr'><strong>Animam</strong></span> <span class='ocrx_word' id='word_1_480' title='bbox 627 4693 685 4747; x_wconf 90' lang='lat' dir='ltr'><strong>et</strong></span> <span class='ocrx_word' id='word_1_481' title='bbox 703 4704 924 4763; x_wconf 90' lang='lat' dir='ltr'><strong>corpus</strong></span> <span class='ocrx_word' id='word_1_482' title='bbox 944 4688 1208 4746; x_wconf 91' lang='lat' dir='ltr'><strong>hominis</strong></span> <span class='ocrx_word' id='word_1_483' title='bbox 1250 4690 1405 4744; x_wconf 91' lang='lat' dir='ltr'><strong>Deus</strong></span> <span class='ocrx_word' id='word_1_484' title='bbox 1446 4687 1684 4756; x_wconf 90' lang='lat' dir='ltr'><strong>creavit,</strong></span> <span class='ocrx_word' id='word_1_485' title='bbox 1725 4703 1862 4761; x_wconf 79' lang='lat' dir='ltr'><strong>quae</strong></span> 
     </span>
    </p>
   </div>
   <div class='ocr_carea' id='block_1_69' title="bbox 199 4777 1870 4853">
    <p class='ocr_par' dir='ltr' id='par_1_69' title="bbox 199 4777 1870 4853">
     <span class='ocr_line' id='line_1_69' title="bbox 199 4777 1870 4853; baseline -0.002 -17"><span class='ocrx_word' id='word_1_486' title='bbox 199 4779 422 4853; x_wconf 91' lang='lat' dir='ltr'><strong>pariter</strong></span> <span class='ocrx_word' id='word_1_487' title='bbox 440 4783 870 4853; x_wconf 87' lang='lat' dir='ltr'><strong>peccaverunt,</strong></span> <span class='ocrx_word' id='word_1_488' title='bbox 895 4779 1102 4836; x_wconf 89' lang='lat' dir='ltr'><strong>anima</strong></span> <span class='ocrx_word' id='word_1_489' title='bbox 1120 4777 1382 4835; x_wconf 90' lang='lat' dir='ltr'><strong>volendo</strong></span> <span class='ocrx_word' id='word_1_490' title='bbox 1413 4782 1470 4833; x_wconf 92' lang='lat' dir='ltr'><strong>et</strong></span> <span class='ocrx_word' id='word_1_491' title='bbox 1490 4793 1744 4850; x_wconf 91' lang='lat' dir='ltr'><strong>pomum</strong></span> <span class='ocrx_word' id='word_1_492' title='bbox 1781 4777 1870 4833; x_wconf 92' lang='lat' dir='ltr'><strong>in-</strong></span> 
     </span>
    </p>
   </div>
   <div class='ocr_carea' id='block_1_70' title="bbox 200 4866 1869 4941">
    <p class='ocr_par' dir='ltr' id='par_1_70' title="bbox 200 4866 1869 4941">
     <span class='ocr_line' id='line_1_70' title="bbox 200 4866 1869 4941; baseline -0.001 -17"><span class='ocrx_word' id='word_1_493' title='bbox 200 4867 466 4925; x_wconf 68' lang='lat' dir='ltr'><strong>terdictae</strong></span> <span class='ocrx_word' id='word_1_494' title='bbox 486 4867 720 4926; x_wconf 90' lang='lat' dir='ltr'><strong>arboris</strong></span> <span class='ocrx_word' id='word_1_495' title='bbox 742 4867 1252 4941; x_wconf 89' lang='lat' dir='ltr'><strong>concupiscendo,</strong></span> <span class='ocrx_word' id='word_1_496' title='bbox 1298 4871 1358 4924; x_wconf 91' lang='lat' dir='ltr'><strong>et</strong></span> <span class='ocrx_word' id='word_1_497' title='bbox 1395 4883 1616 4939; x_wconf 91' lang='lat' dir='ltr'><strong>corpus</strong></span> <span class='ocrx_word' id='word_1_498' title='bbox 1665 4866 1869 4923; x_wconf 82' lang='lat' dir='ltr'><strong>inobe—</strong></span> 
     </span>
    </p>
   </div>
   <div class='ocr_carea' id='block_1_71' title="bbox 199 4955 1870 5030">
    <p class='ocr_par' dir='ltr' id='par_1_71' title="bbox 199 4955 1870 5030">
     <span class='ocr_line' id='line_1_71' title="bbox 199 4955 1870 5030; baseline -0.002 -16"><span class='ocrx_word' id='word_1_499' title='bbox 199 4957 571 5015; x_wconf 88' lang='lat' dir='ltr'><strong>dientissime</strong></span> <span class='ocrx_word' id='word_1_500' title='bbox 589 4957 986 5025; x_wconf 88' lang='lat' dir='ltr'><strong>comedendo;</strong></span> <span class='ocrx_word' id='word_1_501' title='bbox 1011 4973 1148 5030; x_wconf 74' lang='lat' dir='ltr'><strong>quae</strong></span> <span class='ocrx_word' id='word_1_502' title='bbox 1170 4956 1320 5012; x_wconf 90' lang='lat' dir='ltr'><strong>sicut</strong></span> <span class='ocrx_word' id='word_1_503' title='bbox 1339 4961 1594 5029; x_wconf 90' lang='lat' dir='ltr'><strong>utraque</strong></span> <span class='ocrx_word' id='word_1_504' title='bbox 1618 4957 1771 5012; x_wconf 92' lang='lat' dir='ltr'><strong>Deus</strong></span> <span class='ocrx_word' id='word_1_505' title='bbox 1794 4955 1870 5011; x_wconf 84' lang='lat' dir='ltr'><strong>fe-</strong></span> 
     </span>
    </p>
   </div>
   <div class='ocr_carea' id='block_1_72' title="bbox 203 5046 1868 5121">
    <p class='ocr_par' dir='ltr' id='par_1_72' title="bbox 203 5046 1868 5121">
     <span class='ocr_line' id='line_1_72' title="bbox 203 5046 1868 5121; baseline -0.001 -18"><span class='ocrx_word' id='word_1_506' title='bbox 203 5047 298 5117; x_wconf 89' lang='lat' dir='ltr'><strong>cit,</strong></span> <span class='ocrx_word' id='word_1_507' title='bbox 319 5048 404 5105; x_wconf 88' lang='lat' dir='ltr'><strong>ita</strong></span> <span class='ocrx_word' id='word_1_508' title='bbox 423 5051 682 5121; x_wconf 89' lang='lat' dir='ltr'><strong>utraque</strong></span> <span class='ocrx_word' id='word_1_509' title='bbox 705 5050 1129 5121; x_wconf 91' lang='lat' dir='ltr'><strong>peccaverunt,</strong></span> <span class='ocrx_word' id='word_1_510' title='bbox 1154 5046 1394 5102; x_wconf 88' lang='lat' dir='ltr'><strong>animus</strong></span> <span class='ocrx_word' id='word_1_511' title='bbox 1413 5046 1644 5116; x_wconf 87' lang='lat' dir='ltr'><strong>volens,</strong></span> <span class='ocrx_word' id='word_1_512' title='bbox 1668 5051 1724 5101; x_wconf 91' lang='lat' dir='ltr'><strong>et</strong></span> <span class='ocrx_word' id='word_1_513' title='bbox 1744 5061 1868 5101; x_wconf 89' lang='lat' dir='ltr'><strong>cor-</strong></span> 
     </span>
    </p>
   </div>
   <div class='ocr_carea' id='block_1_73' title="bbox 203 5133 1868 5209">
    <p class='ocr_par' dir='ltr' id='par_1_73' title="bbox 203 5133 1868 5209">
     <span class='ocr_line' id='line_1_73' title="bbox 203 5133 1868 5209; baseline -0.001 -17"><span class='ocrx_word' id='word_1_514' title='bbox 203 5151 320 5209; x_wconf 92' lang='lat' dir='ltr'><strong>pus</strong></span> <span class='ocrx_word' id='word_1_515' title='bbox 340 5137 721 5209; x_wconf 89' lang='lat' dir='ltr'><strong>iniquissime</strong></span> <span class='ocrx_word' id='word_1_516' title='bbox 770 5137 1136 5209; x_wconf 90' lang='lat' dir='ltr'><strong>obsequens,</strong></span> <span class='ocrx_word' id='word_1_517' title='bbox 1177 5135 1324 5208; x_wconf 88' lang='lat' dir='ltr'><strong>quia</strong></span> <span class='ocrx_word' id='word_1_518' title='bbox 1363 5133 1516 5189; x_wconf 88' lang='lat' dir='ltr'><strong>sicut</strong></span> <span class='ocrx_word' id='word_1_519' title='bbox 1553 5139 1642 5189; x_wconf 93' lang='lat' dir='ltr'><strong>est</strong></span> <span class='ocrx_word' id='word_1_520' title='bbox 1679 5133 1868 5190; x_wconf 87' lang='lat' dir='ltr'><strong>animi</strong></span> 
     </span>
    </p>
   </div>
   <div class='ocr_carea' id='block_1_74' title="bbox 202 5221 1866 5299">
    <p class='ocr_par' dir='ltr' id='par_1_74' title="bbox 202 5221 1866 5299">
     <span class='ocr_line' id='line_1_74' title="bbox 202 5221 1866 5299; baseline -0.001 -19"><span class='ocrx_word' id='word_1_521' title='bbox 202 5225 354 5283; x_wconf 90' lang='lat' dir='ltr'><strong>velle</strong></span> <span class='ocrx_word' id='word_1_522' title='bbox 374 5225 458 5282; x_wconf 81' lang='lat' dir='ltr'><strong>ita.</strong></span> <span class='ocrx_word' id='word_1_523' title='bbox 474 5230 570 5282; x_wconf 83' lang='lat' dir='ltr'><strong>est</strong></span> <span class='ocrx_word' id='word_1_524' title='bbox 583 5225 856 5299; x_wconf 89' lang='lat' dir='ltr'><strong>corporis</strong></span> <span class='ocrx_word' id='word_1_525' title='bbox 879 5223 1137 5298; x_wconf 87' lang='lat' dir='ltr'><strong>operari.</strong></span> <span class='ocrx_word' id='word_1_526' title='bbox 1165 5223 1223 5280; x_wconf 91' lang='lat' dir='ltr'><strong>Si</strong></span> <span class='ocrx_word' id='word_1_527' title='bbox 1244 5222 1406 5280; x_wconf 91' lang='lat' dir='ltr'><strong>enim</strong></span> <span class='ocrx_word' id='word_1_528' title='bbox 1426 5221 1709 5278; x_wconf 89' lang='lat' dir='ltr'><strong>voluntas</strong></span> <span class='ocrx_word' id='word_1_529' title='bbox 1729 5239 1866 5295; x_wconf 88' lang='lat' dir='ltr'><strong>per-</strong></span> 
     </span>
    </p>
   </div>
   <div class='ocr_carea' id='block_1_75' title="bbox 205 5313 1865 5384">
    <p class='ocr_par' dir='ltr' id='par_1_75' title="bbox 205 5313 1865 5384">
     <span class='ocr_line' id='line_1_75' title="bbox 205 5313 1865 5384; baseline -0.001 -15"><span class='ocrx_word' id='word_1_530' title='bbox 205 5319 554 5373; x_wconf 88' lang='lat' dir='ltr'><strong>severatura</strong></span> <span class='ocrx_word' id='word_1_531' title='bbox 571 5331 697 5372; x_wconf 91' lang='lat' dir='ltr'><strong>non</strong></span> <span class='ocrx_word' id='word_1_532' title='bbox 719 5319 828 5381; x_wconf 89' lang='lat' dir='ltr'><strong>est,</strong></span> <span class='ocrx_word' id='word_1_533' title='bbox 849 5330 1092 5372; x_wconf 91' lang='lat' dir='ltr'><strong>necesse</strong></span> <span class='ocrx_word' id='word_1_534' title='bbox 1116 5318 1205 5370; x_wconf 89' lang='lat' dir='ltr'><strong>est</strong></span> <span class='ocrx_word' id='word_1_535' title='bbox 1226 5313 1482 5384; x_wconf 90' lang='lat' dir='ltr'><strong>alicujus</strong></span> <span class='ocrx_word' id='word_1_536' title='bbox 1505 5317 1738 5368; x_wconf 82' lang='lat' dir='ltr'><strong>naturae</strong></span> <span class='ocrx_word' id='word_1_537' title='bbox 1759 5329 1865 5368; x_wconf 85' lang='lat' dir='ltr'><strong>vo-</strong></span> 
     </span>
    </p>
   </div>
   <div class='ocr_carea' id='block_1_76' title="bbox 205 5401 1868 5477">
    <p class='ocr_par' dir='ltr' id='par_1_76' title="bbox 205 5401 1868 5477">
     <span class='ocr_line' id='line_1_76' title="bbox 205 5401 1868 5477; baseline -0.001 -18"><span class='ocrx_word' id='word_1_538' title='bbox 205 5402 407 5461; x_wconf 89' lang='lat' dir='ltr'><strong>luntas</strong></span> <span class='ocrx_word' id='word_1_539' title='bbox 429 5405 521 5462; x_wconf 88' lang='lat' dir='ltr'><strong>sit.</strong></span> <span class='ocrx_word' id='word_1_540' title='bbox 548 5408 648 5463; x_wconf 86' lang='lat' dir='ltr'><strong>Est</strong></span> <span class='ocrx_word' id='word_1_541' title='bbox 663 5405 845 5477; x_wconf 90' lang='lat' dir='ltr'><strong>igitur</strong></span> <span class='ocrx_word' id='word_1_542' title='bbox 866 5405 1054 5462; x_wconf 91' lang='lat' dir='ltr'><strong>animi</strong></span> <span class='ocrx_word' id='word_1_543' title='bbox 1073 5403 1244 5472; x_wconf 91' lang='lat' dir='ltr'><strong>velle,</strong></span> <span class='ocrx_word' id='word_1_544' title='bbox 1267 5407 1325 5460; x_wconf 93' lang='lat' dir='ltr'><strong>et</strong></span> <span class='ocrx_word' id='word_1_545' title='bbox 1342 5402 1670 5470; x_wconf 90' lang='lat' dir='ltr'><strong>voluntate,</strong></span> <span class='ocrx_word' id='word_1_546' title='bbox 1697 5401 1757 5458; x_wconf 92' lang='lat' dir='ltr'><strong>id</strong></span> <span class='ocrx_word' id='word_1_547' title='bbox 1779 5407 1868 5458; x_wconf 87' lang='lat' dir='ltr'><strong>est</strong></span> 
     </span>
    </p>
   </div>
   <div class='ocr_carea' id='block_1_77' title="bbox 208 5491 1866 5567">
    <p class='ocr_par' dir='ltr' id='par_1_77' title="bbox 208 5491 1866 5567">
     <span class='ocr_line' id='line_1_77' title="bbox 208 5491 1866 5567; baseline -0.001 -18"><span class='ocrx_word' id='word_1_548' title='bbox 208 5498 378 5550; x_wconf 91' lang='lat' dir='ltr'><strong>motu</strong></span> <span class='ocrx_word' id='word_1_549' title='bbox 398 5510 535 5563; x_wconf 91' lang='lat' dir='ltr'><strong>suo,</strong></span> <span class='ocrx_word' id='word_1_550' title='bbox 556 5494 649 5551; x_wconf 89' lang='lat' dir='ltr'><strong>vel</strong></span> <span class='ocrx_word' id='word_1_551' title='bbox 669 5510 752 5567; x_wconf 61' lang='lat' dir='ltr'><strong>se,</strong></span> <span class='ocrx_word' id='word_1_552' title='bbox 777 5494 873 5551; x_wconf 91' lang='lat' dir='ltr'><strong>vel</strong></span> <span class='ocrx_word' id='word_1_553' title='bbox 895 5510 1118 5567; x_wconf 90' lang='lat' dir='ltr'><strong>corpus</strong></span> <span class='ocrx_word' id='word_1_554' title='bbox 1141 5510 1324 5550; x_wconf 90' lang='lat' dir='ltr'><strong>suum</strong></span> <span class='ocrx_word' id='word_1_555' title='bbox 1345 5492 1426 5550; x_wconf 91' lang='lat' dir='ltr'><strong>ad</strong></span> <span class='ocrx_word' id='word_1_556' title='bbox 1461 5492 1593 5548; x_wconf 82' lang='lat' dir='ltr'><strong>haec</strong></span> <span class='ocrx_word' id='word_1_557' title='bbox 1630 5491 1726 5548; x_wconf 86' lang='lat' dir='ltr'><strong>vel</strong></span> <span class='ocrx_word' id='word_1_558' title='bbox 1761 5491 1866 5548; x_wconf 76' lang='lat' dir='ltr'><strong>illa</strong></span> 
     </span>
    </p>
   </div>
   <div class='ocr_carea' id='block_1_78' title="bbox 207 5580 1864 5658">
    <p class='ocr_par' dir='ltr' id='par_1_78' title="bbox 207 5580 1864 5658">
     <span class='ocr_line' id='line_1_78' title="bbox 207 5580 1864 5658; baseline 0 -20"><span class='ocrx_word' id='word_1_559' title='bbox 207 5598 468 5641; x_wconf 90' lang='lat' dir='ltr'><strong>movere:</strong></span> <span class='ocrx_word' id='word_1_560' title='bbox 491 5600 616 5658; x_wconf 90' lang='lat' dir='ltr'><strong>quo</strong></span> <span class='ocrx_word' id='word_1_561' title='bbox 636 5583 952 5641; x_wconf 90' lang='lat' dir='ltr'><strong>conﬁcitur</strong></span> <span class='ocrx_word' id='word_1_562' title='bbox 970 5587 1038 5640; x_wconf 91' lang='lat' dir='ltr'><strong>ut</strong></span> <span class='ocrx_word' id='word_1_563' title='bbox 1055 5583 1185 5655; x_wconf 88' lang='lat' dir='ltr'><strong>ejus</strong></span> <span class='ocrx_word' id='word_1_564' title='bbox 1205 5583 1278 5640; x_wconf 90' lang='lat' dir='ltr'><strong>sit</strong></span> <span class='ocrx_word' id='word_1_565' title='bbox 1297 5598 1543 5656; x_wconf 91' lang='lat' dir='ltr'><strong>pecasse</strong></span> <span class='ocrx_word' id='word_1_566' title='bbox 1565 5582 1738 5654; x_wconf 92' lang='lat' dir='ltr'><strong>cujus</strong></span> <span class='ocrx_word' id='word_1_567' title='bbox 1757 5580 1864 5638; x_wconf 86' lang='lat' dir='ltr'><strong>fuit</strong></span> 
     </span>
    </p>
   </div>
   <div class='ocr_carea' id='block_1_79' title="bbox 211 5671 1865 5747">
    <p class='ocr_par' dir='ltr' id='par_1_79' title="bbox 211 5671 1865 5747">
     <span class='ocr_line' id='line_1_79' title="bbox 211 5671 1865 5747; baseline 0 -20"><span class='ocrx_word' id='word_1_568' title='bbox 211 5676 268 5728; x_wconf 91' lang='lat' dir='ltr'><strong>et</strong></span> <span class='ocrx_word' id='word_1_569' title='bbox 283 5672 457 5730; x_wconf 91' lang='lat' dir='ltr'><strong>velle.</strong></span> <span class='ocrx_word' id='word_1_570' title='bbox 480 5677 804 5747; x_wconf 84' lang='lat' dir='ltr'><strong>Nunquam</strong></span> <span class='ocrx_word' id='word_1_571' title='bbox 826 5673 985 5730; x_wconf 89' lang='lat' dir='ltr'><strong>enim</strong></span> <span class='ocrx_word' id='word_1_572' title='bbox 1006 5673 1290 5732; x_wconf 89' lang='lat' dir='ltr'><strong>voluntas</strong></span> <span class='ocrx_word' id='word_1_573' title='bbox 1311 5671 1427 5729; x_wconf 91' lang='lat' dir='ltr'><strong>nisi</strong></span> <span class='ocrx_word' id='word_1_574' title='bbox 1448 5672 1509 5727; x_wconf 88' lang='lat' dir='ltr'><strong>in</strong></span> <span class='ocrx_word' id='word_1_575' title='bbox 1546 5676 1764 5726; x_wconf 89' lang='lat' dir='ltr'><strong>natura</strong></span> <span class='ocrx_word' id='word_1_576' title='bbox 1808 5674 1865 5727; x_wconf 90' lang='lat' dir='ltr'><strong>et</strong></span> 
     </span>
    </p>
   </div>
   <div class='ocr_carea' id='block_1_80' title="bbox 1983 1922 3645 1998">
    <p class='ocr_par' dir='ltr' id='par_1_80' title="bbox 1983 1922 3645 1998">
     <span class='ocr_line' id='line_1_80' title="bbox 1983 1922 3645 1998; baseline 0.01 -27"><span class='ocrx_word' id='word_1_577' title='bbox 1983 1934 2103 1990; x_wconf 88' lang='lat' dir='ltr'><strong>que</strong></span> <span class='ocrx_word' id='word_1_578' title='bbox 2129 1934 2328 1991; x_wconf 86' lang='lat' dir='ltr'><strong>suam,</strong></span> <span class='ocrx_word' id='word_1_579' title='bbox 2350 1936 2536 1992; x_wconf 90' lang='lat' dir='ltr'><strong>quam</strong></span> <span class='ocrx_word' id='word_1_580' title='bbox 2576 1922 2890 1994; x_wconf 90' lang='lat' dir='ltr'><strong>peccando</strong></span> <span class='ocrx_word' id='word_1_581' title='bbox 2915 1924 2978 1979; x_wconf 89' lang='lat' dir='ltr'><strong>in</strong></span> <span class='ocrx_word' id='word_1_582' title='bbox 3010 1940 3074 1980; x_wconf 86' lang='lat' dir='ltr'><strong>se</strong></span> <span class='ocrx_word' id='word_1_583' title='bbox 3101 1930 3398 1998; x_wconf 86' lang='lat' dir='ltr'><strong>tanquam</strong></span> <span class='ocrx_word' id='word_1_584' title='bbox 3445 1929 3510 1984; x_wconf 92' lang='lat' dir='ltr'><strong>in</strong></span> <span class='ocrx_word' id='word_1_585' title='bbox 3552 1946 3645 1987; x_wconf 87' lang='lat' dir='ltr'><strong>ra-</strong></span> 
     </span>
    </p>
   </div>
   <div class='ocr_carea' id='block_1_81' title="bbox 1984 2007 3642 2081">
    <p class='ocr_par' dir='ltr' id='par_1_81' title="bbox 1984 2007 3642 2081">
     <span class='ocr_line' id='line_1_81' title="bbox 1984 2007 3642 2081; baseline 0.008 -20"><span class='ocrx_word' id='word_1_586' title='bbox 1984 2007 2115 2062; x_wconf 89' lang='lat' dir='ltr'><strong>dice</strong></span> <span class='ocrx_word' id='word_1_587' title='bbox 2146 2007 2468 2076; x_wconf 84' lang='lat' dir='ltr'><strong>vitiaverat,</strong></span> <span class='ocrx_word' id='word_1_588' title='bbox 2502 2025 2685 2081; x_wconf 66' lang='lat' dir='ltr'><strong>paana</strong></span> <span class='ocrx_word' id='word_1_589' title='bbox 2729 2012 2937 2068; x_wconf 90' lang='lat' dir='ltr'><strong>mortis</strong></span> <span class='ocrx_word' id='word_1_590' title='bbox 2967 2017 3025 2069; x_wconf 91' lang='lat' dir='ltr'><strong>et</strong></span> <span class='ocrx_word' id='word_1_591' title='bbox 3057 2013 3469 2073; x_wconf 89' lang='lat' dir='ltr'><strong>damnationis</strong></span> <span class='ocrx_word' id='word_1_592' title='bbox 3501 2018 3642 2074; x_wconf 84' lang='lat' dir='ltr'><strong>obs-</strong></span> 
     </span>
    </p>
   </div>
   <div class='ocr_carea' id='block_1_82' title="bbox 1985 2095 3645 2172">
    <p class='ocr_par' dir='ltr' id='par_1_82' title="bbox 1985 2095 3645 2172">
     <span class='ocr_line' id='line_1_82' title="bbox 1985 2095 3645 2172; baseline 0.008 -22"><span class='ocrx_word' id='word_1_593' title='bbox 1985 2095 2204 2162; x_wconf 86' lang='lat' dir='ltr'><strong>trinxit,</strong></span> <span class='ocrx_word' id='word_1_594' title='bbox 2235 2101 2297 2152; x_wconf 92' lang='lat' dir='ltr'><strong>ut</strong></span> <span class='ocrx_word' id='word_1_595' title='bbox 2323 2097 2620 2170; x_wconf 91' lang='lat' dir='ltr'><strong>quidquid</strong></span> <span class='ocrx_word' id='word_1_596' title='bbox 2649 2099 2833 2172; x_wconf 88' lang='lat' dir='ltr'><strong>prolis</strong></span> <span class='ocrx_word' id='word_1_597' title='bbox 2865 2116 2939 2157; x_wconf 87' lang='lat' dir='ltr'><strong>ex</strong></span> <span class='ocrx_word' id='word_1_598' title='bbox 2967 2101 3087 2168; x_wconf 90' lang='lat' dir='ltr'><strong>illo,</strong></span> <span class='ocrx_word' id='word_1_599' title='bbox 3117 2109 3175 2159; x_wconf 91' lang='lat' dir='ltr'><strong>et</strong></span> <span class='ocrx_word' id='word_1_600' title='bbox 3198 2104 3378 2160; x_wconf 90' lang='lat' dir='ltr'><strong>simul</strong></span> <span class='ocrx_word' id='word_1_601' title='bbox 3391 2105 3645 2164; x_wconf 78' lang='lat' dir='ltr'><strong>damna-</strong></span> 
     </span>
    </p>
   </div>
   <div class='ocr_carea' id='block_1_83' title="bbox 1985 2187 3641 2264">
    <p class='ocr_par' dir='ltr' id='par_1_83' title="bbox 1985 2187 3641 2264">
     <span class='ocr_line' id='line_1_83' title="bbox 1985 2187 3641 2264; baseline 0.008 -27"><span class='ocrx_word' id='word_1_602' title='bbox 1985 2187 2066 2250; x_wconf 89' lang='lat' dir='ltr'><strong>ta,</strong></span> <span class='ocrx_word' id='word_1_603' title='bbox 2107 2199 2216 2256; x_wconf 90' lang='lat' dir='ltr'><strong>per</strong></span> <span class='ocrx_word' id='word_1_604' title='bbox 2239 2201 2428 2256; x_wconf 92' lang='lat' dir='ltr'><strong>quam</strong></span> <span class='ocrx_word' id='word_1_605' title='bbox 2460 2193 2836 2258; x_wconf 86' lang='lat' dir='ltr'><strong>peccaverat,</strong></span> <span class='ocrx_word' id='word_1_606' title='bbox 2868 2189 3146 2260; x_wconf 88' lang='lat' dir='ltr'><strong>conjuge,</strong></span> <span class='ocrx_word' id='word_1_607' title='bbox 3197 2207 3306 2264; x_wconf 92' lang='lat' dir='ltr'><strong>per</strong></span> <span class='ocrx_word' id='word_1_608' title='bbox 3332 2193 3641 2251; x_wconf 86' lang='lat' dir='ltr'><strong>carnalem</strong></span> 
     </span>
    </p>
   </div>
   <div class='ocr_carea' id='block_1_84' title="bbox 1985 2272 3642 2354">
    <p class='ocr_par' dir='ltr' id='par_1_84' title="bbox 1985 2272 3642 2354">
     <span class='ocr_line' id='line_1_84' title="bbox 1985 2272 3642 2354; baseline 0.008 -28"><span class='ocrx_word' id='word_1_609' title='bbox 1985 2272 2558 2345; x_wconf 86' lang='lat' dir='ltr'><strong>concupiscentiam,</strong></span> <span class='ocrx_word' id='word_1_610' title='bbox 2609 2275 2671 2330; x_wconf 90' lang='lat' dir='ltr'><strong>in</strong></span> <span class='ocrx_word' id='word_1_611' title='bbox 2709 2292 2833 2348; x_wconf 90' lang='lat' dir='ltr'><strong>qua</strong></span> <span class='ocrx_word' id='word_1_612' title='bbox 2886 2277 3308 2336; x_wconf 70' lang='lat' dir='ltr'><strong>inobedientia:</strong></span> <span class='ocrx_word' id='word_1_613' title='bbox 3356 2297 3542 2354; x_wconf 64' lang='lat' dir='ltr'><strong>paena</strong></span> <span class='ocrx_word' id='word_1_614' title='bbox 3569 2282 3642 2339; x_wconf 89' lang='lat' dir='ltr'><strong>si-</strong></span> 
     </span>
    </p>
   </div>
   <div class='ocr_carea' id='block_1_85' title="bbox 1983 2361 3639 2442">
    <p class='ocr_par' dir='ltr' id='par_1_85' title="bbox 1983 2361 3639 2442">
     <span class='ocr_line' id='line_1_85' title="bbox 1983 2361 3639 2442; baseline 0.008 -27"><span class='ocrx_word' id='word_1_615' title='bbox 1983 2361 2140 2416; x_wconf 89' lang='lat' dir='ltr'><strong>milis</strong></span> <span class='ocrx_word' id='word_1_616' title='bbox 2165 2362 2455 2427; x_wconf 88' lang='lat' dir='ltr'><strong>retributa</strong></span> <span class='ocrx_word' id='word_1_617' title='bbox 2480 2369 2587 2427; x_wconf 90' lang='lat' dir='ltr'><strong>est,</strong></span> <span class='ocrx_word' id='word_1_618' title='bbox 2616 2371 2982 2434; x_wconf 88' lang='lat' dir='ltr'><strong>nasceretur,</strong></span> <span class='ocrx_word' id='word_1_619' title='bbox 3047 2369 3308 2426; x_wconf 88' lang='lat' dir='ltr'><strong>traheret</strong></span> <span class='ocrx_word' id='word_1_620' title='bbox 3349 2371 3639 2442; x_wconf 89' lang='lat' dir='ltr'><strong>originale</strong></span> 
     </span>
    </p>
   </div>
   <div class='ocr_carea' id='block_1_86' title="bbox 1981 2455 3640 2534">
    <p class='ocr_par' dir='ltr' id='par_1_86' title="bbox 1981 2455 3640 2534">
     <span class='ocr_line' id='line_1_86' title="bbox 1981 2455 3640 2534; baseline 0.007 -27"><span class='ocrx_word' id='word_1_621' title='bbox 1981 2457 2319 2524; x_wconf 77' lang='lat' dir='ltr'><strong>peccatum,</strong></span> <span class='ocrx_word' id='word_1_622' title='bbox 2346 2469 2472 2525; x_wconf 82' lang='lat' dir='ltr'><strong>quo</strong></span> <span class='ocrx_word' id='word_1_623' title='bbox 2498 2455 2852 2527; x_wconf 89' lang='lat' dir='ltr'><strong>traheretur,</strong></span> <span class='ocrx_word' id='word_1_624' title='bbox 2884 2472 2993 2529; x_wconf 90' lang='lat' dir='ltr'><strong>per</strong></span> <span class='ocrx_word' id='word_1_625' title='bbox 3015 2473 3248 2515; x_wconf 88' lang='lat' dir='ltr'><strong>errores</strong></span> <span class='ocrx_word' id='word_1_626' title='bbox 3277 2459 3640 2534; x_wconf 86' lang='lat' dir='ltr'><strong>doloresque</strong></span> 
     </span>
    </p>
   </div>
   <div class='ocr_carea' id='block_1_87' title="bbox 1981 2541 3640 2608">
    <p class='ocr_par' dir='ltr' id='par_1_87' title="bbox 1981 2541 3640 2608">
     <span class='ocr_line' id='line_1_87' title="bbox 1981 2541 3640 2608; baseline 0.007 -12"><span class='ocrx_word' id='word_1_627' title='bbox 1981 2541 2272 2608; x_wconf 88' lang='lat' dir='ltr'><strong>diversos,</strong></span> <span class='ocrx_word' id='word_1_628' title='bbox 2297 2541 2414 2598; x_wconf 71' lang='lat' dir='ltr'><strong>&#39;ad</strong></span> <span class='ocrx_word' id='word_1_629' title='bbox 2468 2543 2618 2599; x_wconf 91' lang='lat' dir='ltr'><strong>illud</strong></span> <span class='ocrx_word' id='word_1_630' title='bbox 2657 2550 2995 2602; x_wconf 90' lang='lat' dir='ltr'><strong>extremum</strong></span> <span class='ocrx_word' id='word_1_631' title='bbox 3051 2563 3193 2604; x_wconf 90' lang='lat' dir='ltr'><strong>cum</strong></span> <span class='ocrx_word' id='word_1_632' title='bbox 3234 2547 3640 2607; x_wconf 86' lang='lat' dir='ltr'><strong>desertoribus</strong></span> 
     </span>
    </p>
   </div>
   <div class='ocr_carea' id='block_1_88' title="bbox 1983 2630 3642 2707">
    <p class='ocr_par' dir='ltr' id='par_1_88' title="bbox 1983 2630 3642 2707">
     <span class='ocr_line' id='line_1_88' title="bbox 1983 2630 3642 2707; baseline 0.007 -23"><span class='ocrx_word' id='word_1_633' title='bbox 1983 2630 2234 2700; x_wconf 84' lang='lat' dir='ltr'><strong>angelis,</strong></span> <span class='ocrx_word' id='word_1_634' title='bbox 2259 2630 2656 2700; x_wconf 87' lang='lat' dir='ltr'><strong>vitiatoribus,</strong></span> <span class='ocrx_word' id='word_1_635' title='bbox 2690 2638 2748 2690; x_wconf 90' lang='lat' dir='ltr'><strong>et</strong></span> <span class='ocrx_word' id='word_1_636' title='bbox 2793 2637 3270 2707; x_wconf 89' lang='lat' dir='ltr'><strong>possessoribus,</strong></span> <span class='ocrx_word' id='word_1_637' title='bbox 3303 2642 3360 2694; x_wconf 93' lang='lat' dir='ltr'><strong>et</strong></span> <span class='ocrx_word' id='word_1_638' title='bbox 3399 2655 3642 2696; x_wconf 87' lang='lat' dir='ltr'><strong>consor-</strong></span> 
     </span>
    </p>
   </div>
   <div class='ocr_carea' id='block_1_89' title="bbox 1983 2719 3640 2798">
    <p class='ocr_par' dir='ltr' id='par_1_89' title="bbox 1983 2719 3640 2798">
     <span class='ocr_line' id='line_1_89' title="bbox 1983 2719 3640 2798; baseline 0.007 -25"><span class='ocrx_word' id='word_1_639' title='bbox 1983 2719 2142 2775; x_wconf 88' lang='lat' dir='ltr'><strong>tibus</strong></span> <span class='ocrx_word' id='word_1_640' title='bbox 2171 2720 2315 2790; x_wconf 87' lang='lat' dir='ltr'><strong>suis,</strong></span> <span class='ocrx_word' id='word_1_641' title='bbox 2346 2721 2474 2776; x_wconf 88' lang='lat' dir='ltr'><strong>sine</strong></span> <span class='ocrx_word' id='word_1_642' title='bbox 2495 2721 2616 2777; x_wconf 87' lang='lat' dir='ltr'><strong>ﬁne</strong></span> <span class='ocrx_word' id='word_1_643' title='bbox 2647 2723 3032 2796; x_wconf 88' lang='lat' dir='ltr'><strong>supplicium.</strong></span> <span class='ocrx_word' id='word_1_644' title='bbox 3079 2727 3250 2783; x_wconf 88' lang='lat' dir='ltr'><strong>Sicut</strong></span> <span class='ocrx_word' id='word_1_645' title='bbox 3293 2743 3410 2798; x_wconf 88' lang='lat' dir='ltr'><strong>per</strong></span> <span class='ocrx_word' id='word_1_646' title='bbox 3450 2744 3640 2785; x_wconf 88' lang='lat' dir='ltr'><strong>unum</strong></span> 
     </span>
    </p>
   </div>
   <div class='ocr_carea' id='block_1_90' title="bbox 1983 2809 3641 2888">
    <p class='ocr_par' dir='ltr' id='par_1_90' title="bbox 1983 2809 3641 2888">
     <span class='ocr_line' id='line_1_90' title="bbox 1983 2809 3641 2888; baseline 0.007 -23"><span class='ocrx_word' id='word_1_647' title='bbox 1983 2809 2279 2867; x_wconf 86' lang='lat' dir='ltr'><strong>hominem</strong></span> <span class='ocrx_word' id='word_1_648' title='bbox 2299 2817 2615 2880; x_wconf 87' lang='lat' dir='ltr'><strong>peccatum</strong></span> <span class='ocrx_word' id='word_1_649' title='bbox 2665 2813 2918 2870; x_wconf 88' lang='lat' dir='ltr'><strong>intravit</strong></span> <span class='ocrx_word' id='word_1_650' title='bbox 2970 2817 3033 2871; x_wconf 89' lang='lat' dir='ltr'><strong>in</strong></span> <span class='ocrx_word' id='word_1_651' title='bbox 3079 2817 3392 2887; x_wconf 86' lang='lat' dir='ltr'><strong>mundum,</strong></span> <span class='ocrx_word' id='word_1_652' title='bbox 3435 2824 3490 2875; x_wconf 87' lang='lat' dir='ltr'><strong>et</strong></span> <span class='ocrx_word' id='word_1_653' title='bbox 3527 2833 3641 2888; x_wconf 84' lang='lat' dir='ltr'><strong>per</strong></span> 
     </span>
    </p>
   </div>
   <div class='ocr_carea' id='block_1_91' title="bbox 1973 2903 3638 2978">
    <p class='ocr_par' dir='ltr' id='par_1_91' title="bbox 1973 2903 3638 2978">
     <span class='ocr_line' id='line_1_91' title="bbox 1973 2903 3638 2978; baseline 0.007 -25"><span class='ocrx_word' id='word_1_654' title='bbox 1973 2905 2290 2967; x_wconf 72' lang='lat' dir='ltr'><strong>peccatum</strong></span> <span class='ocrx_word' id='word_1_655' title='bbox 2323 2916 2502 2970; x_wconf 87' lang='lat' dir='ltr'><strong>mors,</strong></span> <span class='ocrx_word' id='word_1_656' title='bbox 2535 2907 2587 2957; x_wconf 88' lang='lat' dir='ltr'><strong>el</strong></span> <span class='ocrx_word' id='word_1_657' title='bbox 2609 2903 2694 2958; x_wconf 88' lang='lat' dir='ltr'><strong>ita</strong></span> <span class='ocrx_word' id='word_1_658' title='bbox 2715 2918 2915 2960; x_wconf 89' lang='lat' dir='ltr'><strong>omnes</strong></span> <span class='ocrx_word' id='word_1_659' title='bbox 2947 2903 3211 2962; x_wconf 83' lang='lat' dir='ltr'><strong>homines</strong></span> <span class='ocrx_word' id='word_1_660' title='bbox 3255 2909 3638 2978; x_wconf 83' lang='lat' dir='ltr'><strong>pertransiit,</strong></span> 
     </span>
    </p>
   </div>
   <div class='ocr_carea' id='block_1_92' title="bbox 1981 2988 3640 3068">
    <p class='ocr_par' dir='ltr' id='par_1_92' title="bbox 1981 2988 3640 3068">
     <span class='ocr_line' id='line_1_92' title="bbox 1981 2988 3640 3068; baseline 0.007 -26"><span class='ocrx_word' id='word_1_661' title='bbox 1981 2988 2046 3042; x_wconf 88' lang='lat' dir='ltr'><strong>in</strong></span> <span class='ocrx_word' id='word_1_662' title='bbox 2077 3003 2192 3059; x_wconf 88' lang='lat' dir='ltr'><strong>quo</strong></span> <span class='ocrx_word' id='word_1_663' title='bbox 2216 3005 2417 3045; x_wconf 89' lang='lat' dir='ltr'><strong>omnes</strong></span> <span class='ocrx_word' id='word_1_664' title='bbox 2431 2998 2840 3058; x_wconf 88' lang='lat' dir='ltr'><strong>peccaverunt</strong></span> <span class='ocrx_word' id='word_1_665' title='bbox 2865 2993 3055 3064; x_wconf 82' lang='lat' dir='ltr'><strong>(Rom.</strong></span> <span class='ocrx_word' id='word_1_666' title='bbox 3079 3011 3136 3065; x_wconf 87' lang='lat' dir='ltr'><strong>v,</strong></span> <span class='ocrx_word' id='word_1_667' title='bbox 3168 2996 3294 3068; x_wconf 76' lang='lat' dir='ltr'><strong>l2):</strong></span> <span class='ocrx_word' id='word_1_668' title='bbox 3338 2996 3640 3052; x_wconf 90' lang='lat' dir='ltr'><strong>mundum</strong></span> 
     </span>
    </p>
   </div>
   <div class='ocr_carea' id='block_1_93' title="bbox 1981 3076 3641 3154">
    <p class='ocr_par' dir='ltr' id='par_1_93' title="bbox 1981 3076 3641 3154">
     <span class='ocr_line' id='line_1_93' title="bbox 1981 3076 3641 3154; baseline 0.007 -24"><span class='ocrx_word' id='word_1_669' title='bbox 1981 3076 2208 3148; x_wconf 91' lang='lat' dir='ltr'><strong>quippe</strong></span> <span class='ocrx_word' id='word_1_670' title='bbox 2265 3077 2590 3149; x_wconf 90' lang='lat' dir='ltr'><strong>appellavit</strong></span> <span class='ocrx_word' id='word_1_671' title='bbox 2618 3095 2690 3134; x_wconf 91' lang='lat' dir='ltr'><strong>eo</strong></span> <span class='ocrx_word' id='word_1_672' title='bbox 2730 3079 2865 3137; x_wconf 90' lang='lat' dir='ltr'><strong>loco</strong></span> <span class='ocrx_word' id='word_1_673' title='bbox 2914 3083 3239 3154; x_wconf 87' lang='lat' dir='ltr'><strong>Apostolus</strong></span> <span class='ocrx_word' id='word_1_674' title='bbox 3295 3085 3641 3141; x_wconf 88' lang='lat' dir='ltr'><strong>universum</strong></span> 
     </span>
    </p>
   </div>
   <div class='ocr_carea' id='block_1_94' title="bbox 1983 3165 3636 3243">
    <p class='ocr_par' dir='ltr' id='par_1_94' title="bbox 1983 3165 3636 3243">
     <span class='ocr_line' id='line_1_94' title="bbox 1983 3165 3636 3243; baseline 0.007 -24"><span class='ocrx_word' id='word_1_675' title='bbox 1983 3179 2172 3232; x_wconf 87' lang='lat' dir='ltr'><strong>genus</strong></span> <span class='ocrx_word' id='word_1_676' title='bbox 2193 3165 2553 3221; x_wconf 90' lang='lat' dir='ltr'><strong>humanum.</strong></span> <span class='ocrx_word' id='word_1_677' title='bbox 2588 3167 2672 3222; x_wconf 90' lang='lat' dir='ltr'><strong>Ita</strong></span> <span class='ocrx_word' id='word_1_678' title='bbox 2705 3183 2848 3237; x_wconf 91' lang='lat' dir='ltr'><strong>ergo</strong></span> <span class='ocrx_word' id='word_1_679' title='bbox 2878 3185 2940 3224; x_wconf 90' lang='lat' dir='ltr'><strong>se</strong></span> <span class='ocrx_word' id='word_1_680' title='bbox 2969 3185 3064 3225; x_wconf 89' lang='lat' dir='ltr'><strong>res</strong></span> <span class='ocrx_word' id='word_1_681' title='bbox 3107 3171 3412 3229; x_wconf 86' lang='lat' dir='ltr'><strong>habebat:</strong></span> <span class='ocrx_word' id='word_1_682' title='bbox 3464 3173 3636 3243; x_wconf 88' lang='lat' dir='ltr'><strong>jace-</strong></span> 
     </span>
    </p>
   </div>
   <div class='ocr_carea' id='block_1_95' title="bbox 1979 3251 3638 3327">
    <p class='ocr_par' dir='ltr' id='par_1_95' title="bbox 1979 3251 3638 3327">
     <span class='ocr_line' id='line_1_95' title="bbox 1979 3251 3638 3327; baseline 0.007 -20"><span class='ocrx_word' id='word_1_683' title='bbox 1979 3251 2084 3308; x_wconf 92' lang='lat' dir='ltr'><strong>bat</strong></span> <span class='ocrx_word' id='word_1_684' title='bbox 2110 3251 2172 3307; x_wconf 89' lang='lat' dir='ltr'><strong>in</strong></span> <span class='ocrx_word' id='word_1_685' title='bbox 2197 3252 2392 3320; x_wconf 91' lang='lat' dir='ltr'><strong>malis,</strong></span> <span class='ocrx_word' id='word_1_686' title='bbox 2427 3253 2522 3309; x_wconf 89' lang='lat' dir='ltr'><strong>vel</strong></span> <span class='ocrx_word' id='word_1_687' title='bbox 2538 3255 2719 3312; x_wconf 91' lang='lat' dir='ltr'><strong>etiam</strong></span> <span class='ocrx_word' id='word_1_688' title='bbox 2748 3255 3126 3327; x_wconf 83' lang='lat' dir='ltr'><strong>volvebatur,</strong></span> <span class='ocrx_word' id='word_1_689' title='bbox 3157 3263 3214 3315; x_wconf 90' lang='lat' dir='ltr'><strong>et</strong></span> <span class='ocrx_word' id='word_1_690' title='bbox 3242 3259 3318 3316; x_wconf 91' lang='lat' dir='ltr'><strong>de</strong></span> <span class='ocrx_word' id='word_1_691' title='bbox 3367 3261 3544 3316; x_wconf 89' lang='lat' dir='ltr'><strong>malis</strong></span> <span class='ocrx_word' id='word_1_692' title='bbox 3573 3264 3638 3318; x_wconf 91' lang='lat' dir='ltr'><strong>in</strong></span> 
     </span>
    </p>
   </div>
   <div class='ocr_carea' id='block_1_96' title="bbox 1980 3339 3640 3415">
    <p class='ocr_par' dir='ltr' id='par_1_96' title="bbox 1980 3339 3640 3415">
     <span class='ocr_line' id='line_1_96' title="bbox 1980 3339 3640 3415; baseline 0.007 -20"><span class='ocrx_word' id='word_1_693' title='bbox 1980 3339 2148 3406; x_wconf 85' lang='lat' dir='ltr'><strong>mala</strong></span> <span class='ocrx_word' id='word_1_694' title='bbox 2175 3341 2668 3414; x_wconf 67' lang='lat' dir='ltr'><strong>praecipitabatur</strong></span> <span class='ocrx_word' id='word_1_695' title='bbox 2698 3345 2878 3400; x_wconf 90' lang='lat' dir='ltr'><strong>totius</strong></span> <span class='ocrx_word' id='word_1_696' title='bbox 2899 3346 3132 3415; x_wconf 89' lang='lat' dir='ltr'><strong>generis</strong></span> <span class='ocrx_word' id='word_1_697' title='bbox 3155 3347 3410 3404; x_wconf 90' lang='lat' dir='ltr'><strong>humani</strong></span> <span class='ocrx_word' id='word_1_698' title='bbox 3434 3365 3640 3407; x_wconf 88' lang='lat' dir='ltr'><strong>massa</strong></span> 
     </span>
    </p>
   </div>
   <div class='ocr_carea' id='block_1_97' title="bbox 1983 3429 3642 3510">
    <p class='ocr_par' dir='ltr' id='par_1_97' title="bbox 1983 3429 3642 3510">
     <span class='ocr_line' id='line_1_97' title="bbox 1983 3429 3642 3510; baseline 0.006 -26"><span class='ocrx_word' id='word_1_699' title='bbox 1983 3429 2312 3498; x_wconf 88' lang='lat' dir='ltr'><strong>damnata;</strong></span> <span class='ocrx_word' id='word_1_700' title='bbox 2346 3435 2402 3486; x_wconf 88' lang='lat' dir='ltr'><strong>et</strong></span> <span class='ocrx_word' id='word_1_701' title='bbox 2430 3430 2716 3502; x_wconf 89' lang='lat' dir='ltr'><strong>adjuncta</strong></span> <span class='ocrx_word' id='word_1_702' title='bbox 2742 3433 2898 3505; x_wconf 91' lang='lat' dir='ltr'><strong>parti</strong></span> <span class='ocrx_word' id='word_1_703' title='bbox 2945 3449 3174 3505; x_wconf 90' lang='lat' dir='ltr'><strong>eorum,</strong></span> <span class='ocrx_word' id='word_1_704' title='bbox 3223 3437 3329 3510; x_wconf 88' lang='lat' dir='ltr'><strong>qui</strong></span> <span class='ocrx_word' id='word_1_705' title='bbox 3357 3453 3642 3510; x_wconf 90' lang='lat' dir='ltr'><strong>peccave-</strong></span> 
     </span>
    </p>
   </div>
   <div class='ocr_carea' id='block_1_98' title="bbox 1981 3517 3640 3597">
    <p class='ocr_par' dir='ltr' id='par_1_98' title="bbox 1981 3517 3640 3597">
     <span class='ocr_line' id='line_1_98' title="bbox 1981 3517 3640 3597; baseline 0.006 -25"><span class='ocrx_word' id='word_1_706' title='bbox 1981 3521 2136 3584; x_wconf 92' lang='lat' dir='ltr'><strong>rant,</strong></span> <span class='ocrx_word' id='word_1_707' title='bbox 2156 3517 2534 3589; x_wconf 89' lang='lat' dir='ltr'><strong>angelorum,</strong></span> <span class='ocrx_word' id='word_1_708' title='bbox 2562 3519 2767 3577; x_wconf 91' lang='lat' dir='ltr'><strong>luebat</strong></span> <span class='ocrx_word' id='word_1_709' title='bbox 2795 3521 2994 3595; x_wconf 84' lang='lat' dir='ltr'><strong>impiae</strong></span> <span class='ocrx_word' id='word_1_710' title='bbox 3022 3523 3378 3582; x_wconf 88' lang='lat' dir='ltr'><strong>desertionis</strong></span> <span class='ocrx_word' id='word_1_711' title='bbox 3407 3526 3640 3597; x_wconf 87' lang='lat' dir='ltr'><strong>dignis-</strong></span> 
     </span>
    </p>
   </div>
   <div class='ocr_carea' id='block_1_99' title="bbox 1982 3607 3640 3687">
    <p class='ocr_par' dir='ltr' id='par_1_99' title="bbox 1982 3607 3640 3687">
     <span class='ocr_line' id='line_1_99' title="bbox 1982 3607 3640 3687; baseline 0.007 -26"><span class='ocrx_word' id='word_1_712' title='bbox 1982 3607 2168 3662; x_wconf 90' lang='lat' dir='ltr'><strong>simas</strong></span> <span class='ocrx_word' id='word_1_713' title='bbox 2190 3623 2428 3680; x_wconf 82' lang='lat' dir='ltr'><strong>pcenas.</strong></span> <span class='ocrx_word' id='word_1_714' title='bbox 2460 3609 2554 3664; x_wconf 86' lang='lat' dir='ltr'><strong>Ad</strong></span> <span class='ocrx_word' id='word_1_715' title='bbox 2576 3609 2729 3666; x_wconf 90' lang='lat' dir='ltr'><strong>iram</strong></span> <span class='ocrx_word' id='word_1_716' title='bbox 2755 3611 2983 3684; x_wconf 87' lang='lat' dir='ltr'><strong>quippe</strong></span> <span class='ocrx_word' id='word_1_717' title='bbox 3013 3613 3113 3668; x_wconf 92' lang='lat' dir='ltr'><strong>Dei</strong></span> <span class='ocrx_word' id='word_1_718' title='bbox 3137 3614 3392 3686; x_wconf 90' lang='lat' dir='ltr'><strong>pertinet</strong></span> <span class='ocrx_word' id='word_1_719' title='bbox 3405 3615 3640 3687; x_wconf 90' lang='lat' dir='ltr'><strong>justam</strong></span> 
     </span>
    </p>
   </div>
   <div class='ocr_carea' id='block_1_100' title="bbox 1980 3695 3640 3774">
    <p class='ocr_par' dir='ltr' id='par_1_100' title="bbox 1980 3695 3640 3774">
     <span class='ocr_line' id='line_1_100' title="bbox 1980 3695 3640 3774; baseline 0.007 -24"><span class='ocrx_word' id='word_1_720' title='bbox 1980 3695 2280 3768; x_wconf 88' lang='lat' dir='ltr'><strong>quidquid</strong></span> <span class='ocrx_word' id='word_1_721' title='bbox 2310 3713 2470 3754; x_wconf 73' lang='lat' dir='ltr'><strong>caeca</strong></span> <span class='ocrx_word' id='word_1_722' title='bbox 2489 3702 2548 3754; x_wconf 90' lang='lat' dir='ltr'><strong>et</strong></span> <span class='ocrx_word' id='word_1_723' title='bbox 2576 3698 2872 3756; x_wconf 90' lang='lat' dir='ltr'><strong>indomita</strong></span> <span class='ocrx_word' id='word_1_724' title='bbox 2893 3701 3385 3774; x_wconf 88' lang='lat' dir='ltr'><strong>concupiscentia</strong></span> <span class='ocrx_word' id='word_1_725' title='bbox 3412 3703 3640 3763; x_wconf 88' lang='lat' dir='ltr'><strong>faciunt</strong></span> 
     </span>
    </p>
   </div>
   <div class='ocr_carea' id='block_1_101' title="bbox 1979 3785 3639 3866">
    <p class='ocr_par' dir='ltr' id='par_1_101' title="bbox 1979 3785 3639 3866">
     <span class='ocr_line' id='line_1_101' title="bbox 1979 3785 3639 3866; baseline 0.006 -25"><span class='ocrx_word' id='word_1_726' title='bbox 1979 3785 2232 3843; x_wconf 88' lang='lat' dir='ltr'><strong>libenter</strong></span> <span class='ocrx_word' id='word_1_727' title='bbox 2262 3787 2428 3860; x_wconf 91' lang='lat' dir='ltr'><strong>mali,</strong></span> <span class='ocrx_word' id='word_1_728' title='bbox 2459 3792 2516 3845; x_wconf 91' lang='lat' dir='ltr'><strong>et</strong></span> <span class='ocrx_word' id='word_1_729' title='bbox 2561 3789 2861 3863; x_wconf 89' lang='lat' dir='ltr'><strong>quidquid</strong></span> <span class='ocrx_word' id='word_1_730' title='bbox 2917 3791 3120 3849; x_wconf 65' lang='lat' dir='ltr'><strong>manifc</strong></span> <span class='ocrx_word' id='word_1_731' title='bbox 3148 3793 3258 3848; x_wconf 51' lang='lat' dir='ltr'><strong>stis</strong></span> <span class='ocrx_word' id='word_1_732' title='bbox 3298 3795 3639 3866; x_wconf 87' lang='lat' dir='ltr'><strong>apertisque</strong></span> 
     </span>
    </p>
   </div>
   <div class='ocr_carea' id='block_1_102' title="bbox 1981 3877 3638 3956">
    <p class='ocr_par' dir='ltr' id='par_1_102' title="bbox 1981 3877 3638 3956">
     <span class='ocr_line' id='line_1_102' title="bbox 1981 3877 3638 3956; baseline 0.005 -23"><span class='ocrx_word' id='word_1_733' title='bbox 1981 3877 2177 3950; x_wconf 73' lang='lat' dir='ltr'><strong>poenis</strong></span> <span class='ocrx_word' id='word_1_734' title='bbox 2197 3878 2506 3951; x_wconf 89' lang='lat' dir='ltr'><strong>patiuntur</strong></span> <span class='ocrx_word' id='word_1_735' title='bbox 2533 3879 2749 3954; x_wconf 90' lang='lat' dir='ltr'><strong>inviti.]</strong></span> <span class='ocrx_word' id='word_1_736' title='bbox 2769 3881 2805 3947; x_wconf 68' lang='grc' dir='ltr'>ἰ’</span> <span class='ocrx_word' id='word_1_737' title='bbox 2823 3879 3048 3938; x_wconf 89' lang='lat' dir='ltr'><strong>Deinde</strong></span> <span class='ocrx_word' id='word_1_738' title='bbox 3077 3882 3366 3956; x_wconf 66' lang='lat' dir='ltr'><strong>adjungis</strong></span> <span class='ocrx_word' id='word_1_739' title='bbox 3384 3887 3443 3940; x_wconf 90' lang='lat' dir='ltr'><strong>et</strong></span> <span class='ocrx_word' id='word_1_740' title='bbox 3464 3882 3638 3942; x_wconf 89' lang='lat' dir='ltr'><strong>dicis:</strong></span> 
     </span>
    </p>
   </div>
   <div class='ocr_carea' id='block_1_103' title="bbox 2561 4023 3049 4066">
    <p class='ocr_par' dir='ltr' id='par_1_103' title="bbox 2561 4023 3049 4066">
     <span class='ocr_line' id='line_1_103' title="bbox 2561 4023 3049 4066; baseline 0.006 -3"><span class='ocrx_word' id='word_1_741' title='bbox 2561 4023 2809 4066; x_wconf 72' lang='lat' dir='ltr'><strong>JOANNES</strong></span> <span class='ocrx_word' id='word_1_742' title='bbox 2839 4024 3049 4066; x_wconf 75' lang='lat' dir='ltr'><strong>SOOTUS</strong></span> 
     </span>
    </p>
   </div>
   <div class='ocr_carea' id='block_1_104' title="bbox 2054 4114 3639 4191">
    <p class='ocr_par' dir='ltr' id='par_1_104' title="bbox 2054 4114 3639 4191">
     <span class='ocr_line' id='line_1_104' title="bbox 2054 4114 3639 4191; baseline 0.004 -20"><span class='ocrx_word' id='word_1_743' title='bbox 2054 4117 2222 4187; x_wconf 90' lang='lat' dir='ltr'><strong>(Cap.</strong></span> <span class='ocrx_word' id='word_1_744' title='bbox 2263 4114 2348 4185; x_wconf 89' lang='lat' dir='ltr'><strong>l6,</strong></span> <span class='ocrx_word' id='word_1_745' title='bbox 2379 4131 2550 4172; x_wconf 91' lang='lat' dir='ltr'><strong>num.</strong></span> <span class='ocrx_word' id='word_1_746' title='bbox 2587 4120 2672 4186; x_wconf 83' lang='grc' dir='ltr'><strong>Η,</strong></span> <span class='ocrx_word' id='word_1_747' title='bbox 2701 4121 2843 4174; x_wconf 91' lang='lat' dir='ltr'><strong>sect.</strong></span> <span class='ocrx_word' id='word_1_748' title='bbox 2878 4121 2932 4190; x_wconf 90' lang='lat'><strong>3)</strong></span> <span class='ocrx_word' id='word_1_749' title='bbox 2964 4123 3003 4172; x_wconf 88' lang='grc' dir='ltr'>Θ</span> <span class='ocrx_word' id='word_1_750' title='bbox 3035 4121 3098 4173; x_wconf 84' lang='lat' dir='ltr'><strong>In</strong></span> <span class='ocrx_word' id='word_1_751' title='bbox 3129 4134 3254 4191; x_wconf 91' lang='lat' dir='ltr'><strong>quo</strong></span> <span class='ocrx_word' id='word_1_752' title='bbox 3282 4125 3482 4177; x_wconf 84' lang='lat' dir='ltr'><strong>tamen</strong></span> <span class='ocrx_word' id='word_1_753' title='bbox 3510 4135 3639 4177; x_wconf 91' lang='lat' dir='ltr'><strong>om-</strong></span> 
     </span>
    </p>
   </div>
   <div class='ocr_carea' id='block_1_105' title="bbox 1979 4207 3641 4277">
    <p class='ocr_par' dir='ltr' id='par_1_105' title="bbox 1979 4207 3641 4277">
     <span class='ocr_line' id='line_1_105' title="bbox 1979 4207 3641 4277; baseline 0.005 -20"><span class='ocrx_word' id='word_1_754' title='bbox 1979 4217 2089 4258; x_wconf 91' lang='lat' dir='ltr'><strong>nes</strong></span> <span class='ocrx_word' id='word_1_755' title='bbox 2119 4209 2542 4276; x_wconf 83' lang='lat' dir='ltr'><strong>peccaverunt,</strong></span> <span class='ocrx_word' id='word_1_756' title='bbox 2575 4221 2646 4262; x_wconf 89' lang='lat' dir='ltr'><strong>ac</strong></span> <span class='ocrx_word' id='word_1_757' title='bbox 2665 4221 2779 4276; x_wconf 88' lang='lat' dir='ltr'><strong>per</strong></span> <span class='ocrx_word' id='word_1_758' title='bbox 2829 4207 2939 4263; x_wconf 83' lang='lat' dir='ltr'><strong>hoc</strong></span> <span class='ocrx_word' id='word_1_759' title='bbox 2989 4208 3054 4263; x_wconf 90' lang='lat' dir='ltr'><strong>in</strong></span> <span class='ocrx_word' id='word_1_760' title='bbox 3100 4208 3226 4277; x_wconf 86' lang='lat' dir='ltr'><strong>ipso</strong></span> <span class='ocrx_word' id='word_1_761' title='bbox 3275 4224 3474 4266; x_wconf 90' lang='lat' dir='ltr'><strong>omnes</strong></span> <span class='ocrx_word' id='word_1_762' title='bbox 3520 4225 3641 4266; x_wconf 87' lang='lat' dir='ltr'><strong>mo-</strong></span> 
     </span>
    </p>
   </div>
   <div class='ocr_carea' id='block_1_106' title="bbox 1980 4295 3640 4370">
    <p class='ocr_par' dir='ltr' id='par_1_106' title="bbox 1980 4295 3640 4370">
     <span class='ocr_line' id='line_1_106' title="bbox 1980 4295 3640 4370; baseline 0.005 -23"><span class='ocrx_word' id='word_1_763' title='bbox 1980 4295 2250 4364; x_wconf 85' lang='lat' dir='ltr'><strong>riuntur,</strong></span> <span class='ocrx_word' id='word_1_764' title='bbox 2276 4299 2331 4351; x_wconf 89' lang='lat' dir='ltr'><strong>et</strong></span> <span class='ocrx_word' id='word_1_765' title='bbox 2361 4295 2788 4366; x_wconf 79' lang='lat' dir='ltr'><strong>consequenter</strong></span> <span class='ocrx_word' id='word_1_766' title='bbox 2813 4313 3012 4354; x_wconf 86' lang='lat' dir='ltr'><strong>omnes</strong></span> <span class='ocrx_word' id='word_1_767' title='bbox 3034 4300 3404 4368; x_wconf 86' lang='lat' dir='ltr'><strong>puniuntur,</strong></span> <span class='ocrx_word' id='word_1_768' title='bbox 3427 4300 3640 4370; x_wconf 89' lang='lat' dir='ltr'><strong>proin-</strong></span> 
     </span>
    </p>
   </div>
   <div class='ocr_carea' id='block_1_107' title="bbox 1979 4381 3641 4454">
    <p class='ocr_par' dir='ltr' id='par_1_107' title="bbox 1979 4381 3641 4454">
     <span class='ocr_line' id='line_1_107' title="bbox 1979 4381 3641 4454; baseline 0.005 -18"><span class='ocrx_word' id='word_1_769' title='bbox 1979 4381 2052 4437; x_wconf 89' lang='lat' dir='ltr'><strong>de</strong></span> <span class='ocrx_word' id='word_1_770' title='bbox 2080 4383 2402 4440; x_wconf 88' lang='lat' dir='ltr'><strong>rectissime</strong></span> <span class='ocrx_word' id='word_1_771' title='bbox 2431 4385 2718 4443; x_wconf 85' lang='lat' dir='ltr'><strong>creditur.</strong></span> <span class='ocrx_word' id='word_1_772' title='bbox 2755 4387 3259 4454; x_wconf 84' lang='lat' dir='ltr'><strong>Quemadmodum</strong></span> <span class='ocrx_word' id='word_1_773' title='bbox 3278 4389 3341 4444; x_wconf 89' lang='lat' dir='ltr'><strong>in</strong></span> <span class='ocrx_word' id='word_1_774' title='bbox 3358 4389 3466 4446; x_wconf 90' lang='lat' dir='ltr'><strong>illo</strong></span> <span class='ocrx_word' id='word_1_775' title='bbox 3481 4390 3641 4446; x_wconf 87' lang='lat' dir='ltr'><strong>Deus</strong></span> 
     </span>
    </p>
   </div>
   <div class='ocr_carea' id='block_1_108' title="bbox 1977 4471 3643 4545">
    <p class='ocr_par' dir='ltr' id='par_1_108' title="bbox 1977 4471 3643 4545">
     <span class='ocr_line' id='line_1_108' title="bbox 1977 4471 3643 4545; baseline 0.004 -18"><span class='ocrx_word' id='word_1_776' title='bbox 1977 4473 2318 4540; x_wconf 85' lang='lat' dir='ltr'><strong>generalem</strong></span> <span class='ocrx_word' id='word_1_777' title='bbox 2345 4471 2598 4530; x_wconf 87' lang='lat' dir='ltr'><strong>humani</strong></span> <span class='ocrx_word' id='word_1_778' title='bbox 2622 4476 2856 4545; x_wconf 84' lang='lat' dir='ltr'><strong>generis</strong></span> <span class='ocrx_word' id='word_1_779' title='bbox 2900 4491 3107 4533; x_wconf 86' lang='lat' dir='ltr'><strong>creare</strong></span> <span class='ocrx_word' id='word_1_780' title='bbox 3155 4479 3346 4534; x_wconf 90' lang='lat' dir='ltr'><strong>voluit</strong></span> <span class='ocrx_word' id='word_1_781' title='bbox 3373 4477 3643 4536; x_wconf 87' lang='lat' dir='ltr'><strong>substan-</strong></span> 
     </span>
    </p>
   </div>
   <div class='ocr_carea' id='block_1_109' title="bbox 1899 4551 3642 4636">
    <p class='ocr_par' dir='ltr' id='par_1_109' title="bbox 1899 4551 3642 4636">
     <span class='ocr_line' id='line_1_109' title="bbox 1899 4551 3642 4636; baseline 0.005 -21"><span class='ocrx_word' id='word_1_782' title='bbox 1899 4551 1944 4605; x_wconf 85' lang='lat' dir='ltr'><strong>D</strong></span> <span class='ocrx_word' id='word_1_783' title='bbox 1978 4562 2146 4629; x_wconf 85' lang='lat' dir='ltr'><strong>tiam,</strong></span> <span class='ocrx_word' id='word_1_784' title='bbox 2177 4563 2268 4620; x_wconf 86' lang='lat' dir='ltr'><strong>ita</strong></span> <span class='ocrx_word' id='word_1_785' title='bbox 2296 4567 2352 4620; x_wconf 90' lang='lat' dir='ltr'><strong>et</strong></span> <span class='ocrx_word' id='word_1_786' title='bbox 2386 4564 2650 4620; x_wconf 89' lang='lat' dir='ltr'><strong>omnium</strong></span> <span class='ocrx_word' id='word_1_787' title='bbox 2681 4564 2988 4622; x_wconf 85' lang='lat' dir='ltr'><strong>hominum</strong></span> <span class='ocrx_word' id='word_1_788' title='bbox 3001 4567 3314 4636; x_wconf 84' lang='lat' dir='ltr'><strong>propriam</strong></span> <span class='ocrx_word' id='word_1_789' title='bbox 3330 4568 3642 4624; x_wconf 83' lang='lat' dir='ltr'><strong>substituit</strong></span> 
     </span>
    </p>
   </div>
   <div class='ocr_carea' id='block_1_110' title="bbox 1977 4653 3642 4714">
    <p class='ocr_par' dir='ltr' id='par_1_110' title="bbox 1977 4653 3642 4714">
     <span class='ocr_line' id='line_1_110' title="bbox 1977 4653 3642 4714; baseline 0.002 -6"><span class='ocrx_word' id='word_1_790' title='bbox 1977 4653 2368 4710; x_wconf 81' lang='lat' dir='ltr'><strong>voluntatem.</strong></span> <span class='ocrx_word' id='word_1_791' title='bbox 2400 4654 2472 4710; x_wconf 91' lang='lat' dir='ltr'><strong>Si</strong></span> <span class='ocrx_word' id='word_1_792' title='bbox 2494 4654 2647 4711; x_wconf 90' lang='lat' dir='ltr'><strong>enim</strong></span> <span class='ocrx_word' id='word_1_793' title='bbox 2680 4655 2744 4710; x_wconf 88' lang='lat' dir='ltr'><strong>in</strong></span> <span class='ocrx_word' id='word_1_794' title='bbox 2770 4671 2891 4711; x_wconf 88' lang='lat' dir='ltr'><strong>uno</strong></span> <span class='ocrx_word' id='word_1_795' title='bbox 2923 4655 3249 4712; x_wconf 88' lang='lat' dir='ltr'><strong>communis</strong></span> <span class='ocrx_word' id='word_1_796' title='bbox 3293 4658 3556 4713; x_wconf 88' lang='lat' dir='ltr'><strong>omnium</strong></span> <span class='ocrx_word' id='word_1_797' title='bbox 3585 4663 3642 4714; x_wconf 92' lang='lat' dir='ltr'><strong>et</strong></span> 
     </span>
    </p>
   </div>
   <div class='ocr_carea' id='block_1_111' title="bbox 1977 4743 3641 4814">
    <p class='ocr_par' dir='ltr' id='par_1_111' title="bbox 1977 4743 3641 4814">
     <span class='ocr_line' id='line_1_111' title="bbox 1977 4743 3641 4814; baseline 0.001 -14"><span class='ocrx_word' id='word_1_798' title='bbox 1977 4744 2313 4812; x_wconf 88' lang='lat' dir='ltr'><strong>corporalis</strong></span> <span class='ocrx_word' id='word_1_799' title='bbox 2335 4747 2389 4798; x_wconf 87' lang='lat' dir='ltr'><strong>et</strong></span> <span class='ocrx_word' id='word_1_800' title='bbox 2419 4743 2711 4812; x_wconf 84' lang='lat' dir='ltr'><strong>spiritalis</strong></span> <span class='ocrx_word' id='word_1_801' title='bbox 2754 4749 2992 4799; x_wconf 68' lang='lat' dir='ltr'><strong>naturae</strong></span> <span class='ocrx_word' id='word_1_802' title='bbox 3022 4744 3302 4800; x_wconf 76' lang='lat' dir='ltr'><strong>humanae</strong></span> <span class='ocrx_word' id='word_1_803' title='bbox 3321 4745 3641 4814; x_wconf 87' lang='lat' dir='ltr'><strong>plenitudo</strong></span> 
     </span>
    </p>
   </div>
   <div class='ocr_carea' id='block_1_112' title="bbox 1978 4831 3642 4903">
    <p class='ocr_par' dir='ltr' id='par_1_112' title="bbox 1978 4831 3642 4903">
     <span class='ocr_line' id='line_1_112' title="bbox 1978 4831 3642 4903; baseline 0.001 -16"><span class='ocrx_word' id='word_1_804' title='bbox 1978 4833 2054 4887; x_wconf 89' lang='lat' dir='ltr'><strong>sit</strong></span> <span class='ocrx_word' id='word_1_805' title='bbox 2085 4835 2432 4900; x_wconf 77' lang='lat' dir='ltr'><strong>constituta,</strong></span> <span class='ocrx_word' id='word_1_806' title='bbox 2458 4833 2791 4886; x_wconf 86' lang='lat' dir='ltr'><strong>necessario</strong></span> <span class='ocrx_word' id='word_1_807' title='bbox 2825 4831 2881 4886; x_wconf 91' lang='lat' dir='ltr'><strong>ei</strong></span> <span class='ocrx_word' id='word_1_808' title='bbox 2902 4833 3100 4888; x_wconf 85' lang='lat' dir='ltr'><strong>inerat</strong></span> <span class='ocrx_word' id='word_1_809' title='bbox 3130 4833 3511 4903; x_wconf 83' lang='lat' dir='ltr'><strong>singulorum</strong></span> <span class='ocrx_word' id='word_1_810' title='bbox 3545 4848 3642 4890; x_wconf 91' lang='lat' dir='ltr'><strong>vo-</strong></span> 
     </span>
    </p>
   </div>
   <div class='ocr_carea' id='block_1_113' title="bbox 1981 4919 3640 4991">
    <p class='ocr_par' dir='ltr' id='par_1_113' title="bbox 1981 4919 3640 4991">
     <span class='ocr_line' id='line_1_113' title="bbox 1981 4919 3640 4991; baseline 0 -16"><span class='ocrx_word' id='word_1_811' title='bbox 1981 4921 2183 4976; x_wconf 81' lang='lat' dir='ltr'><strong>luntas</strong></span> <span class='ocrx_word' id='word_1_812' title='bbox 2210 4920 2486 4989; x_wconf 86' lang='lat' dir='ltr'><strong>propria.</strong></span> <span class='ocrx_word' id='word_1_813' title='bbox 2532 4919 2669 4975; x_wconf 89' lang='lat' dir='ltr'><strong>Non</strong></span> <span class='ocrx_word' id='word_1_814' title='bbox 2700 4920 2904 4991; x_wconf 90' lang='lat' dir='ltr'><strong>itaque</strong></span> <span class='ocrx_word' id='word_1_815' title='bbox 2953 4920 3018 4974; x_wconf 87' lang='lat' dir='ltr'><strong>in</strong></span> <span class='ocrx_word' id='word_1_816' title='bbox 3060 4935 3125 4976; x_wconf 91' lang='lat' dir='ltr'><strong>eo</strong></span> <span class='ocrx_word' id='word_1_817' title='bbox 3157 4921 3432 4991; x_wconf 87' lang='lat' dir='ltr'><strong>peccavit</strong></span> <span class='ocrx_word' id='word_1_818' title='bbox 3461 4926 3640 4977; x_wconf 88' lang='lat' dir='ltr'><strong>natu-</strong></span> 
     </span>
    </p>
   </div>
   <div class='ocr_carea' id='block_1_114' title="bbox 1975 5007 3640 5081">
    <p class='ocr_par' dir='ltr' id='par_1_114' title="bbox 1975 5007 3640 5081">
     <span class='ocr_line' id='line_1_114' title="bbox 1975 5007 3640 5081; baseline 0.001 -16"><span class='ocrx_word' id='word_1_819' title='bbox 1975 5025 2060 5065; x_wconf 73' lang='lat' dir='ltr'><strong>ra:</strong></span> <span class='ocrx_word' id='word_1_820' title='bbox 2089 5009 2479 5080; x_wconf 84' lang='lat' dir='ltr'><strong>generalitas,</strong></span> <span class='ocrx_word' id='word_1_821' title='bbox 2509 5007 2613 5064; x_wconf 86' lang='lat' dir='ltr'><strong>sed</strong></span> <span class='ocrx_word' id='word_1_822' title='bbox 2641 5009 3114 5081; x_wconf 86' lang='lat' dir='ltr'><strong>uniuscujusque</strong></span> <span class='ocrx_word' id='word_1_823' title='bbox 3170 5008 3489 5068; x_wconf 88' lang='lat' dir='ltr'><strong>individua</strong></span> <span class='ocrx_word' id='word_1_824' title='bbox 3539 5024 3640 5067; x_wconf 91' lang='lat' dir='ltr'><strong>vo-</strong></span> 
     </span>
    </p>
   </div>
   <div class='ocr_carea' id='block_1_115' title="bbox 1982 5101 2205 5156">
    <p class='ocr_par' dir='ltr' id='par_1_115' title="bbox 1982 5101 2205 5156">
     <span class='ocr_line' id='line_1_115' title="bbox 1982 5101 2205 5156; baseline -0.004 -1"><span class='ocrx_word' id='word_1_825' title='bbox 1982 5101 2205 5156; x_wconf 87' lang='lat' dir='ltr'><strong>luntas.</strong></span> 
     </span>
    </p>
   </div>
   <div class='ocr_carea' id='block_1_116' title="bbox 2645 5223 2978 5266">
    <p class='ocr_par' dir='ltr' id='par_1_116' title="bbox 2645 5223 2978 5266">
     <span class='ocr_line' id='line_1_116' title="bbox 2645 5223 2978 5266; baseline 0.006 -2"><span class='ocrx_word' id='word_1_826' title='bbox 2645 5223 2954 5266; x_wconf 75' lang='lat' dir='ltr'><strong>COBRECTIO</strong></span> <span class='ocrx_word' id='word_1_827' title='bbox 2963 5249 2978 5265; x_wconf 80' lang='grc' dir='ltr'><strong><em>ο</em></strong></span> 
     </span>
    </p>
   </div>
   <div class='ocr_carea' id='block_1_117' title="bbox 2045 5312 3640 5386">
    <p class='ocr_par' dir='ltr' id='par_1_117' title="bbox 2045 5312 3640 5386">
     <span class='ocr_line' id='line_1_117' title="bbox 2045 5312 3640 5386; baseline 0.002 -17"><span class='ocrx_word' id='word_1_828' title='bbox 2045 5314 2236 5380; x_wconf 60' lang='grc' dir='ltr'>τεειιιο</span> <span class='ocrx_word' id='word_1_829' title='bbox 2247 5312 2495 5386; x_wconf 88' lang='lat' dir='ltr'><strong>quidem</strong></span> <span class='ocrx_word' id='word_1_830' title='bbox 2507 5316 2726 5370; x_wconf 90' lang='lat' dir='ltr'><strong>natura</strong></span> <span class='ocrx_word' id='word_1_831' title='bbox 2741 5314 3125 5384; x_wconf 89' lang='lat' dir='ltr'><strong>est,animam</strong></span> <span class='ocrx_word' id='word_1_832' title='bbox 3141 5315 3342 5372; x_wconf 90' lang='lat' dir='ltr'><strong>nullus</strong></span> <span class='ocrx_word' id='word_1_833' title='bbox 3357 5319 3640 5372; x_wconf 88' lang='lat' dir='ltr'><strong>naturam</strong></span> 
     </span>
    </p>
   </div>
   <div class='ocr_carea' id='block_1_118' title="bbox 1976 5402 3641 5477">
    <p class='ocr_par' dir='ltr' id='par_1_118' title="bbox 1976 5402 3641 5477">
     <span class='ocr_line' id='line_1_118' title="bbox 1976 5402 3641 5477; baseline 0.001 -18"><span class='ocrx_word' id='word_1_834' title='bbox 1976 5402 2234 5471; x_wconf 90' lang='lat' dir='ltr'><strong>dubitat,</strong></span> <span class='ocrx_word' id='word_1_835' title='bbox 2264 5402 2568 5473; x_wconf 89' lang='lat' dir='ltr'><strong>voluntas,</strong></span> <span class='ocrx_word' id='word_1_836' title='bbox 2590 5403 2737 5477; x_wconf 91' lang='lat' dir='ltr'><strong>quia</strong></span> <span class='ocrx_word' id='word_1_837' title='bbox 2757 5409 2977 5461; x_wconf 88' lang='lat' dir='ltr'><strong>natura</strong></span> <span class='ocrx_word' id='word_1_838' title='bbox 3006 5421 3131 5461; x_wconf 92' lang='lat' dir='ltr'><strong>non</strong></span> <span class='ocrx_word' id='word_1_839' title='bbox 3157 5406 3253 5474; x_wconf 92' lang='lat' dir='ltr'><strong>sit,</strong></span> <span class='ocrx_word' id='word_1_840' title='bbox 3294 5405 3439 5462; x_wconf 86' lang='lat' dir='ltr'><strong>satis</strong></span> <span class='ocrx_word' id='word_1_841' title='bbox 3465 5408 3524 5462; x_wconf 89' lang='lat' dir='ltr'><strong>et</strong></span> <span class='ocrx_word' id='word_1_842' title='bbox 3547 5421 3641 5461; x_wconf 88' lang='lat' dir='ltr'><strong>ra-</strong></span> 
     </span>
    </p>
   </div>
   <div class='ocr_carea' id='block_1_119' title="bbox 1975 5491 3640 5563">
    <p class='ocr_par' dir='ltr' id='par_1_119' title="bbox 1975 5491 3640 5563">
     <span class='ocr_line' id='line_1_119' title="bbox 1975 5491 3640 5563; baseline 0.001 -15"><span class='ocrx_word' id='word_1_843' title='bbox 1975 5492 2134 5548; x_wconf 90' lang='lat' dir='ltr'><strong>tione</strong></span> <span class='ocrx_word' id='word_1_844' title='bbox 2156 5495 2214 5547; x_wconf 90' lang='lat' dir='ltr'><strong>et</strong></span> <span class='ocrx_word' id='word_1_845' title='bbox 2233 5491 2584 5549; x_wconf 90' lang='lat' dir='ltr'><strong>auctoritate</strong></span> <span class='ocrx_word' id='word_1_846' title='bbox 2606 5497 3012 5550; x_wconf 90' lang='lat' dir='ltr'><strong>monstratum</strong></span> <span class='ocrx_word' id='word_1_847' title='bbox 3044 5497 3150 5548; x_wconf 85' lang='lat' dir='ltr'><strong>est.</strong></span> <span class='ocrx_word' id='word_1_848' title='bbox 3172 5497 3300 5549; x_wconf 87' lang='lat' dir='ltr'><strong>Non</strong></span> <span class='ocrx_word' id='word_1_849' title='bbox 3319 5493 3500 5563; x_wconf 87' lang='lat' dir='ltr'><strong>igitur</strong></span> <span class='ocrx_word' id='word_1_850' title='bbox 3542 5508 3640 5549; x_wconf 87' lang='lat' dir='ltr'><strong>vo-</strong></span> 
     </span>
    </p>
   </div>
   <div class='ocr_carea' id='block_1_120' title="bbox 1971 5580 3644 5655">
    <p class='ocr_par' dir='ltr' id='par_1_120' title="bbox 1971 5580 3644 5655">
     <span class='ocr_line' id='line_1_120' title="bbox 1971 5580 3644 5655; baseline 0 -17"><span class='ocrx_word' id='word_1_851' title='bbox 1971 5581 2174 5638; x_wconf 90' lang='lat' dir='ltr'><strong>luntas</strong></span> <span class='ocrx_word' id='word_1_852' title='bbox 2199 5580 2304 5636; x_wconf 89' lang='lat' dir='ltr'><strong>ﬁlii</strong></span> <span class='ocrx_word' id='word_1_853' title='bbox 2333 5597 2406 5636; x_wconf 87' lang='lat' dir='ltr'><strong>ex</strong></span> <span class='ocrx_word' id='word_1_854' title='bbox 2456 5581 2762 5638; x_wconf 90' lang='lat' dir='ltr'><strong>voluntate</strong></span> <span class='ocrx_word' id='word_1_855' title='bbox 2803 5587 3126 5655; x_wconf 88' lang='lat' dir='ltr'><strong>parentum</strong></span> <span class='ocrx_word' id='word_1_856' title='bbox 3155 5582 3440 5653; x_wconf 90' lang='lat' dir='ltr'><strong>gignitur,</strong></span> <span class='ocrx_word' id='word_1_857' title='bbox 3490 5583 3644 5639; x_wconf 89' lang='lat' dir='ltr'><strong>sicut</strong></span> 
     </span>
    </p>
   </div>
   <div class='ocr_carea' id='block_1_121' title="bbox 1974 5669 3644 5745">
    <p class='ocr_par' dir='ltr' id='par_1_121' title="bbox 1974 5669 3644 5745">
     <span class='ocr_line' id='line_1_121' title="bbox 1974 5669 3644 5745; baseline 0.001 -18"><span class='ocrx_word' id='word_1_858' title='bbox 1974 5687 2115 5728; x_wconf 89' lang='lat' dir='ltr'><strong>caro</strong></span> <span class='ocrx_word' id='word_1_859' title='bbox 2135 5669 2321 5743; x_wconf 91' lang='lat' dir='ltr'><strong>prolis</strong></span> <span class='ocrx_word' id='word_1_860' title='bbox 2342 5687 2414 5726; x_wconf 82' lang='lat' dir='ltr'><strong>ex</strong></span> <span class='ocrx_word' id='word_1_861' title='bbox 2436 5687 2616 5728; x_wconf 90' lang='lat' dir='ltr'><strong>carne</strong></span> <span class='ocrx_word' id='word_1_862' title='bbox 2637 5671 2880 5745; x_wconf 89' lang='lat' dir='ltr'><strong>prodire</strong></span> <span class='ocrx_word' id='word_1_863' title='bbox 2901 5671 3241 5743; x_wconf 90' lang='lat' dir='ltr'><strong>genitorum</strong></span> <span class='ocrx_word' id='word_1_864' title='bbox 3262 5671 3514 5728; x_wconf 88' lang='lat' dir='ltr'><strong>minime</strong></span> <span class='ocrx_word' id='word_1_865' title='bbox 3533 5671 3644 5728; x_wconf 91' lang='lat' dir='ltr'><strong>du-</strong></span> 
     </span>
    </p>
   </div>
   <div class='ocr_carea' id='block_1_122' title="bbox 213 5758 3616 5836">
    <p class='ocr_par' dir='ltr' id='par_1_122' title="bbox 213 5758 3616 5836">
     <span class='ocr_line' id='line_1_122' title="bbox 213 5758 3616 5836; baseline 0.001 -23"><span class='ocrx_word' id='word_1_866' title='bbox 213 5774 286 5814; x_wconf 89' lang='lat' dir='ltr'><strong>ex</strong></span> <span class='ocrx_word' id='word_1_867' title='bbox 303 5766 537 5835; x_wconf 89' lang='lat' dir='ltr'><strong>natura,</strong></span> <span class='ocrx_word' id='word_1_868' title='bbox 561 5780 749 5836; x_wconf 87' lang='lat' dir='ltr'><strong>quam</strong></span> <span class='ocrx_word' id='word_1_869' title='bbox 774 5767 951 5825; x_wconf 91' lang='lat' dir='ltr'><strong>Deus,</strong></span> <span class='ocrx_word' id='word_1_870' title='bbox 993 5779 1235 5819; x_wconf 90' lang='lat' dir='ltr'><strong>summa</strong></span> <span class='ocrx_word' id='word_1_871' title='bbox 1273 5758 1862 5818; x_wconf 89' lang='lat' dir='ltr'><strong>etincommutabilis</strong></span> <span class='ocrx_word' id='word_1_872' title='bbox 1968 5761 2211 5816; x_wconf 89' lang='lat' dir='ltr'><strong>bitatur.</strong></span> <span class='ocrx_word' id='word_1_873' title='bbox 2246 5763 2374 5816; x_wconf 87' lang='lat' dir='ltr'><strong>Non</strong></span> <span class='ocrx_word' id='word_1_874' title='bbox 2405 5777 2550 5831; x_wconf 93' lang='lat' dir='ltr'><strong>ergo</strong></span> <span class='ocrx_word' id='word_1_875' title='bbox 2567 5761 2877 5817; x_wconf 90' lang='lat' dir='ltr'><strong>voluntate</strong></span> <span class='ocrx_word' id='word_1_876' title='bbox 2896 5761 2957 5817; x_wconf 91' lang='lat' dir='ltr'><strong>in</strong></span> <span class='ocrx_word' id='word_1_877' title='bbox 2988 5759 3184 5817; x_wconf 82' lang='lat' dir='ltr'><strong>Adam</strong></span> <span class='ocrx_word' id='word_1_878' title='bbox 3202 5777 3416 5817; x_wconf 91' lang='lat' dir='ltr'><strong>omnes</strong></span> <span class='ocrx_word' id='word_1_879' title='bbox 3444 5766 3616 5834; x_wconf 89' lang='lat' dir='ltr'><strong>poste</strong></span> 
     </span>
    </p>
   </div>
   <div class='ocr_carea' id='block_1_123' title="bbox 212 5847 3040 5926">
    <p class='ocr_par' dir='ltr' id='par_1_123' title="bbox 212 5847 3040 5926">
     <span class='ocr_line' id='line_1_123' title="bbox 212 5847 3040 5926; baseline 0 -20"><span class='ocrx_word' id='word_1_880' title='bbox 212 5847 488 5912; x_wconf 83' lang='lat' dir='ltr'><strong>voluntas</strong></span> <span class='ocrx_word' id='word_1_881' title='bbox 507 5853 796 5926; x_wconf 89' lang='lat' dir='ltr'><strong>condidit,</strong></span> <span class='ocrx_word' id='word_1_882' title='bbox 817 5851 1138 5912; x_wconf 89' lang='lat' dir='ltr'><strong>invenitur.</strong></span> <span class='ocrx_word' id='word_1_883' title='bbox 1162 5854 1244 5911; x_wconf 91' lang='lat' dir='ltr'><strong>De</strong></span> <span class='ocrx_word' id='word_1_884' title='bbox 1264 5868 1390 5926; x_wconf 89' lang='lat' dir='ltr'><strong>qua</strong></span> <span class='ocrx_word' id='word_1_885' title='bbox 1406 5867 1470 5910; x_wconf 91' lang='lat' dir='ltr'><strong>re</strong></span> <span class='ocrx_word' id='word_1_886' title='bbox 1502 5850 1634 5923; x_wconf 88' lang='lat' dir='ltr'><strong>jam</strong></span> <span class='ocrx_word' id='word_1_887' title='bbox 1672 5865 1859 5924; x_wconf 89' lang='lat' dir='ltr'><strong>supra</strong></span> <span class='ocrx_word' id='word_1_888' title='bbox 1966 5849 2019 5908; x_wconf 91' lang='lat' dir='ltr'><strong>ri</strong></span> <span class='ocrx_word' id='word_1_889' title='bbox 2039 5854 2459 5924; x_wconf 89' lang='lat' dir='ltr'><strong>peccaverunt,</strong></span> <span class='ocrx_word' id='word_1_890' title='bbox 2483 5866 2673 5924; x_wconf 89' lang='lat' dir='ltr'><strong>quam</strong></span> <span class='ocrx_word' id='word_1_891' title='bbox 2696 5865 2808 5908; x_wconf 89' lang='lat' dir='ltr'><strong>nec</strong></span> <span class='ocrx_word' id='word_1_892' title='bbox 2831 5850 2910 5910; x_wconf 88' lang='lat' dir='ltr'><strong>ab</strong></span> <span class='ocrx_word' id='word_1_893' title='bbox 2938 5849 3040 5908; x_wconf 88' lang='lat' dir='ltr'><strong>illo</strong></span> 
     </span>
    </p>
   </div>
   <div class='ocr_carea' id='block_1_124' title="bbox 3155 5851 3616 5910">
    <p class='ocr_par' dir='ltr' id='par_1_124' title="bbox 3155 5851 3616 5910">
     <span class='ocr_line' id='line_1_124' title="bbox 3155 5851 3616 5910; baseline 0 -2"><span class='ocrx_word' id='word_1_894' title='bbox 3155 5851 3428 5910; x_wconf 86' lang='lat' dir='ltr'><strong>turaliter</strong></span> <span class='ocrx_word' id='word_1_895' title='bbox 3448 5856 3616 5910; x_wconf 88' lang='lat' dir='ltr'><strong>traxe</strong></span> 
     </span>
    </p>
   </div>
  </div>
