3936 6450
432 86 443 91 ι
516 86 535 103 ρ
638 90 647 97 .
672 84 691 97 ..ι
730 76 923 103 r—‘_:'_

393 393 523 452 ﬂ“

388 522 560 588 runt;
591 516 838 574 sedtota
867 520 1105 583 natura,
1135 514 1383 589 propria
1399 515 1672 586 ejusdem
1689 510 2046 586 protoplasti
2074 514 2123 567 Δ
2157 512 2600 581 incorruptum,
2625 517 2850 580 praeter
2866 512 3029 584 quod
3058 527 3256 569 omnes
3283 518 3684 582 peccaverunt
3738 515 3809 569 si-

387 608 693 665 voluntate
718 606 940 674 vitiata,
974 622 1110 679 quae
1137 620 1263 661 non
1308 609 1395 661 est
1424 605 1631 677 utique
1671 603 1905 667 vitium,
1938 601 2047 657 sed

389 702 604 771 sponte
635 696 822 752 semel
847 694 1231 761 vitiata,nihil
1251 711 1499 768 prorsus
1524 711 1599 751 ex
1630 710 1693 749 se
1727 692 1845 749 nisi
1875 691 2045 747 vitia-

386 790 517 843 tum
547 786 790 857 gignere
816 783 1030 858 potuit,
1063 784 1360 857 quidquid
1388 784 1644 840 naturali
1675 781 2044 839 cemmistio-

385 890 463 931 ne
484 874 862 948 propagavit.
872 873 1039 930 Unde
1068 878 1126 930 et
1147 873 1469 945 Apostolus
1491 891 1505 929 :
1530 876 1680 941 Non,
1703 871 1919 945 inquit,
1939 883 2049 943 per

386 981 573 1021 unam
599 964 695 1020 vel
725 963 906 1019 unius
937 962 1333 1033 voluntatem,
1358 962 1420 1017 in
1450 978 1663 1018 omnes
1708 961 2047 1017 voluntates

385 1069 550 1109 mors
566 1052 928 1126 pertransiit,
943 1068 1055 1108 nec
1085 1051 1147 1107 in
1166 1067 1355 1124 quam
1390 1067 1602 1107 omnes
1623 1054 2043 1124 peccaverunt,

383 1143 488 1199 sed
495 1159 610 1213 per
634 1158 821 1198 unum
844 1143 1140 1198 hominem
1156 1142 1220 1197 in
1234 1156 1431 1197 omnes
1450 1142 1713 1197 homines
1733 1156 1892 1197 mors
1910 1154 2047 1209 per-

385 1235 651 1302 transiit,
679 1236 747 1290 in
775 1248 890 1306 quo
920 1248 1120 1289 omnes
1166 1236 1572 1302 peccaverunt
1605 1232 1792 1302 (Rom.
1834 1246 1937 1293 xu,
1967 1231 2041 1301 5).

385 1325 662 1391 Quicum
686 1323 853 1379 nulla
902 1322 1259 1379 necessitate
1300 1326 1552 1392 naturai,
1587 1320 1693 1376 sed
1738 1320 2045 1378 voluntate

383 1413 744 1486 peccaverit,
775 1414 860 1469 ita
899 1427 983 1482 se,
1015 1410 1079 1466 id
1106 1415 1197 1467 est
1222 1414 1503 1466 naturam
1549 1426 1749 1479 suam,
1774 1409 2044 1465 animam

381 1501 655 1559 videlicet
679 1506 738 1557 et
766 1516 1033 1565 carnem,
1054 1497 1370 1572 peccando
1390 1499 1712 1568 vitiavit,ut
1727 1497 1875 1553 nihil
1888 1514 1963 1553 ex
1973 1513 2045 1553 ea

383 1589 704 1663 complexu
715 1588 973 1646 naturali
989 1588 1103 1644 nisi
1118 1588 1395 1643 vitiatum
1404 1587 1644 1660 prodire
1657 1587 1859 1659 possit.
1872 1585 2045 1652 Quod

382 1680 445 1735 in
476 1686 644 1736 motu
675 1677 963 1751 pudendo
980 1677 1395 1733 membrorum
1418 1676 1768 1747 genitalium
1790 1680 1929 1749 post
1947 1691 2044 1731 eo-

380 1768 663 1824 rumdem
707 1766 1225 1840 protoplastorum
1272 1765 1740 1823 inobedientiam
1781 1765 2045 1822 declara-

1498 388 1557 447 Β.
1588 388 1727 447 PRII
1739 384 1975 445 DBN‘I‘II
1994 380 2373 443 mmsis
2400 378 2721 445 m1

3684 391 3808 457 ιω

2153 602 2281 657 mut
2308 602 2374 657 in
2405 603 2642 658 homine
2662 618 2782 657 uno
2808 621 2819 658 :
2850 618 2972 658 non
3002 603 3157 660 enim
3188 604 3297 659 ille
3321 603 3590 671 peccavit
3619 603 3683 659 in
3696 618 3807 659 om-

2153 691 2347 757 nibus,
2391 692 2493 747 sed
2520 707 2720 749 omnes
2750 694 2813 748 in
2870 693 2979 748 illo
2995 704 3019 763 ,'
3052 693 3207 750 sicut
3245 694 3402 750 enitet
3431 693 3541 751 ille
3565 692 3809 755 habebat

2146 781 2464 850 propriam
2488 782 2971 850 voluntatem,ila
2997 787 3051 838 et
3067 783 3386 851 proprium
3405 782 3811 851 peccatmEt

2153 870 2651 941 quemadmodum
2668 871 2728 925 in
2746 872 2854 926 illo
2877 872 3283 942 unusquisque
3296 872 3496 940 potuit
3501 872 3810 941 proprium

2155 961 2518 1016 committere
2542 960 2849 1031 delictum,
2896 962 2960 1017 in
2988 962 3163 1017 nullo
3193 962 3420 1032 quippe
3468 961 3810 1021 vindicatur

2145 1054 2316 1122 juste
2334 1052 2587 1107 alterius
2610 1057 2945 1121 peccatum,
2977 1052 3233 1121 proinde
3276 1052 3342 1107 in
3371 1052 3547 1109 nullo
3594 1057 3811 1113 natura

2149 1144 2435 1211 punitur,
2459 1143 2601 1213 quia
2631 1158 2708 1198 ea:
2736 1144 2855 1198 Deo
2883 1148 2988 1209 est,
3006 1148 3060 1198 et
3090 1158 3212 1198 non
3227 1148 3458 1212 peccat.
3498 1142 3697 1201 Motus
3715 1158 3813 1201 au-

2155 1235 2269 1287 tem
2284 1231 2663 1289 voluntarius
2678 1231 2989 1287 libidinose
3001 1236 3172 1287 utens
3182 1236 3422 1287 naturae
3434 1230 3811 1297 bono,merito

2146 1322 2430 1389 punitur,
2463 1322 2604 1392 quia
2632 1326 2871 1376 naturae
2903 1321 3089 1390 legem
3135 1320 3605 1391 transgreditur,
3636 1335 3810 1393 quam

2150 1409 2571 1479 proculdubio
2603 1425 2723 1465 non
2754 1410 3301 1480 transgrederetur,
3323 1410 3379 1465 si
3406 1408 3815 1469 substantiali-

2155 1506 2246 1555 ter
2274 1514 2313 1555 a
2341 1501 2462 1555 Deo
2491 1507 2823 1556 crearetur.
2852 1501 3014 1556 Hinc
3043 1504 3251 1569 aperte
3287 1500 3602 1570 colligitur
3624 1500 3688 1556 in
3709 1502 3812 1560 im-

2148 1590 2266 1658 piis
2294 1590 2596 1658 supplicia
2632 1605 2754 1644 non
2804 1590 3039 1659 perpeti
3089 1589 3251 1660 quod
3303 1590 3456 1645 Deus
3501 1589 3668 1658 fecit,
3716 1588 3814 1645 sed

2152 1679 2312 1749 quod
2333 1678 2615 1748 superbia
2645 1680 2851 1734 vitiose
2880 1681 3137 1734 invenit:
3164 1678 3349 1735 libido
3368 1677 3659 1749 siqtidem
3683 1693 3813 1747 per.

2153 1782 2336 1823 versa
2361 1769 2690 1823 voluntatis
2710 1768 3045 1835 cruciatur,
3077 1768 3221 1823 dum
3252 1783 3321 1825 ea
3357 1783 3491 1839 qua
3531 1769 3690 1827 male
3709 1772 3811 1827 aut

383 1862 512 1914 tum
537 1862 647 1929 est,
664 1857 769 1930 qui
799 1872 1121 1929 nunquam
1142 1856 1568 1911 suae'nuditatis
1585 1861 1763 1911 antea
1775 1855 2045 1911 erubuis-
2075 1873 2116 1927 Β
2154 1858 2401 1927 indigne
2429 1859 2679 1927 appetit,
2715 1857 2933 1913 habere
2961 1873 3083 1913 non
3115 1859 3359 1914 sinitur.

381 1962 446 2003 se
476 1947 709 2020 sibique
738 1946 1113 2019 perizomata
1135 1945 1446 2002 censuisse
1485 1945 1824 2001 referuntur
1870 1945 2039 2015 (Gen.

382 2054 467 2109 iu,
497 2037 572 2108 7).
606 2040 826 2092 Natura
854 2036 1057 2109 itaque
1100 2034 1515 2092 membrorum
1558 2035 1911 2105 genitalium
1941 2052 2045 2091 vo-

377 2126 661 2200 luptuose
690 2142 762 2181 ac
777 2124 1460 2198 concupiscentiabiliter
1485 2129 1698 2181 mutuo
1716 2142 1860 2181 sexu
1883 2142 2042 2181 com-

379 2216 579 2288 mista,
626 2214 881 2275 omnino
933 2214 1215 2287 quamvis
1260 2228 1386 2270 non
1429 2213 1660 2287 absque
1710 2214 2037 2279 voluntate,

378 2320 631 2379 peoeare
670 2304 1062 2370 convincitur,
1091 2319 1229 2376 quas
1274 2308 1394 2360 tam
1446 2303 1833 2375 improbabili
1871 2310 2038 2360 motu

377 2393 677 2450 deservire
708 2392 982 2465 nequiter
1003 2391 1454 2464 comprobatur.
1480 2392 1667 2447 Audi:
1700 2396 1869 2448 Nunc
1907 2396 2038 2448 tan-

377 2481 518 2539 dem
549 2486 707 2537 certe
731 2480 1592 2550 Pelagianiim,Ccelestianum,
1616 2480 1740 2536 imo
1760 2480 1809 2535 si
1828 2482 2035 2538 itadici

376 2572 589 2644 possit,
611 2570 914 2627 Julianum
932 2575 985 2626 te
1003 2585 1133 2625 esse
1154 2568 1498 2641 pronuntio,
1514 2569 1617 2641 qui
1632 2574 1771 2642 post
1789 2570 2040 2627 damna-

376 2664 504 2716 tam
533 2659 678 2714 olim
704 2674 1010 2716 consensu
1038 2657 1253 2714 mundi
1279 2658 1460 2713 totius
1484 2673 1698 2712 eorum
1735 2658 2036 2730 haeresim,

375 2763 598 2816 novus,
623 2752 691 2803 ut
716 2748 800 2803 ita
819 2745 1441 2817 dixerim-,sopitorum
1458 2744 1729 2801 cinerum
1770 2746 2035 2802 exsusci-

374 2842 529 2895 tator
553 2837 828 2906 emergis,
852 2840 913 2891 et
924 2835 1199 2891 naturale
1217 2839 1396 2906 atque
1416 2834 1704 2903 originale
1719 2841 2036 2907 peccatum

372 2924 657 2984 humanis
681 2925 916 2997 generis
947 2924 1288 2995 abjuras,ut
1312 2924 1564 2993 gratiam
1598 2924 1916 2994 gratuitam
1930 2941 2034 2981 au-

373 3016 551 3072 feras.
584 3015 669 3073 Illi
695 3016 857 3071 enim
886 3015 1167 3070 dixerunt
1194 3014 1408 3069 eadem
1438 3014 2033 3080 insania,imitatione

372 3109 687 3178 peccatum
722 3104 868 3160 Adae
896 3103 1181 3159 transisse
1211 3102 1271 3157 in
1304 3108 1595 3175 posteros,
1620 3118 1745 3158 non
1769 3110 1987 3161 natura
2015 3121 2029 3160 :

2834 2016 3136 2060 COBRECTIO

2223 2127 2266 2196 +
2288 2125 2576 2191 Quamvis
2602 2125 2846 2181 abunde
2874 2125 2970 2181 his
2998 2125 3123 2182 tuis
3152 2124 3550 2198 pravitatibus
3570 2140 3815 2197 respon-

2153 2229 2289 2269 sum
2323 2213 2577 2281 sit,illud
2608 2219 2811 2269 tamen
2840 2214 2902 2270 in
2934 2214 3018 2270 eis
3047 2215 3245 2287 primo
3270 2213 3564 2287 perpendi
3582 2216 3814 2285 oportet

2149 2302 2318 2374 quod
2346 2302 2722 2359 voluntatem
2753 2319 2789 2358 a
2821 2302 3167 2361 substantia
3195 2319 3502 2362 secernere
3530 2302 3811 2372 videaris,

2149 2407 2337 2464 quam
2367 2390 2577 2463 primis
2604 2391 2694 2447 tui
2730 2392 2937 2464 operis
2969 2392 3245 2463 partibus
3269 2392 3593 2451 essentiam
3634 2389 3817 2447 obsti-

2148 2480 2458 2536 natissime
2483 2479 2853 2536 aﬂirmabas.
2890 2481 3005 2536 Sed
3037 2480 3088 2536 si
3118 2485 3336 2538 natura
3361 2496 3487 2540 non
3532 2484 3641 2549 est,
3691 2494 3818 2553 quo

2148 2574 2326 2641 pacto
2356 2585 2392 2625 a
2414 2573 2533 2625 Deo
2565 2569 2947 2625 substitutam
2974 2569 3036 2624 in
3065 2568 3309 2625 homine
3338 2568 3559 2627 dixeris
3586 2584 3819 2641 nequa-

2147 2674 2337 2730 quam
2360 2658 2570 2714 video:
2604 2673 2748 2714 nam
2779 2658 2832 2713 si
2858 2662 3076 2714 natura
3105 2673 3229 2715 non
3258 2661 3364 2724 est,
3403 2656 3720 2728 quomodo
3746 2658 3820 2717 si-

2148 2752 2249 2804 cut
2270 2754 2489 2804 natura
2517 2749 2597 2805 ad
2626 2764 2839 2804 omnes
2879 2747 3151 2804 transiit?
3185 2750 3253 2803 Et
3301 2746 3377 2805 de
3419 2750 3643 2807 natura
3685 2746 3817 2819 qui-

2145 2837 2286 2892 dem
2315 2838 2605 2910 corporis,
2636 2837 2803 2910 quod
2831 2837 2894 2895 in
2918 2837 3020 2892 illo
3049 2853 3173 2893 uno
3193 2835 3813 2907 omniumllominum

2144 2925 2339 2994 fuerit,
2371 2926 2570 2982 nullus
2592 2926 2879 2995 ambigit:
2909 2926 3178 2982 nascitur
3206 2925 3368 2982 enim
3393 2925 3467 2981 de
3496 2939 3681 2983 carne
3710 2941 3812 2982 oa-

2142 3030 2210 3071 ro
2239 3033 2253 3083 ;
2279 3015 2388 3070 sed
2417 3019 2619 3070 utrum
2649 3020 2707 3070 et
2731 3016 2936 3071 anima
2962 3015 3230 3070 similiter
3259 3015 3337 3070 de
3364 3013 3571 3073 anima
3598 3030 3813 3073 nasca-

2144 3110 2239 3160 tur
2267 3120 2494 3174 magna
2522 3105 2775 3177 quaestio
2806 3110 2898 3160 est
2918 3110 2976 3160 et
3005 3120 3042 3160 a
3072 3105 3349 3161 Patribus
3379 3104 3483 3161 diu
3514 3103 3810 3165 multum-

370 3195 892 3268 quemadmodum
924 3193 1143 3249 veritas
1173 3193 1234 3247 in
1263 3192 1585 3264 Apostolos
1625 3197 1683 3248 et
1710 3208 1818 3264 per
1841 3197 2030 3266 Apos-
2061 3228 2105 3281 0
2140 3208 2260 3265 que
2290 3193 2589 3262 discussa,
2622 3193 2728 3248 sed
2759 3193 2992 3265 absque
3024 3198 3184 3249 certa
3205 3192 3551 3251 definitione
3580 3191 3808 3249 relicta.

370 3284 561 3341 tolum
582 3285 838 3341 clamat:
881 3298 1144 3356 quorum
1171 3286 1234 3338 tu
1265 3281 1735 3354 sequacissimus
1759 3281 2032 3339 volunta-

370 3377 445 3435 te.
476 3389 601 3431 non
625 3378 843 3430 natura
867 3371 1195 3429 identidem
1228 3371 1536 3427 clamitare
1560 3370 1858 3443 probaris.
1882 3375 2028 3428 Cum

370 3464 532 3520 enim
562 3468 815 3527 constet,
846 3462 1149 3534 hodieque
1178 3460 1498 3531 Evangelio
1556 3461 1811 3516 Domini
1839 3462 2030 3517 nostri

368 3556 517 3610 Jesu
546 3553 755 3610 Christi
806 3551 1034 3623 ubique
1087 3550 1355 3619 gentium
1383 3548 1733 3620 refulgente,
1763 3549 1862 3605 vix
1888 3565 2029 3622 pro-

368 3642 648 3699 vectioris
677 3641 892 3708 astatis,
912 3639 1021 3695 sed
1045 3655 1258 3695 omnes
1288 3655 1441 3712 pene
1470 3639 1757 3711 parvulos
1788 3640 2027 3696 infanti-

366 3731 441 3789 lis
478 3732 667 3788 aetatis
698 3731 774 3787 ad
839 3733 1222 3786 sacramenta
1278 3728 1660 3801 baptismatis
1703 3729 2025 3802 deportari,

367 3822 515 3895 quid
534 3822 596 3878 in
613 3822 696 3877 eis
714 3819 944 3894 peccati
961 3817 1220 3891 propriae
1240 3817 1565 3873 voluntatis
1583 3817 1827 3874 diluitur
1839 3834 2027 3892 quam

365 3913 629 3970 necdum
654 3910 847 3967 {etatis
873 3924 1126 3964 accessu
1169 3906 1393 3963 habere
1426 3906 1788 3963 valuerunt?
1841 3908 2028 3964 Habet

363 4002 545 4073 igitur
570 3998 1000 4069 inconvulsum
1026 3997 1178 4055 ﬁdes
1198 3995 1645 4068 catholica,non
1673 3995 1735 4051 in
1757 3996 1841 4052 eis
1854 4012 2029 4051 mun-

364 4091 496 4159 dari
525 4091 851 4167 privatum,
884 4088 989 4145 sed
1019 4086 1331 4158 originale,
1364 4086 1635 4141 naturale
1674 4086 2025 4160 avitumque

361 4177 893 4257 peccatum;quod
922 4192 1046 4234 non
1102 4177 1350 4251 propria
1379 4175 1674 4249 cujusque
1700 4177 2020 4247 nascentis,

364 4271 477 4341 sed
520 4267 965 4344 protoplastum
1013 4265 1320 4321 voluntate
1378 4265 1793 4338 commissum,
1824 4267 1907 4323 ita
1960 4283 2023 4323 se

362 4373 731 4431 omnemque
761 4372 835 4412 ex
861 4371 922 4410 se
949 4353 1359 4428 posteritatem
1404 4354 2024 4428 concupiscentialiter

360 4461 787 4525 processuram
818 4442 1132 4513 vitiavit,ut
1159 4447 1383 4499 {eterna
1413 4442 1803 4500 damnatione
1823 4449 2022 4502 tenea-

359 4541 456 4595 tur
476 4533 908 4599 obstricta,nisi
926 4531 1324 4588 succurrentis
1347 4532 1552 4604 gratim
1579 4531 1753 4589 fuerit
1773 4533 2024 4591 misera-

357 4626 518 4685 tione
545 4625 819 4682 liberata.
854 4627 981 4680 Non
1006 4622 1169 4679 enim
1199 4622 1496 4679 diceretur
1511 4623 1789 4679 naturale
1811 4640 2021 4696 pecca-

356 4721 511 4789 tum,
534 4716 580 4772 si
608 4731 732 4772 non
760 4717 919 4770 esset
948 4712 1128 4783 etiam
1143 4715 1394 4780 naturae,
1415 4712 1545 4783 jam
1565 4716 1768 4768 tamen
1782 4712 2015 4784 vitiatae,

353 4822 479 4863 non
509 4802 934 4863 tantummodo
958 4801 1305 4872 voluntatis,
1329 4816 1516 4875 quam
1539 4815 1661 4856 non
1699 4817 1827 4857 esse
1845 4807 2018 4861 natu-

352 4895 693 4967 ram,etiam
723 4897 779 4950 te
811 4893 1135 4960 adnitente,
1146 4890 1520 4964 jamdictum
1533 4894 1639 4947 est.
1665 4893 1889 4964 Itaque,
1914 4896 2019 4949 aut

351 5001 511 5057 nega
537 5001 677 5042 cum
706 4981 1037 5052 Pelagianis
1059 4979 1331 5037 naturale
1363 4983 1701 5053 peccatum,
1734 4986 1790 5036 et
1818 4986 2015 5038 everte

354 5074 711 5147 Apostolum
755 5072 1090 5128 dicentem:
1143 5072 1393 5126 Fuimus
1438 5086 1593 5127 enim
1624 5076 1851 5127 natura
1898 5073 2018 5141 ﬁlii

352 5164 462 5220 ira
490 5166 643 5219 sicut
663 5167 718 5219 et
748 5163 953 5219 caeteri
989 5161 1168 5233 (Eph.
1201 5177 1260 5228 ιι,
1294 5160 1371 5230 3),
1405 5175 1740 5231 omnesque
1771 5161 2013 5216 catholi-

352 5269 456 5309 cos
484 5251 675 5308 obrue
696 5268 709 5319 ;
733 5254 854 5318 aut,
868 5250 1037 5323 quod
1057 5248 1681 5321 optamus,veritatem
1701 5249 2011 5319 naturalis,

351 5342 733 5417 prpindeque
753 5338 1061 5409 originalis
1088 5339 1320 5411 peccati
1350 5338 1565 5410 recipe,
1599 5342 1657 5395 et
1685 5342 1741 5395 te
1771 5338 2013 5399 sinceri-

351 5434 457 5491 tati
482 5432 625 5489 ﬁdei
653 5429 1002 5487 Christianae
1033 5429 1277 5486 aseisce.

922 5534 948 5577 1
955 5535 1178 5576 OANNES
1238 5532 1443 5576 SGOTUS

423 5612 590 5684 (Cap.
622 5612 709 5681 {6,
738 5624 908 5666 num.
938 5606 1198 5678 l2,'sect.
1228 5609 1301 5680 3).
1331 5612 1370 5661 Θ
1392 5608 1699 5679 Siquidem
1727 5608 1867 5664 sieo
1903 5623 2011 5664 na-

356 5706 495 5756 tura
522 5701 915 5770 delinqueret,
945 5714 1081 5756 cum
1110 5714 1235 5755 una
1263 5700 1360 5767 sit,
1393 5704 1516 5755 tota
1549 5699 1820 5769 profecto
1848 5699 2009 5767 peri-

355 5794 487 5857 ret;
510 5791 612 5844 sed
630 5805 750 5844 non
776 5790 981 5858 periit,
1003 5789 1245 5860 quando
1277 5789 1774 5845 medicamentum
1805 5790 2011 5845 vulne-

356 5872 464 5940 ris,
494 5873 604 5928 hoc
629 5881 713 5931 est
730 5877 1067 5933 substantia
1084 5877 1516 5947 Redemptoris,
1537 5879 1607 5934 in
1621 5891 1697 5935 ea
1718 5877 2009 5943 remansit

2050 4588 2097 4643 D

2142 3284 2515 3356 Quapropter
2560 3283 2859 3355 quidquid
2895 3282 2972 3338 de
2997 3282 3305 3339 voluntate
3331 3283 3542 3354 (quam
3568 3286 3810 3338 constat

2139 3388 2247 3444 per
2276 3388 2338 3427 se
2369 3387 2491 3429 non
2519 3388 2651 3427 esse
2676 3377 2962 3428 naturam
2991 3372 3097 3429 sed
3112 3375 3363 3439 natura,
3393 3371 3455 3429 id
3477 3375 3564 3431 est
3585 3370 3809 3431 animm

2137 3466 2374 3517 motum
2403 3462 3002 3535 spontaneum)agis,
3033 3460 3318 3521 frivolum
3346 3476 3595 3533 prorsus
3626 3464 3691 3519 et
3715 3475 3808 3516 ve-

2135 3549 2297 3606 ritati
2323 3550 2691 3607 contrarium
2725 3550 3035 3621 judicatur
3059 3568 3075 3619 ;
3099 3550 3329 3623 quippe
3358 3565 3500 3609 cum
3527 3548 3809 3613 Voluntas

2140 3641 2293 3697 sicut
2319 3656 2426 3713 per
2456 3657 2517 3696 se
2542 3657 2667 3697 non
2706 3657 2865 3713 esse,
2896 3641 2978 3697 ita
3010 3656 3117 3713 per
3143 3656 3205 3696 se
3234 3639 3410 3711 velle,
3440 3639 3502 3697 id
3533 3643 3624 3699 est
3669 3655 3807 3701 mea

2138 3730 2282 3797 veri,
2313 3747 2437 3786 non
2466 3732 2674 3803 possit,
2708 3736 2764 3786 et
2792 3731 3092 3804 quidquid
3123 3730 3431 3788 voluntate
3461 3730 3683 3800 agitur,
3704 3746 3807 3790 von

2135 3819 2279 3876 lenti
2306 3820 2517 3893 procul
2544 3820 2731 3876 dubio
2761 3821 3109 3893 imputetur.
3142 3820 3275 3883 Vult
3304 3824 3509 3880 autem
3536 3819 3803 3887 animus,

2137 3913 2363 3965 etcum
2415 3925 2697 3982 perverse
2722 3910 2865 3981 vult,
2900 3911 3095 3982 ipsius,
3140 3910 3545 3983 perversitatis
3587 3910 3804 3970 merito

2130 3999 2265 4070 jure
2294 3998 2561 4070 punitur.

2208 4088 2266 4145 Si
2294 4093 2514 4144 natura
2554 4104 2679 4145 non
2709 4094 2939 4162 peccat,
2970 4089 3174 4159 arguis
3200 4088 3501 4147 mendacii
3539 4091 3801 4165 Aposto-

2131 4176 2393 4250 lum,qui
2423 4177 2499 4233 de
2528 4180 2651 4234 Deo
2681 4182 2848 4235 Patre
2877 4178 3022 4235 dicit
3051 4180 3198 4252 quia
3224 4178 3454 4235 miserit
3469 4177 3685 4238 Filium
3701 4194 3803 4235 su-

2130 4266 2327 4323 umin
2357 4266 2743 4323 similitudine
2773 4268 2970 4324 carnis
3029 4267 3260 4341 peccati
3310 4268 3500 4338 (Rom.
3549 4283 3665 4335 vni,
3720 4270 3797 4338 3),

2131 4355 2237 4428 qui
2261 4372 2577 4428 nunquam
2605 4356 2819 4413 habuit
2846 4372 3093 4413 carnem
3113 4373 3249 4429 quae
3290 4359 3448 4412 esset
3467 4355 3798 4417 similitudo

2131 4444 2330 4501 carnis
2359 4444 2611 4517 peccati,
2641 4444 2704 4500 id
2734 4449 2823 4501 est
2848 4450 3087 4516 nostrae,
3138 4445 3189 4503 si
3243 4450 3482 4513 natura,
3514 4443 3681 4516 quod
3709 4446 3799 4499 est

2128 4532 2337 4604 homo,
2368 4534 2431 4589 id
2449 4538 2539 4588 est
2568 4533 2775 4590 anima
2795 4539 2852 4590 et
2874 4550 3037 4597 caro,
3070 4550 3196 4593 non
3223 4538 3455 4607 peccat.
3506 4533 3792 4593 Bit'ariam

2127 4621 2311 4693 igitur
2331 4622 2649 4679 mentitum
2679 4624 3085 4695 deprehendis
3123 4623 3503 4696 Apostolum,
3527 4622 3697 4696 quod
3738 4627 3795 4679 et

2127 4713 2303 4769 Filius
2333 4712 2436 4767 Dei
2464 4728 2587 4769 non
2617 4713 2895 4770 habuerit
2916 4714 3372 4771 similitudinem
3420 4728 3570 4770 carn
3596 4728 3625 4769 s
3649 4728 3790 4783 pec-

2124 4803 2267 4871 cati,
2298 4800 2361 4857 id
2385 4805 2473 4858 est
2492 4818 2699 4859 veram
2726 4818 2991 4859 carnem.
3022 4805 3089 4859 Et
3108 4802 3276 4875 quod
3304 4801 3471 4860 nulla
3492 4802 3584 4871 sit,
3616 4801 3677 4858 id
3697 4806 3791 4858 est

2122 4895 2331 4947 nostra
2350 4907 2491 4948 caro
2519 4892 2926 4964 peccatique;
2942 4891 3308 4962 originaliter
3336 4907 3409 4951 ac
3436 4890 3788 4951 naturaliter

2120 4980 2356 5036 nullum
2386 4981 2585 5037 trahat
2612 4987 2948 5053 peccatum.
2979 4985 3096 5038 Nec
3125 4981 3408 5050 advenis,
3438 4980 3535 5043 vel
3570 4981 3721 5038 forte
3749 4995 3786 5037 a

2119 5069 2361 5126 nemine
2387 5069 2619 5125 adverti
2671 5075 2971 5139 autumas,
3019 5078 3254 5143 quanta
3308 5070 3372 5126 id
3419 5069 3782 5133 absurditas.

2119 5159 2245 5215 imo
2273 5159 2576 5232 impietas,
2604 5164 3051 5233 consequatur;
3103 5161 3153 5217 si
3182 5160 3343 5219 enim
3394 5164 3613 5219 natura
3658 5174 3782 5215 non

2118 5253 2347 5322 peccat,
2397 5264 2543 5318 ergo
2594 5265 2706 5306 nec
2755 5249 2941 5306 homo
3012 5254 3271 5322 peccat;
3321 5249 3372 5310 si
3417 5250 3605 5309 homo
3659 5263 3783 5309 non

2118 5344 2347 5412 peccat,
2398 5354 2541 5410 ergo
2585 5355 2698 5396 nec
2743 5339 2845 5395 Dei
2877 5339 3052 5396 Filius
3100 5339 3392 5399 Dominus
3441 5343 3651 5399 noster»
3687 5340 3780 5397 Je-

2119 5445 2221 5485 sus
2279 5425 2549 5485 Christus
2597 5445 2634 5484 a
2681 5429 2907 5486 caeteris
2956 5428 3329 5497 hominibus,
3381 5432 3636 5501 excepta
3685 5443 3783 5498 ge-

2118 5518 2442 5576 nerationis
2471 5523 2530 5575 et
2547 5519 2870 5576 nativitatis
2895 5518 3330 5589 singularitate,
3370 5517 3693 5591 dispescit:
3728 5515 3777 5574 si

2115 5609 2231 5665 hac
2257 5608 2607 5682 exceptione
2637 5613 2884 5674 secreta,
2914 5609 2978 5665 in
3006 5608 3173 5666 nullo
3227 5624 3265 5667 ε,
3294 5608 3521 5666 emeris
3550 5612 3773 5665 morta-

2114 5698 2272 5755 libus
2329 5699 2544 5770 dit’fert,
2618 5699 2841 5756 falsum
2896 5703 2985 5756 est
3051 5698 3220 5772 quod
3291 5698 3375 5756 ait
3444 5697 3774 5771 Propheta:

2119 5790 2410 5857 Quoniam
2482 5791 2612 5860 quis
2692 5791 2755 5846 in
2829 5789 3085 5846 nubibus
3169 5788 3510 5860 aequabitur
3574 5786 3774 5845 Domi-

2115 5875 3768 5949 ποτεὺπίιίςεπϋῦοωωοὺιβιίἱεῦρὶωωι
