3936 6370
160 259 301 312 1253

1098 258 1189 313 DE
1227 253 1907 333 ΡΒΔΕΒΕΕΤΙΝΑΤῙΟῆ
1935 253 2217 328 CONTRA
2252 256 2307 315 J.
2345 255 2639 317 SCOTUM.

3454 266 3591 331 1254

152 396 424 447 Lxxxvm,
459 379 533 450 7.)
570 379 627 436 Si
652 379 813 436 enim
841 384 1077 448 natura,
1100 381 1162 436 id
1192 385 1280 437 est
1298 382 1502 449 homo,
1527 396 1650 437 non
1677 395 1814 453 pec-
1842 382 1893 459 ᾼε
1930 379 2164 452 punita,
2196 380 2301 438 sed
2330 386 2547 439 natura
2573 400 2586 441 :
2619 382 2682 439 in
2711 399 2857 458 quo,
2884 388 2951 445 ut
2978 384 3264 455 diximus,
3295 387 3432 444 ideo
3485 404 3592 445 na-

151 474 269 535 cat,
296 469 560 541 aequales
609 474 749 525 sunt
796 470 1078 543 proprius
1114 470 1212 526 Dei
1240 470 1421 527 Filius
1464 474 1517 526 et
1550 465 1817 540 adoptivi

150 557 258 613 filii
290 558 390 613 Dei
419 576 432 626 ;
466 557 633 630 quod
664 557 808 630 quia
840 574 1052 614 omnes
1077 574 1230 631 pene
1276 556 1690 631 blasphemias
1721 571 1819 610 su-

151 650 345 719 perat,
376 645 692 703 fatendum
741 653 831 703 est
876 648 1217 704 testimonio
1264 648 1496 704 veracis
1548 643 1819 718 Apostoli

153 751 402 792 carnem
451 740 725 795 nostram
751 752 993 794 carnem
1024 753 1155 794 esse
1190 737 1444 808 peccati,
1469 735 1532 792 id
1562 739 1649 790 est
1678 749 1818 790 cum

153 830 404 897 peccato
437 830 806 897 generatam,
831 832 1188 900 conceptam
1209 832 1266 883 et
1285 827 1529 883 editam.
1555 826 1619 880 In
1645 825 1818 893 cujus

153 914 565 983 similitudine,
609 914 675 971 id
721 920 811 971 est
859 916 1099 973 veritate
1149 916 1345 973 carnis
1398 931 1538 971 cum
1569 917 1818 988 peccato

150 1018 267 1069 nec
299 1004 536 1075 genitae,
570 1020 681 1060 nec
707 1009 1033 1077 conceptae,
1052 1021 1163 1061 nec
1195 1005 1387 1072 editae,
1419 1003 1818 1065 miseritDeus

151 1094 327 1149 Pater
360 1094 569 1157 Filium
625 1111 823 1151 suum.
859 1098 922 1151 Et
950 1111 1027 1151 ne
1056 1095 1448 1153 usitatissima
1478 1094 1650 1150 vobis
1679 1108 1817 1165 pra-

148 1182 332 1247 vitate
378 1182 696 1239 baccheris
726 1183 788 1243 in
822 1183 985 1239 aliud
1015 1184 1349 1256 apostolica
1386 1183 1572 1241 verba
1600 1181 1818 1241 deﬂec-

148 1273 301 1337 tens,
338 1271 482 1327 audi
514 1273 845 1337 sequentia,
878 1278 944 1331 ut
973 1274 1047 1329 de
1070 1280 1336 1342 peccato,
1384 1273 1598 1345 inquit,
1648 1272 1819 1327 dam-

145 1365 328 1417 naret
348 1366 661 1429 peccatum
693 1363 757 1417 in
787 1377 991 1429 carne,
1023 1363 1138 1423 hoc
1164 1366 1271 1430 est,
1307 1367 1372 1420 ut
1401 1363 1474 1417 de
1501 1378 1679 1418 carne
1709 1376 1819 1417 sua

145 1451 708 1520 quaminstituerat
737 1467 872 1507 esse
902 1451 1165 1507 hostiam
1209 1468 1320 1524 pro
1350 1457 1618 1524 peccato.
1650 1450 1819 1507 dam-

144 1543 323 1597 naret
351 1546 692 1611 peccatum,
715 1545 934 1597 nostrae
956 1541 1125 1599 carni
1149 1542 1590 1611 ingeneratum,
1616 1557 1649 1596 a
1670 1557 1813 1612 quo,

145 1632 365 1699 praeter
385 1629 584 1700 ipsam
607 1629 822 1697 solam,
840 1630 1008 1687 nulla
1034 1636 1239 1688 nostra
1262 1648 1401 1687 caro
1431 1646 1663 1704 expers,
1687 1629 1819 1684 nul-

1928 473 2064 525 tura
2092 471 2304 542 punita
2323 477 2431 539 est,
2456 474 2600 547 quia
2620 478 2836 531 natura
2864 474 3141 549 perierat,
3159 477 3393 534 dicente
3419 477 3588 550 ipso:

1939 560 2109 616 Venit
2137 564 2293 617 enim
2339 563 2536 618 Filius
2569 563 2824 621 hominis
2855 580 3126 636 qucerere
3152 572 3207 623 et
3236 569 3474 624 salvum
3497 568 3593 637 fa-

1928 664 2061 706 cere
2083 652 2243 722 quod
2268 652 2534 720 perierat
2556 654 2798 721 (Matth.
2830 671 3000 719 xvm,
3034 655 3142 725 11).
3179 656 3236 713 Si
3275 657 3437 717 enim
3466 673 3591 715 non

1925 743 2149 795 natura
2195 740 2472 813 perierat,
2506 742 2611 798 sed
2659 742 2939 800 voluntas
2995 761 3281 819 nequam,
3313 763 3592 805 necessa-

1928 826 2086 885 rium
2124 826 2318 885 fuerat
2356 845 2394 886 a
2421 829 2524 885 Dei
2570 830 2717 887 Filio
2770 837 3053 891 naturam
3103 834 3347 910 suscipi,
3380 836 3487 895 sed
3528 835 3592 892 id

1926 917 2351 972 tantummodo
2407 919 2574 989 quod
2620 920 2896 992 perierat,
2940 922 3003 977 id
3052 928 3142 980 est
3198 924 3588 983 voluntatem.

1928 1004 2184 1060 Perierat
2210 1011 2413 1062 autem
2444 1007 2670 1076 anima,
2704 1025 2839 1082 qua:
2871 1026 2907 1067 a
2935 1010 3307 1068 beatitudine
3337 1014 3589 1089 extorris

1926 1091 2259 1149 diutissime
2286 1094 2638 1165 exsulabat;
2673 1098 2929 1169 perierat
2971 1105 3029 1157 et
3053 1118 3291 1175 corpus,
3324 1104 3491 1177 quod
3527 1104 3592 1160 in

1926 1181 2258 1254 pulverem,
2289 1184 2451 1240 unde
2503 1191 2813 1260 sumptum
2856 1189 3067 1260 fuerat,
3099 1190 3410 1248 fatiscebat
3439 1210 3451 1248 :
3485 1192 3592 1250 sed

1924 1274 2249 1343 utrumque
2280 1277 2627 1346 reparatum
2661 1279 2766 1337 est,
2801 1277 2944 1348 quia
2990 1280 3048 1333 et
3091 1279 3295 1335 anima
3337 1279 3590 1337 beatitu-

1926 1360 2073 1429 dini,
2105 1365 2160 1417 et
2190 1379 2413 1435 corpus
2441 1363 2875 1437 incorruptioni
2900 1383 3009 1439 per
3034 1367 3371 1429 Mediatoris
3397 1370 3595 1427 humi-

1925 1449 2154 1506 litatem
2184 1449 2557 1508 ineffabilem
2586 1454 2931 1511 restituitur.

1997 1539 2351 1595 Ambrosius
2383 1557 2693 1615 exponens
2730 1541 2791 1599 in
2839 1543 3102 1617 Epistola
3132 1545 3212 1601 ad
3256 1547 3592 1604 Corinthios

1925 1627 2280 1699 Apostolum
2327 1629 2627 1687 dicentem
2658 1633 2717 1700 (Ι
2742 1633 2888 1689 Cor.
2919 1651 2994 1703 ιιι,
3026 1634 3116 1705 26)
3151 1652 3163 1689 :
3198 1636 3448 1693 Mortem
3480 1639 3594 1694 Do-

145 1717 204 1775 la
252 1733 461 1774 exsors
510 1734 852 1790 numquam
901 1725 1037 1791 post
1066 1720 1575 1793 protoplastorum
1606 1719 1814 1775 inohe-
1842 1741 1889 1798 Β
1926 1718 2077 1771 mini
2123 1721 2559 1775 annuntz’antes
2607 1720 2795 1777 donec
2844 1724 3043 1778 veniat
3074 1723 3247 1795 [Quia
3287 1725 3469 1794 enim,
3500 1727 3592 1782 in-

147 1806 460 1878 dientiam,
488 1807 840 1880 justamque
872 1809 1167 1867 tremendi
1192 1810 1413 1881 judicis
1436 1810 1814 1868 animadver-

150 1896 401 1963 sionem,
435 1898 648 1969 potuit,
674 1902 868 1970 potest
888 1904 993 1954 aut
1022 1900 1237 1970 poterit
1265 1899 1558 1970 generari.
1610 1899 1814 1970 itaque

148 1989 196 2043 si
225 1985 472 2059 quidem
502 1987 735 2059 absque
764 1987 883 2047 ulla
914 1988 1336 2044 formidatione
1368 1989 1679 2047 fatendum
1701 1993 1813 2058 est,

149 2092 288 2135 caro
314 2076 543 2149 proprii
570 2076 691 2133 Filii
723 2077 823 2132 Dei
844 2077 1173 2133 similitudo
1204 2078 1310 2134 fuit
1336 2079 1533 2133 carnis
1564 2078 1811 2150 peccati,

147 2165 211 2223 id
258 2171 349 2229 est
394 2182 521 2223 non
570 2182 709 2222 cum
765 2174 1014 2239 peccato
1046 2172 1197 2237 sata,
1226 2174 1518 2240 concepta
1547 2173 1604 2224 et
1632 2168 1811 2238 edita,

149 2256 276 2314 sine
326 2272 450 2329 quo
477 2272 619 2314 caro
662 2258 912 2330 peccati,
941 2258 1002 2313 id
1031 2264 1120 2313 est
1146 2265 1372 2327 nostra,
1406 2274 1515 2314 nec
1547 2259 1680 2325 seri,
1704 2274 1813 2313 nec

147 2346 406 2419 concipi,
440 2362 549 2403 nec
578 2346 675 2402 edi
706 2347 883 2417 valet,
919 2347 1187 2419 sequitur
1218 2352 1280 2403 ut
1307 2354 1546 2415 natura,
1569 2365 1706 2420 quae
1728 2352 1816 2403 est

148 2451 286 2493 caro
335 2436 585 2509 peccati.
620 2436 898 2492 videlicet
950 2442 1155 2493 nostra
1201 2454 1364 2508 caro,
1398 2454 1645 2511 peccare
1676 2454 1814 2493 con-

146 2527 440 2585 vincatur.
477 2526 769 2593 Quoniam
799 2527 930 2596 quis
964 2528 1024 2582 in
1058 2527 1313 2582 nubibus
1344 2528 1817 2598 aaquabilurDo-

146 2617 328 2683 mino,
379 2616 591 2673 similis
642 2617 757 2670 erit
801 2617 1057 2671 Domina
1110 2618 1174 2672 in
1218 2618 1364 2686 [iiiis
1414 2618 1576 2674 Dei?
1620 2618 1810 2687 (Psal.

147 2720 411 2771 Lxxxvui,
432 2706 512 2775 7.)
534 2709 897 2761 lnconcusse
917 2706 1144 2778 quippe
1167 2706 1316 2761 ﬁdes
1344 2706 1637 2763 catholica
1658 2712 1815 2763 tenet

146 2793 437 2865 praedicat
465 2793 675 2851 Filium
708 2794 808 2853 Dei
860 2795 922 2855 in
952 2796 1089 2861 hoc,
1121 2800 1372 2867 excepta
1400 2796 1635 2853 deitatis
1670 2797 1813 2853 emi-

147 2883 371 2945 nentia,
424 2898 462 2938 a
510 2882 735 2939 caeteris
784 2882 1132 2938 hominibus
1182 2884 1460 2952 discerni,
1508 2884 1674 2956 quod
1702 2901 1813 2940 nec

149 2973 672 3045 concupiscentiali
684 2976 787 3040 ter,
810 2990 918 3029 nec
951 2990 1207 3028 sexuum
1240 2974 1686 3041 commissione,
1707 2974 1813 3029 sed

149 3062 275 3119 sola
327 3065 521 3120 sancti
572 3063 822 3135 Spiritus
880 3062 1619 3158 operatione‘conceptus,
1649 3063 1814 3158 nulla
1844 3102 1885 3158 ρ

148 3152 458 3222 originalis
503 3168 680 3209 noxae
731 3151 988 3224 potuerit
1036 3151 1378 3208 noxiatione
1408 3152 1624 3209 vitiari.
1650 3152 1814 3210 Ideo-

148 3256 261 3312 que
292 3246 420 3299 tam
447 3240 839 3312 conceptione
869 3255 1057 3312 quam
1084 3240 1414 3310 nativitate,
1437 3245 1494 3297 et
1518 3240 1651 3297 VittB
1676 3257 1814 3314 pro-

148 3346 337 3398 cessu,
374 3331 578 3386 omnis
626 3330 860 3402 peccati
916 3330 1205 3389 immunis
1234 3332 1396 3388 solus
1442 3332 1594 3388 liber
1621 3331 1815 3404 potuit

148 3420 302 3478 inter
352 3426 618 3476 mortuos
671 3435 807 3474 esse
838 3419 1022 3491 (Psal.
1056 3436 1303 3491 Lxxxvu,
1336 3424 1410 3492 ϋ),
1440 3422 1611 3491 cujus
1641 3426 1812 3479 natu-

148 3509 253 3565 rali
296 3509 603 3567 munditia
645 3524 859 3566 omnes
901 3514 1121 3569 nostrae
1149 3511 1453 3573 naturales
1500 3511 1812 3569 affectivze-

149 3614 262 3671 que
289 3599 694 3655 immunditiae
720 3603 1111 3669 tergerentur.

218 3688 492 3745 Peccavit
520 3688 724 3760 itaque
750 3688 812 3744 in
845 3688 1043 3760 primo
1083 3689 1330 3745 homine
1356 3693 1588 3745 naturae
1632 3704 1811 3759 gene-

151 3777 371 3846 ralitas,
397 3779 463 3835 id
486 3784 575 3835 est
603 3779 810 3836 anima
833 3780 1268 3853 concupiscens
1297 3780 1591 3850 illicitum,
1611 3786 1665 3836 et
1687 3797 1813 3837 cor-

151 3880 263 3937 pus
290 3884 415 3925 suaa
446 3869 670 3926 animle
692 3869 1194 3941 concupiscentiis
1219 3869 1663 3927 obsecundans.
1683 3874 1811 3927 Non

153 3955 307 4013 enim
348 3958 726 4015 voluntatem
751 3975 827 4014 ex
868 3958 1174 4016 voluntate
1221 3960 1411 4024 nasci,
1445 3960 1536 4015 vel
1566 3976 1671 4031 per
1702 3965 1815 4017 tra-

154 4043 362 4103 ducem
413 4048 479 4104 in
529 4048 930 4122 propaginem
989 4048 1270 4129 diffundi,
1297 4054 1454 4106 recte
1483 4064 1812 4121 possumus

153 4131 360 4204 dicere,
389 4154 533 4194 cum
577 4154 703 4194 non
753 4138 827 4194 sit
872 4143 1107 4204 natura,
1141 4138 1295 4195 sicut
1342 4142 1499 4195 recte
1528 4139 1811 4204 dicimus,

153 4219 453 4284 hominem
485 4242 559 4283 ex
584 4226 853 4295 homine,
871 4227 1040 4298 quod
1069 4231 1159 4283 est
1181 4231 1419 4283 natura.
1457 4228 1539 4281 Ac
1570 4243 1677 4299 per
1695 4228 1811 4282 hoc

153 4314 271 4369 tota
301 4318 579 4389 perierat,
602 4318 748 4391 quia
769 4323 894 4374 tota
916 4318 1287 4391 deliquerat;
1312 4323 1369 4374 et
1391 4318 1535 4391 quia
1566 4323 1687 4374 tota
1706 4334 1810 4391 pe-

152 4399 340 4475 rierat,
372 4410 499 4464 tota
528 4424 566 4464 a
596 4409 699 4463 Dei
731 4408 871 4464 Filio
899 4408 1188 4463 veraciter
1228 4407 1810 4480 misericorditerque

154 4501 425 4568 suscepta
470 4502 582 4554 est.
615 4500 758 4553 Tota
804 4502 1007 4554 autem
1053 4503 1331 4569 suscepta
1377 4501 1484 4566 est,
1515 4496 1578 4553 id
1607 4501 1717 4563 est,
1747 4502 1813 4555 ut

155 4580 274 4636 tota
299 4581 683 4652 liberaretur;
706 4590 832 4642 tota
849 4602 990 4642 vero
1018 4585 1271 4642 liberata
1298 4590 1403 4652 est,
1429 4585 1574 4658 quia
1601 4591 1722 4642 tota
1750 4586 1812 4643 in

156 4667 254 4723 Dei
290 4672 429 4731 Filio
467 4675 820 4749 passionem
864 4690 1152 4748 perpessa
1199 4678 1304 4732 est.
1337 4677 1481 4733 Tota
1509 4675 1571 4731 in
1597 4691 1668 4732 eo
1699 4680 1813 4730 tor-

156 4763 441 4831 mentum,
473 4764 713 4823 tametsi
742 4763 1026 4827 indebite,
1056 4763 1315 4835 pertulit,
1348 4763 1492 4836 quia
1535 4768 1627 4820 est
1681 4780 1810 4820 cor-

158 4855 266 4912 Plls
295 4851 655 4909 cruciatibus
684 4852 950 4911 attritum
980 4851 1423 4924 sepulturaeque
1452 4851 1813 4909 mandatum

161 4936 258 4997 Bst.
283 4940 339 4993 et
365 4941 592 5011 anima,
614 4942 821 4999 relicto
849 4942 928 4998 ad
954 4946 1191 5013 tempus
1213 4956 1484 5012 corpore,
1504 4941 1814 4998 liberrima

158 5018 370 5084 inferos
396 5033 748 5103 penetravit.
778 5036 922 5090 Tota
946 5032 1087 5089 item
1138 5031 1329 5088 libera
1371 5035 1478 5098 est,
1507 5031 1653 5103 quia
1683 5032 1811 5087 citae

160 5120 597 5177 resurrectionis
650 5121 844 5193 gloria
896 5122 971 5178 de
1021 5119 1403 5194 corruptione
1434 5119 1509 5175 ad
1541 5119 1811 5176 incorru-

160 5198 437 5277 Ptionem,
468 5211 547 5267 de
594 5216 787 5268 morte
827 5211 907 5268 ad
952 5210 1160 5278 vitam,
1210 5209 1287 5266 de
1331 5208 1690 5265 mortalitate
1734 5209 1814 5265 ad

162 5283 662 5358 immortalitatem
710 5300 963 5358 transiit.
1000 5302 1131 5357 Non
1188 5299 1391 5371 itaque
1433 5298 1498 5353 in
1540 5297 1642 5354 Dei
1671 5297 1812 5355 Filio

162 5376 430 5463 Yoluntas
470 5390 682 5461 punita
706 5396 814 5463 est,
847 5406 984 5463 quae
1036 5389 1188 5447 nulli
1217 5404 1493 5461 unquam
1530 5388 1813 5461 pravitati

166 5461 272 5560 fuit
297 5469 574 5560 obnoxia,
599 5481 707 5537 sed
727 5461 965 5550 natu—ra,
989 5496 1177 5552 quam
1206 5480 1269 5535 in
1290 5478 1482 5535 Adam
1513 5477 1813 5551 perditam

253 5558 443 5632 seipso
463 5569 725 5627 mirabili
745 5570 1091 5641 dignatione
1120 5568 1421 5642 reparavit
1445 5572 1503 5624 et
1521 5566 1809 5623 liberavit.

172 5638 323 5735 .Sicut
366 5654 522 5713 enim
563 5658 750 5731 paulo
812 5638 950 5715 ante
999 5638 1423 5731 praemisimus,
1471 5655 1814 5712 nullatenus

169 5741 231 5787 ¹¹¹¹
273 5746 341 5809 9°
385 5746 441 5800 οἱ
478 5748 852 5818 quibusdam
897 5748 1191 5817 membris
1236 5748 1371 5820 ejus
1727 5749 1818 5821 est

1926 1806 2075 1879 quit,
2109 1812 2301 1863 morte
2336 1809 2572 1865 Domini
2609 1809 2843 1867 liberati
2875 1828 3104 1873 sumus,
3138 1813 3321 1885 hujus
3350 1816 3437 1872 rei
3465 1832 3592 1872 me-

1925 1911 2124 1950 mores
2172 1896 2235 1951 in
2284 1896 2520 1953 edendo
2549 1902 2606 1954 et
2651 1899 2920 1972 potando
2954 1916 3197 1956 carnem
3247 1908 3304 1959 et
3346 1905 3591 1974 sangui-

1924 2000 2086 2056 nem,
2118 2002 2254 2058 quas
2310 2004 2422 2059 pro
2474 1987 2652 2044 nobis
2690 1988 2893 2046 oblata
2943 1994 3102 2054 sunt,
3156 1992 3590 2064 signiﬁcamus,

1925 2078 2161 2131 Novum
2208 2080 2658 2134 Testamentum
2700 2079 2763 2134 in
2810 2080 2902 2135 his
2933 2083 3258 2154 consecuti,
3290 2083 3457 2156 quod
3505 2089 3594 2140 est

1924 2180 2085 2220 nova
2112 2165 2229 2236 lex,
2263 2183 2398 2240 quae
2430 2166 2815 2224 obedientem
2864 2169 2981 2225 sibi
3027 2171 3209 2227 tradit
3250 2172 3591 2229 cmlestibus

1922 2254 2123 2322 regnis
2157 2272 2169 2309 :
2205 2271 2351 2311 nam
2383 2260 2440 2312 et
2469 2259 2700 2329 Moyses
2733 2262 2980 2332 accepto
3007 2260 3300 2331 sanguine
3330 2261 3499 2318 vituli
3528 2262 3591 2318 in

1923 2347 2150 2415 patera,
2184 2346 2447 2417 aspersit
2466 2345 2622 2402 ﬁlios
2645 2346 2823 2403 Israel
2851 2347 3090 2405 dicens:
3131 2353 3250 2406 Hoc
3279 2355 3369 2407 est
3397 2355 3591 2410 Testa-

1922 2438 2198 2493 mentum
2225 2436 2390 2506 quod
2418 2436 2720 2508 disposuit
2745 2439 2900 2493 Deus
2927 2438 3009 2494 ad
3036 2456 3148 2495 vos
3175 2441 3394 2510 (Exod.
3421 2458 3590 2512 xxxv,

1924 2525 2066 2589 6-8).
2102 2526 2221 2579 Hoc
2276 2524 2474 2593 ﬁgura
2528 2524 2639 2583 fuit
2682 2527 3040 2584 Testamenti
3086 2529 3256 2601 quod
3303 2531 3591 2588 Dominus

1925 2614 2159 2667 Novum
2188 2612 2518 2685 appellavit
2564 2630 2671 2687 per
2699 2617 3081 2689 prophetam,
3110 2623 3178 2674 ut
3224 2618 3373 2675 illud
3412 2623 3590 2676 Vetus

1923 2702 1997 2757 sit
2024 2703 2191 2775 quod
2220 2707 2449 2777 Moyses
2480 2706 2744 2762 tradidit.
2775 2709 3222 2765 Testamentum
3270 2725 3413 2780 ergo
3454 2727 3591 2769 san-

1923 2793 2101 2861 guine
2141 2794 2531 2850 constitutum
2561 2800 2669 2861 est,
2700 2796 2845 2869 quia
2892 2796 3167 2854 beneﬁcii
3209 2799 3398 2856 divini
3447 2816 3588 2858 san-

1923 2881 2056 2951 guis
2093 2882 2261 2938 testis
2296 2888 2383 2938 est
2410 2883 2473 2938 in
2503 2884 2675 2955 cujus
2706 2890 2922 2958 typum
2966 2903 3080 2943 nos
3109 2887 3356 2945 calicem
3386 2892 3592 2963 mysti-

1923 2987 2063 3025 cum
2107 2973 2421 3043 sanguinis
2463 2974 2543 3028 ad
2581 2975 2894 3033 tuitionem
2955 2979 3225 3051 corporis
3266 2984 3325 3035 et
3368 2980 3587 3036 animae

1922 3065 2142 3115 nostrae
2174 3061 2567 3133 percipimus,
2594 3064 2739 3135 quia
2787 3065 3035 3134 sanguis
3064 3067 3301 3122 Domini
3347 3068 3589 3138 sangui-

1921 3164 2063 3204 nem
2093 3154 2370 3205 nostrum
2398 3151 2674 3222 redemit,
2702 3152 2765 3207 id
2793 3158 2884 3208 est
2910 3158 3102 3211 totum
3133 3155 3441 3212 hominem
3473 3157 3587 3213 sal-

1919 3254 2067 3293 vum
2095 3238 2248 3295 fecit.
2284 3240 2435 3296 Caro
2479 3244 2639 3296 enim
2688 3242 3009 3299 Salvatoris
3062 3259 3174 3317 pro
3221 3245 3410 3302 salute
3453 3262 3585 3303 cor-

1921 3326 2107 3399 poris,
2162 3327 2412 3398 sanguis
2461 3344 2605 3384 vero
2654 3345 2767 3402 pro
2817 3331 3019 3387 anima
3070 3338 3278 3390 nostra
3328 3334 3583 3408 effusus,

1921 3420 2034 3485 est,
2088 3416 2238 3472 sicut
2285 3418 2455 3491 prius
2526 3420 2982 3492 praeﬁguratum
3043 3422 3237 3480 fuerat
3295 3439 3333 3480 a
3387 3428 3586 3498 Moyse

1923 3508 2131 3574 (Hebr.
2167 3512 2271 3575 ix).
2321 3509 2415 3565 Sic
2462 3510 2624 3565 enim
2671 3510 2795 3566 ait:
2833 3513 3012 3581 Caro,
3041 3512 3255 3586 inquit,
3298 3530 3417 3585 pro
3462 3531 3587 3571 cor-

1912 3612 2066 3665 pore
2118 3603 2312 3653 vestro
2372 3600 2649 3669 offertur,
2708 3602 2959 3672 sanguis
3014 3617 3153 3660 vero
3208 3619 3324 3673 pro
3380 3607 3588 3661 anima

1923 3688 2131 3757 (Levii.
2160 3703 2300 3755 xvu,
2334 3692 2444 3758 Η),
2475 3689 2734 3762 ideoque
2757 3705 2882 3746 non
2914 3680 3412 3748 manducandum
3444 3709 3586 3753 san-

1922 3777 2188 3847 guinem.
2225 3778 2283 3835 Si
2312 3779 2493 3848 igitur
2530 3780 2698 3851 apud
2735 3785 2967 3836 veteres
2999 3782 3204 3851 imago
3232 3782 3343 3838 fuit
3369 3783 3585 3839 verita-

1919 3866 2014 3931 tis,
2047 3882 2183 3938 quae
2231 3881 2395 3923 nunc
2424 3868 2709 3939 apparuit
2736 3873 2794 3923 et
2837 3868 3225 3926 manifestata
3254 3875 3343 3927 est
3370 3871 3431 3926 in
3465 3870 3588 3928 Sal-

1920 3956 2146 4010 vatoris
2192 3956 2476 4023 adventu,
2510 3956 2826 4029 quomodo
2873 3958 3168 4014 haereticis
3216 3961 3587 4016 contrarium

1921 4044 2158 4100 videtur
2184 4047 2362 4100 Vetus
2402 4048 2589 4109 Novo,
2622 4062 2762 4103 cum
2803 4046 2938 4119 ipsa
2969 4047 3085 4103 sibi
3134 4047 3392 4105 invicem
3430 4049 3587 4106 testis

1920 4134 2128 4189 monio
2162 4134 2283 4190 sint
2312 4135 2339 4188 ‘2

1993 4224 2036 4292 -ι-
2067 4222 2225 4279 Beda
2252 4223 2315 4279 in
2346 4225 2726 4297 Expositione
2757 4227 2997 4283 Genesis
3031 4245 3044 4283 :
3077 4230 3146 4285 Et
3172 4228 3443 4302 quidem,
3473 4230 3590 4304 ipsi

1924 4311 2035 4367 sibi
2068 4312 2335 4369 fecerant
2379 4314 2749 4386 perizomata
2780 4316 2857 4373 de
2886 4317 3040 4373 foliis
3077 4319 3198 4390 ﬁci,
3229 4319 3453 4392 quibus
3479 4337 3589 4393 pu-

1924 4402 2126 4459 denda
2176 4408 2445 4473 tegerent
2490 4406 2658 4472 (Gen.
2694 4420 2775 4474 ιιι,
2809 4408 2864 4478 7)
2893 4424 2907 4475 ;
2941 4407 3049 4463 sed
3092 4411 3247 4464 Deus
3295 4408 3438 4465 facit
3470 4409 3588 4467 illis

1924 4493 2161 4549 tunicas
2191 4487 2473 4565 pelliceas
2501 4494 2724 4567 quibus
2752 4511 2934 4551 omne
2964 4512 3186 4568 corpus
3220 4496 3461 4553 illorum
3503 4497 3591 4554 in-

1923 4583 2091 4653 duat,
2109 4584 2255 4655 quia
2273 4584 2408 4656 ipsi,
2433 4585 2669 4656 perdita
2688 4601 2797 4657 per
2817 4586 3372 4657 praevaricationem
3397 4585 3591 4656 gloria

1921 4671 2302 4742 innocentiae,
2328 4673 2703 4744 praetendere
2725 4673 2841 4728 sibi
2871 4673 3144 4730 velamen
3165 4674 3586 4744 excusationis,
3638 4713 3643 4718 .

1922 4777 2047 4834 qua
2079 4777 2255 4817 suam
2281 4763 2524 4834 culpam
2548 4762 2611 4817 in
2652 4762 3035 4819 Conditorem
3081 4763 3585 4833 transfunderent,

1923 4855 1981 4905 et
2009 4850 2139 4921 ipse
2169 4850 2454 4905 Conditor
2480 4850 2614 4906 illos
2644 4866 2751 4923 per
2781 4851 3137 4907 sententiam
3171 4852 3323 4923 justi
3352 4852 3585 4924 judicii,

1923 4938 2127 4995 oblato
2158 4942 2318 4994 statu
2369 4938 2507 4995 vitae
2554 4938 2969 5008 immutabilis,
3001 4940 3063 4996 in
3090 4940 3298 4999 anima
3323 4942 3505 5000 simul
3531 4946 3591 5000 et

1924 5042 2104 5085 carne
2133 5027 2446 5085 mulctavit
2472 5044 2656 5101 poena
2685 5029 3105 5104 mortalitatis]

1993 5120 2036 5188 -ι-
2066 5121 2357 5174 Memento
2386 5118 2535 5190 quid
2564 5118 2781 5175 beatus
2813 5120 3180 5192 Augustinus
3204 5121 3419 5179 dixerit
3448 5123 3589 5194 (Επε-

1924 5207 2166 5274 chirid.,
2196 5223 2332 5280 cap.
2362 5209 2454 5280 30)
2487 5226 2500 5263 :
2532 5207 2713 5279 [Quid
2742 5208 2905 5265 enim
2950 5210 3099 5267 boni
3139 5215 3424 5284 operatur
3452 5212 3583 5282 [al.,

1923 5296 2161 5370 operari
2208 5297 2426 5369 potest]
2476 5298 2767 5370 perditus,
2797 5299 2918 5355 nisi
2970 5306 3270 5373 quantum
3322 5300 3502 5365 fuerit
3550 5317 3589 5358 a

1922 5385 2258 5460 perditione
2333 5391 2650 5459 reparatus
2707 5388 2835 5460 [al.,
2889 5387 3247 5460 liberatus]?
3302 5389 3588 5463 Nunquid

1923 5476 2114 5533 libero
2165 5475 2485 5533 voluntatis
2541 5477 2787 5535 arbitrio
2818 5479 2846 5534 Ἰ
2896 5480 2960 5533 Et
3014 5477 3132 5534 hoc
3162 5478 3318 5539 absit
3375 5497 3388 5536 :
3442 5494 3586 5537 nam

1922 5566 2111 5623 libero
2141 5564 2386 5622 arbitrio
2430 5566 2589 5623 male
2619 5571 2795 5624 utens
2823 5567 3030 5638 homo,
3062 5569 3121 5623 et
3149 5583 3217 5624 se
3243 5567 3503 5641 perdidit
3532 5573 3589 5627 et

1924 5674 2144 5731 ipsum.

1995 5747 2031 5820 1:
2060 5746 2226 5804 Idem
2245 5745 2307 5805 in
2336 5745 2590 5825 epistola
2619 5746 2700 5807 ad
2719 5747 3003 5817 Vitalem:
3030 5746 3125 5825 [Et
3143 5746 3229 5807 sic
3249 5748 3422 5837 eripit
3438 5765 3590 5827 vasa
