3936 6372
419 285 553 339 1255

1499 283 1558 336 S.
1597 281 1972 337 PRUDENTII
2011 277 2401 337 TRECENSIS
2442 281 2754 338 EPlSCOPl

3713 287 3850 340 {‘256

417 405 550 476 ejus
581 421 965 478 quaecunque
996 404 1450 478 prmdestinavit
1493 405 1744 478 eripere,
1777 404 2141 461 arbitriumA
2185 404 2510 460 commisit.
2539 404 2669 460 Alia
2699 409 2792 460 est
2816 419 2959 474 ergo
2987 403 3273 460 cruciatio
3303 419 3602 476 perversaa
3642 407 3853 463 volun-

415 509 626 550 eorum
659 495 738 550 ab
782 495 911 565 ejus
939 494 1202 550 liberans
1233 498 1543 566 potestate,
1579 499 1643 549 ut
1683 493 1785 550 illo
1814 510 1936 550 non
1966 494 2076 549 im-

413 584 692 657 pediente
718 585 966 640 credant
994 585 1056 640 in
1080 585 1260 640 istum
1292 583 1481 640 libera
1513 583 1839 651 voluntate,
1870 585 2074 657 proin-

413 672 488 728 de
531 674 645 728 hoc
692 688 846 744 opus
893 677 980 728 est
1023 675 1249 743 gratiae,
1276 689 1400 728 non
1455 677 1706 729 naturze.
1759 674 1921 745 Opus
1964 677 2074 742 est,

411 760 684 834 inquam,
742 761 969 832 gratiae,
1027 778 1214 835 quam
1267 761 1446 818 nobis
1527 760 1720 817 attulit
1770 761 2073 816 secundus

409 850 625 918 Adam,
668 865 788 906 non
833 855 1088 920 naturae,
1120 867 1308 924 quam
1351 851 1612 924 perdidit
1660 850 1722 906 in
1754 851 2075 923 semetipso

408 938 641 1010 primus
669 939 912 1012 Adam.]

477 1045 514 1111 'i'
545 1047 616 1102 Se
645 1046 807 1102 enim
836 1045 1118 1120 perdidit,
1150 1046 1211 1103 id
1236 1051 1325 1103 est
1352 1051 1634 1104 naturam
1679 1064 1874 1113 suam,
1907 1045 2074 1119 quod

407 1140 496 1189 est
519 1134 726 1191 anima
755 1140 813 1191 et
842 1152 1082 1208 corpus.
1118 1139 1238 1192 Hoc
1287 1151 1430 1206 ergo
1478 1136 1756 1208 perierat,
1787 1135 1930 1207 quia
1960 1135 2073 1190 hoc

406 1222 615 1295 utique
637 1231 1032 1297 peccaverat;
1063 1230 1118 1282 et
1147 1225 1294 1298 quia
1321 1226 1437 1280 hoc
1468 1229 1661 1280 totum
1693 1227 2071 1299 peccaverat,

407 1316 726 1384 propterea
769 1318 957 1370 totam
1005 1331 1275 1370 massam
1319 1317 1687 1386 corruperat,
1721 1318 1784 1368 ut
1827 1312 1973 1368 nihil
2003 1329 2077 1368 ex

411 1415 484 1455 ea
537 1402 799 1459 naturali
857 1403 1278 1475 conjunctione
1328 1402 1512 1458 maris
1568 1407 1624 1457 et
1681 1402 1918 1457 feminae
1964 1401 2078 1462 nisi

407 1495 785 1562 corruptum,
819 1507 890 1547 ac
921 1508 1027 1563 per
1067 1491 1185 1547 hoc
1216 1491 1394 1546 morti
1441 1489 1775 1560 subditum,
1806 1505 2078 1545 nascere-

407 1581 503 1633 tur
527 1596 539 1630 :
565 1582 622 1634 et
648 1585 968 1652 propterea
991 1581 1151 1652 juste
1178 1580 1441 1644 alterius,
1472 1579 1534 1635 id
1564 1583 1652 1635 est
1678 1579 1854 1650 primi
1885 1578 2078 1634 homi-

406 1667 520 1736 nis,
567 1675 884 1742 peccatum
913 1670 976 1726 in
1024 1669 1232 1738 altero,
1265 1670 1327 1726 id
1375 1674 1463 1725 est
1510 1669 1678 1742 prole
1724 1669 1906 1739 illius,
1937 1685 2075 1741 quae

2186 495 2341 562 tatis,
2375 495 2523 550 dum
2572 511 2646 551 ea
2675 512 2812 568 quae
2851 495 3010 551 male
3041 499 3143 550 aut
3188 495 3434 565 indigne
3464 497 3714 570 appetit,
3746 497 3852 553 ha-

2183 583 2325 640 bere
2353 600 2476 640 non
2509 585 2743 655 sinitur,
2763 584 2931 656 quod
2955 589 3158 640 tamen
3185 584 3264 639 ad
3295 585 3627 642 cruciatum
3649 586 3853 642 volen-

2185 671 2256 726 tis
2282 671 2563 740 refertur;
2589 671 2708 728 alia
2737 688 2877 728 cum
2902 671 3000 728 hic
3029 671 3124 727 vel
3144 672 3537 744 postmodum
3566 674 3779 730 anima
3800 681 3854 730 et

2183 776 2404 833 corpus
2431 761 2766 818 manifestis
2787 767 2968 835 atque
2995 761 3372 817 evidentibus
3393 764 3702 819 tormentis
3723 764 3853 820 afﬁ-

2183 849 2353 906 citur.
2375 854 2719 906 lntueamur
2741 867 2885 906 sane
2909 851 3326 924 cujuscunque
3357 851 3540 908 maris
3559 868 3773 909 semen
3794 853 3853 908 in

2182 937 2408 993 femina
2438 938 2809 1005 seminantis,
2844 938 3011 1010 quod
3041 943 3323 994 naturam
3357 954 3485 995 esse
3529 955 3853 1014 nunquam

2180 1025 2458 1095 negabis,
2491 1025 2768 1082 videlicet
2803 1042 2877 1082 ex
2905 1031 3144 1094 natura,
3177 1025 3241 1081 id
3269 1031 3358 1082 est
3387 1042 3569 1084 carne
3597 1027 3853 1084 serentis

2183 1113 2490 1184 prodiens.
2510 1113 2852 1186 exceptorio
2883 1113 3032 1169 uteri
3059 1113 3369 1170 muliebris
3399 1115 3690 1185 infusum,
3714 1133 3854 1189 quae

2183 1203 2246 1258 in
2268 1218 2339 1258 eo
2358 1202 2677 1259 voluntas?
2699 1206 2864 1259 Certe
2885 1203 3224 1259 inanimum
3241 1220 3370 1259 esse
3389 1221 3594 1261 semen
3610 1222 3854 1262 mascu-

2184 1292 2223 1348 li
2251 1292 2499 1364 quando
2526 1293 2928 1365 profunditur,
2958 1292 3163 1348 nullus
3193 1292 3478 1349 ditﬁtetur
3511 1310 3524 1349 :
3554 1294 3659 1350 ubi
3710 1311 3855 1366 ergo

2185 1381 2463 1437 voluntas
2494 1381 2554 1437 in
2588 1382 2819 1438 semine
2839 1382 2867 1438 ?
2898 1385 3047 1438 Nam
3078 1381 3452 1438 voluntatem
3483 1383 3674 1439 animi
3700 1400 3853 1451 esse,

2186 1471 2322 1543 quis
2351 1471 2623 1526 nesciat?
2655 1474 2802 1527 Cum
2835 1485 2978 1540 ergo
3007 1471 3070 1526 in
3117 1470 3374 1526 serenda
3420 1471 3589 1544 prole
3615 1477 3856 1529 constet

2187 1558 2384 1614 solum
2410 1575 2614 1614 semen
2645 1559 2910 1615 inanime
2935 1559 3240 1628 seminari,
3265 1564 3322 1615 et
3349 1565 3486 1632 post
3519 1576 3623 1632 per
3675 1561 3856 1617 inter-

2183 1647 2345 1702 valla
2365 1652 2706 1721 temporum
2726 1647 2876 1702 illud
2897 1663 2933 1703 a
2955 1648 3261 1703 conditore
3287 1647 3694 1705 universitatis
3721 1665 3856 1705 coa-

405 1761 497 1812 est
525 1736 717 1814 totum
749 1774 940 1829 genus
970 1736 1332 1827 humanum,
1365 1736 1725 1828 vindicatur,
1759 1736 1904 1830 quia
1950 1736 2075 1812 cor-
2104 1765 2144 1819 Β
2185 1736 2397 1830 stilari,
2427 1736 2821 1830 coagillatunl
2845 1736 2905 1830 ίξι
2938 1736 3216 1792 membra
3240 1737 3486 1830 Ρῐξφξπίξι
3538 1737 3850 1830 ἀίῗῌξλθδνίν

402 1846 745 1918 ruptionem
777 1852 1045 1920 paternas
1085 1847 1305 1904 radicis
1353 1851 1476 1904 tota
1522 1847 1872 1903 naturaliter
1900 1846 2075 1901 sobo-

400 1933 487 1990 les
513 1936 690 1992 traxit
721 1952 794 1992 ex
823 1953 1064 2006 genere.
1093 1937 1261 1992 Certe
1292 1936 1351 1991 in
1385 1936 1655 2009 parvulis
1704 1935 1936 1991 nullam
1976 1951 2074 1990 vo-

399 2021 643 2080 luntatis
672 2025 763 2080 vel
796 2026 1047 2081 actionis
1093 2026 1352 2098 propriae
1408 2025 1885 2095 singularitatem
1913 2041 2072 2079 asse-

399 2129 527 2170 rere
576 2115 822 2188 poteris,
868 2116 972 2190 qui
1032 2119 1234 2172 tamen
1293 2132 1506 2172 omnes
1565 2120 1731 2171 extra
1782 2114 2069 2186 baptismi

399 2204 656 2274 gratiam
707 2205 1054 2273 morientes,
1086 2222 1209 2262 non
1242 2223 1375 2277 suo,
1408 2206 1513 2261 sed
1543 2205 1900 2278 protOplasti
1934 2221 2070 2277 pec-

399 2298 535 2350 cato
575 2301 866 2368 perpetua
894 2295 1172 2369 plexione
1202 2295 1597 2353 damnantur.

471 2419 618 2476 Hinc
649 2421 1014 2491 Augustinus
1043 2421 1105 2477 in
1159 2421 1312 2477 libro
1343 2419 1728 2476 Enchiridion
1761 2424 1896 2491 (cap
1925 2420 2013 2490 46)
2053 2437 2066 2475 :

397 2507 741 2578 [Parentum
775 2526 1019 2583 quoque
1048 2511 1309 2584 peccatis
1334 2508 1622 2582 parvulos
1645 2507 1918 2577 obligari,
1941 2523 2067 2562 non

398 2596 595 2652 solum
645 2598 982 2670 primorum
1040 2599 1382 2663 hominum,
1416 2597 1525 2652 sed
1580 2596 1761 2652 etiam
1801 2595 2065 2650 ﬁliorum

399 2684 531 2755 [al.,
565 2687 863 2757 suorum],
895 2688 970 2742 de
1015 2687 1239 2759 quibus
1283 2686 1396 2758 ipsi
1436 2685 1561 2740 nati
1604 2691 1762 2750 sunt,
1797 2699 1922 2739 non
1951 2683 2062 2738 im-

399 2773 788 2844 probabiliter
816 2775 1051 2831 dicitur.
1078 2775 1184 2830 Illa
1213 2775 1440 2847 quippe
1483 2773 1690 2828 divina
1721 2773 2015 2828 sententia
2047 2791 2059 2828 :

395 2862 665 2919 Reddam
705 2870 955 2932 peccata
997 2871 1248 2934 patrum
1277 2865 1342 2919 in
1369 2864 1528 2932 ﬁlios
1563 2863 1757 2934 (Deut.
1787 2878 1840 2931 v,
1874 2863 1948 2933 9),
1983 2866 2065 2917 te-

397 2955 498 3008 net
521 2968 625 3007 eos
658 2953 880 3026 utique,
916 2959 1243 3027 antequam
1293 2970 1400 3026 per
1437 2951 1953 3022 regenerationem
1984 2951 2063 3006 ad

395 3043 839 3099 Testamentum
886 3047 1121 3100 Novum
1178 3043 1471 3116 incipiant
1526 3041 1843 3115 pertinere.
1888 3041 2061 3106 Quod

396 3129 850 3189 Testamentum
893 3133 1384 3207 prophetabatur,
1436 3149 1576 3188 cum
1626 3131 1923 3186 diceretur
1953 3146 2059 3202 per
2089 3122 2129 3176 C

392 3220 758 3278 Ezechielem
789 3238 913 3278 non
939 3227 1292 3296 accepturos
1335 3222 1489 3277 ﬁlios
1537 3225 1785 3293 peccata
1813 3224 2056 3292 patrum

393 3324 664 3380 suorum,
686 3327 797 3366 nec
826 3311 1072 3367 ulterius
1102 3312 1364 3367 futuram
1394 3311 1455 3366 in
1484 3309 1665 3365 Israel
1695 3307 2056 3381 parabolam

391 3396 556 3453 illam
590 3415 604 3453 Ζ
636 3401 850 3455 Patres
889 3401 1413 3457 manducaverunt
1446 3416 1626 3456 uvam
1666 3399 1969 3464 acerbam,
2001 3404 2055 3454 ϐε

392 3487 596 3542 dentes
639 3489 909 3556 ﬁliorum
953 3491 1387 3559 obstupuerunt
1441 3491 1675 3560 (Ezech.
1725 3505 1888 3552 xvni,
1940 3489 2052 3560 20).

393 3573 532 3629 Ideo
571 3576 732 3630 enim
781 3576 1038 3650 quisque
1082 3578 1439 3648 renascitur,
1466 3583 1532 3633 ut
1581 3577 1848 3632 solvatur
1875 3579 1938 3632 in
1983 3593 2054 3632 eo

391 3665 690 3739 quidquid
721 3668 951 3740 peccati
990 3674 1076 3724 est
1106 3685 1245 3724 cum
1276 3684 1399 3740 quo
1424 3667 1711 3732 nascitur,
1744 3683 1889 3722 nam
1918 3684 2054 3740 pec-

390 3760 525 3811 cata
552 3773 689 3829 quae
721 3757 878 3814 male
908 3759 1146 3828 agendo
1168 3762 1379 3831 postea
1409 3755 1885 3824 committuntur,
1910 3772 2052 3826 pos-

388 3848 529 3900 sunt
557 3850 615 3901 et
641 3847 991 3918 paenitendo
1023 3847 1245 3915 sanari,
1271 3847 1423 3902 sicut
1450 3846 1629 3902 etiam
1660 3848 1800 3916 post
1827 3843 2054 3916 baptis-

385 3947 558 3988 mum
596 3933 725 3990 ﬁeri
770 3935 1070 3992 videmus.
1104 3938 1189 3991 Ac
1213 3951 1321 4009 per
1350 3935 1465 3991 hoc
1503 3949 1625 3989 non
1658 3932 1821 3989 aliud
1852 3937 1940 3987 est
1967 3932 2052 3987 in-

384 4021 588 4078 stituta
616 4027 1010 4095 regeneratio,
1033 4027 1147 4082 nisi
1178 4026 1322 4099 quia
1349 4025 1564 4081 vitiosa
1589 4027 1676 4078 est
1706 4022 2044 4092 generatio;

386 4126 578 4184 usque
607 4114 759 4170 adeo
790 4119 855 4171 ut
883 4116 1061 4171 etiam
1101 4116 1176 4171 de
1205 4115 1470 4185 legitimo
1500 4111 1886 4169 matrimonio
1913 4127 2048 4184 pro-

385 4205 621 4256 creatus
651 4201 813 4258 dicat
844 4221 858 4258 :
891 4205 963 4259 In
1004 4204 1426 4277 iniquitatibus
1457 4208 1773 4271 conceptus
1804 4218 1956 4270 sum,
1989 4207 2042 4257 ct

385 4289 449 4345 in
491 4292 756 4360 peccatis
784 4298 979 4349 mater
1005 4309 1137 4350 mea
1161 4309 1254 4350 me
1292 4295 1355 4349 in
1391 4299 1560 4349 utero
1591 4293 1745 4348 aluit
1771 4291 1959 4359 (Psal.
1985 4307 2038 4362 L,

383 4379 457 4452 7).
491 4384 692 4454 Neque
720 4382 816 4438 hic
844 4382 1012 4453 dixit,
1037 4383 1100 4438 in
1129 4382 1440 4454 iniquitate
1470 4381 1565 4437 vel
1592 4385 1860 4453 peccato,
1897 4398 2036 4436 cum

383 4473 441 4526 et
467 4471 582 4528 hoc
604 4478 759 4530 recte
790 4473 906 4529 dici
934 4477 1169 4546 posset;
1201 4471 1308 4528 sed
1336 4470 1676 4543 iniquitates
1708 4474 1766 4525 et
1787 4475 2037 4542 peccata
2067 4478 2110 4532 D

381 4560 577 4619 dicere
615 4563 846 4620 maluit.
878 4563 1030 4629 Quia
1058 4567 1113 4620 et
1143 4562 1203 4618 in
1229 4561 1332 4617 illo
1364 4577 1506 4630 uno,
1538 4560 1705 4633 quod
1735 4559 1796 4614 in
1826 4576 2039 4615 omnes

377 4650 656 4710 homines
686 4654 1046 4727 pertransiit,
1068 4653 1356 4727 quodque
1378 4652 1508 4722 [al.,
1540 4655 1743 4724 atque]
1769 4655 1890 4706 tam
1918 4666 2044 4706 ma-

379 4757 568 4813 gnum
599 4749 706 4813 est,
731 4749 797 4801 ut
823 4761 896 4801 eo
929 4748 1262 4801 mutaretur
1292 4746 1348 4798 et
1377 4745 1818 4798 converteretur
1842 4741 1905 4795 in
1935 4756 2040 4796 ne-

379 4834 719 4891 cessitatem
765 4835 976 4892 mortis
1023 4835 1296 4890 humana
1350 4835 1588 4899 natura,
1638 4830 2038 4903 reperiuntur,

379 4921 536 4978 sicut
563 4939 750 4996 supra
777 4923 1056 4994 disserui,
1089 4923 1266 4996 plura
1303 4925 1552 4994 peccata
1591 4924 1648 4976 et
1681 4919 1799 4976 alia
1828 4933 2042 4991 paren-

377 5011 527 5078 tum,
556 5027 694 5084 quae
743 5013 850 5068 etsi
888 5029 1014 5069 non
1061 5013 1142 5069 ita
1187 5014 1442 5085 possunt
1469 5013 1704 5066 mutare
1733 5013 2036 5079 naturam,

374 5103 545 5155 reatu
572 5103 776 5156 tamen
805 5101 1079 5170 obligant
1121 5101 1300 5166 ﬁlios,
1329 5098 1447 5156 nisi
1479 5097 1738 5170 gratuita
1764 5100 1955 5168 gratia
1982 5100 2040 5153 et

373 5189 788 5246 misericordia
815 5189 1021 5246 divina
1047 5189 1408 5260 subveniat]

443 5319 485 5388 -ι-
514 5317 704 5373 Audis
731 5320 1052 5390 parentum
1079 5318 1339 5389 peccatis
1367 5315 1652 5390 parvulos
1681 5313 1954 5384 obligari,
1977 5317 2036 5371 et

372 5405 519 5462 dicis
539 5406 600 5463 in
622 5406 789 5463 nullo
809 5406 1103 5463 vindicari
1119 5407 1278 5478 juste
1301 5405 1541 5462 alterius
1559 5405 1905 5477 peccatum?
1921 5406 2035 5457 Au-

372 5492 464 5550 dis
485 5502 766 5553 naturam
787 5501 978 5552 morte
1002 5498 1298 5570 punitam,
1323 5499 1380 5552 et
1398 5495 1545 5551 dicis
1576 5495 1636 5550 in
1667 5493 1832 5550 nullo
1861 5496 2035 5549 natu-

373 5595 501 5639 ram
526 5585 764 5656 puniri?
785 5585 1098 5642 Verissime
1120 5587 1322 5658 itaque
1345 5583 1558 5640 dicitur
1579 5583 1640 5639 in
1671 5582 1870 5655 impiis
1893 5597 2034 5653 sup-

373 5669 551 5737 plicia
589 5675 817 5744 perpeti
847 5675 1013 5744 quod
1042 5680 1196 5731 Deus
1218 5675 1372 5737 fecit,
1394 5675 1455 5730 id
1485 5679 1573 5730 est
1594 5677 1782 5729 totam
1816 5672 2030 5728 huma-

373 5767 521 5812 nam
556 5759 976 5830 substantiam,
1012 5764 1118 5819 sed
1151 5763 1364 5820 merito
1406 5763 1656 5835 peccati,
1689 5759 1854 5833 quod
1898 5764 2022 5818 tota

2182 1826 2551 1883 delineatum
2580 1827 2847 1897 formari,
2872 1827 3199 1883 formatum
3230 1827 3492 1895 solidari,
3525 1827 3852 1884 solidatum

2183 1917 2486 1990 spiraculo
2524 1917 2658 1973 vitae
2688 1917 2994 1974 animari?
3022 1917 3314 1973 Nimirum
3359 1923 3595 1974 constat
3621 1934 3854 1992 nequa-

2180 2022 2367 2079 quam
2393 2006 2506 2062 sibi
2527 2007 2676 2063 velle
2704 2007 2870 2080 prius
2891 2008 3107 2076 inesse,
3133 2023 3320 2080 quam
3347 2007 3406 2062 id
3430 2007 3709 2064 videlicet
3730 2009 3852 2064 ani-

2180 2113 2348 2152 mam
2381 2097 2640 2153 auctoris
2670 2113 2920 2153 munere
2953 2103 3377 2170 consequatur,
3401 2097 3574 2169 cujus
3605 2099 3851 2171 proprie

2178 2186 2328 2242 velle
2349 2203 2474 2242 non
2503 2186 2832 2242 dubitatur.
2863 2187 3094 2242 Clamat
3125 2192 3326 2242 tamen
3368 2187 3667 2259 Propheta
3685 2187 3852 2258 inge-

2177 2275 2458 2340 miscens,
2481 2280 2537 2330 et
2559 2275 2699 2330 dicit
2727 2293 2738 2329 :
2763 2277 2916 2332 Ecce
2936 2277 3089 2332 enim
3118 2277 3178 2331 in
3206 2277 3626 2348 iniquitatibus
3648 2292 3852 2333 conce-

2165 2369 2313 2433 ptus
2345 2380 2496 2430 sum,
2532 2369 2586 2419 et
2625 2365 2689 2419 in
2735 2367 3000 2433 peccatis
3051 2367 3321 2434 concepit
3367 2380 3458 2421 me
3487 2371 3685 2422 mater
3720 2381 3850 2422 mea

2176 2454 2366 2520 (Psal.
2392 2469 2443 2515 L,
2469 2456 2544 2520 7).
2579 2453 2824 2526 Concipi
2863 2459 3063 2509 autem
3095 2469 3303 2510 semen
3350 2453 3553 2510 nullus
3581 2453 3848 2524 ignorat,

2175 2542 2342 2614 quod
2366 2558 2503 2596 cum
2524 2541 2757 2614 absque
2780 2543 3255 2599 contradictione
3278 2543 3531 2606 bonum,
3551 2544 3705 2617 quia
3728 2561 3852 2600 om-

2174 2631 2267 2684 nis
2281 2635 2554 2687 creatura
2571 2632 2668 2686 Dei
2683 2631 2869 2694 bona,
2884 2632 3306 2705 mundumque
3321 2633 3602 2700 sit,omne
3617 2633 3849 2706 quippe

2172 2717 2402 2773 bonum
2433 2717 2753 2784 mundum,
2776 2724 2832 2774 et
2849 2719 3083 2774 nullum
3109 2720 3409 2774 mundum
3432 2736 3553 2776 non
3576 2721 3845 2777 bonum:

2172 2805 2570 2877 quaerendum
2585 2811 2673 2862 est
2687 2822 2876 2879 quare
2890 2822 2952 2860 se
2970 2805 3030 2861 in
3047 2805 3463 2877 iniquitatibus
3478 2813 3846 2881 conceptum

2171 2893 2460 2965 deploret.
2486 2898 2612 2950 Non
2644 2895 2803 2951 enim
2837 2895 2899 2950 in
2931 2894 3073 2960 suis,
3107 2910 3245 2967 quae
3275 2910 3384 2966 per
3402 2896 3728 2966 propriam
3755 2913 3846 2952 vo-

2169 2983 2462 3040 luntatem
2513 2985 2713 3041 adhuc
2761 2985 2927 3040 nulla
2975 2988 3136 3052 sunt,
3169 2985 3275 3040 sed
3317 2983 3529 3056 procul
3559 2985 3759 3044 dubio
3788 2988 3839 3042 in

2171 3072 2348 3143 primi
2397 3073 2822 3146 propagatoris
2871 3073 3080 3139 nostri,
3109 3088 3182 3128 ex
3225 3087 3349 3145 quo
3392 3089 3532 3128 cum
3565 3073 3843 3132 humana

2171 3162 2508 3218 substantia
2528 3163 2662 3234 jure
2683 3162 2975 3218 damnata
2994 3161 3373 3234 iniquitatem
3390 3163 3705 3220 nascendo
3731 3169 3842 3220 tra-

2167 3250 2393 3322 himus,
2405 3267 2594 3324 quam
2613 3251 2958 3307 nullatenus
2975 3251 3092 3306 nisi
3107 3251 3482 3307 renascendo
3498 3252 3834 3308 evadimus.

2169 3341 2287 3395 Hoc
2326 3345 2528 3396 tamen
2575 3339 2779 3412 ipsum
2812 3354 3016 3394 semen
3044 3337 3257 3394 beatus
3299 3339 3414 3395 Job
3446 3339 3834 3396 immundum

2165 3443 2383 3484 vocare
2403 3443 2526 3484 non
2557 3428 2790 3499 metuit,
2821 3444 2959 3484 cum
2991 3427 3170 3483 dicit:
3206 3427 3345 3495 Quis
3387 3434 3580 3497 potest
3625 3430 3835 3498 facere

2163 3519 2456 3574 mundum
2487 3520 2559 3574 de
2577 3518 2886 3574 immundo
2919 3523 3267 3587 conceptum
3317 3519 3582 3574 semine?
3608 3516 3836 3572 Nonne

2167 3614 2230 3662 tu
2257 3610 2361 3680 qui
2379 3609 2542 3663 solus
2557 3623 2615 3664 es
2634 3611 2662 3662 ?
2684 3607 2814 3678 (Job
2833 3623 2953 3677 xw,
2977 3610 3054 3677 4).
3080 3609 3296 3672 Quare,
3318 3623 3546 3679 quaeso,
3567 3606 3830 3662 immun-

2163 3696 2311 3752 dum
2331 3697 2360 3752 ‘I
2389 3713 2528 3752 cum
2561 3696 2851 3751 Dominus
2876 3696 3102 3768 pastori
3134 3696 3404 3751 Ecclesiae
3433 3696 3593 3752 dicat
3618 3712 3632 3750 :
3659 3694 3828 3763 Quod

2161 3787 2320 3841 Deus
2348 3786 2685 3847 mundavit,
2705 3791 2771 3841 tu
2792 3801 2868 3841 ne
2887 3800 3200 3841 commune
3218 3786 3445 3841 dureris
3467 3784 3627 3854 (Act.
3642 3801 3723 3853 x1,
3739 3787 3816 3854 9};

2161 3878 2216 3928 et
2246 3874 2307 3928 in
2331 3873 2651 3944 Evangelio
2671 3893 2684 3930 :
2707 3875 2843 3931 Non
2863 3889 2933 3930 ea
2953 3890 3087 3946 quae
3118 3876 3352 3932 intrant
3375 3875 3437 3930 in
3467 3889 3531 3929 os
3559 3874 3818 3945 coinqui-

2159 3969 2310 4019 nant
2346 3963 2662 4033 hominem,
2685 3963 2789 4019 sed
2827 3978 2955 4033 quae
2980 3963 3053 4018 de
3077 3962 3254 4020 corde
3299 3965 3542 4033 exeunt,
3563 3976 3634 4018 ea
3656 3962 3813 4018 coin-

2156 4054 2414 4123 quinant
2447 4053 2740 4108 hominem
2770 4052 3013 4123 (Matth.
3036 4068 3134 4122 xv,
3172 4051 3278 4123 ll).
3310 4053 3376 4108 In
3403 4051 3630 4107 semine
3654 4066 3810 4119 vero,

2153 4143 2320 4214 quod
2342 4142 2574 4207 seritur,
2595 4141 2827 4198 nullam
2848 4142 3043 4197 inesse
3072 4142 3383 4214 prOpriam
3409 4140 3651 4196 volendi
3682 4156 3810 4213 pos-

2153 4230 2499 4287 sibilitatem
2526 4236 2704 4303 atque
2727 4230 3037 4286 scientiam
3059 4230 3196 4302 quis
3208 4230 3464 4286 nesciat?
3486 4229 3649 4285 Unde
3671 4243 3808 4299 ergo

2149 4318 2537 4376 immundum
2569 4321 2696 4376 est?
2727 4319 3009 4392 Nunquid
3039 4336 3114 4375 ex
3134 4335 3205 4375 eo
3235 4319 3404 4392 quod
3423 4323 3514 4375 est
3537 4324 3810 4375 creatura

2151 4409 2289 4465 Dei?
2337 4409 2524 4465 Absit.
2569 4411 2768 4465 Restat
2833 4409 3014 4480 igitur
3059 4413 3120 4465 ut
3170 4425 3242 4464 ex
3312 4408 3558 4464 traduce
3599 4408 3810 4481 iniqui-

2150 4499 2284 4556 tatis
2316 4499 2664 4572 primigenae
2695 4499 3082 4554 immundum
3107 4498 3426 4569 fateamur,
3448 4498 3616 4572 quod
3636 4514 3712 4554 ex
3731 4497 3809 4553 di-

2151 4589 2372 4660 gnitate
2394 4589 2605 4661 primm
2625 4588 2987 4645 conditionis
3011 4587 3311 4644 mundum
3333 4588 3631 4644 catholica
3652 4591 3806 4645 tenet

2149 4684 2206 4735 et
2252 4679 2549 4735 convincit
2597 4678 2875 4734 Ecclesia.
2911 4681 3072 4734 Patet
3117 4679 3321 4751 itaque
3346 4682 3516 4735 reatu
3546 4682 3802 4751 paternae

2148 4767 2643 4839 transgressionis
2673 4767 3061 4824 immundum
3088 4767 3226 4836 seri,
3257 4767 3492 4841 concipi
3533 4772 3591 4824 et
3617 4767 3797 4833 nasci,

2147 4859 2314 4932 quod
2343 4859 2600 4932 puritate
2629 4858 2840 4930 primae
2887 4858 3206 4915 creationis
3236 4858 3536 4915 mundum
3579 4857 3798 4915 factum

2145 4948 2348 5005 nullus
2377 4949 2496 5005 nisi
2526 4964 2740 5022 expers
2770 4948 3031 5004 veritatis
3065 4948 3304 5018 ignorat
3333 4952 3437 5005 aut
3461 4951 3660 5019 negat.

2219 5037 2362 5093 Hinc
2385 5037 2702 5108 Gregorius
2719 5037 2780 5092 in
2800 5036 3109 5094 Moralium
3125 5036 3280 5094 libro
3300 5035 3622 5092 undecimo
3647 5038 3791 5110 (cap.

2143 5127 2341 5196 ult.,in
2357 5128 2522 5199 ﬁne).
2539 5127 2849 5200 [lsquiper
2860 5143 2922 5183 se
2936 5127 3097 5184 solus
3109 5128 3493 5198 estmundus,
3507 5128 3789 5185 mundare

2142 5217 2426 5292 praevalet
2438 5217 2775 5274 immunda.
2789 5217 2982 5274 Homo
2994 5217 3154 5274 enim
3167 5217 3228 5274 in
3241 5217 3611 5290 corruptibili
3623 5231 3787 5274 carne

2141 5309 2352 5364 vivens
2362 5307 2546 5364 habet
2559 5307 2952 5364 tentationum
2967 5307 3382 5364 immunditias
3395 5307 3723 5380 impressas
3733 5306 3785 5360 in

2143 5398 2492 5471 semetipso,
2508 5397 2652 5470 quia
2666 5396 2954 5454 nimirum
2975 5413 3077 5456 eas
3099 5397 3268 5454 traxit
3289 5397 3368 5453 ab
3389 5396 3637 5467 origine.
3663 5400 3782 5469 Ipsa

2139 5488 2365 5561 quippe
2381 5491 2625 5560 propter
2640 5486 3099 5543 delectationem
3117 5487 3312 5542 carnis
3329 5487 3380 5557 ej
3392 5503 3459 5542 us
3485 5484 3779 5559 conceptio

2136 5577 2522 5633 immunditia
2543 5580 2666 5633 est:
2692 5577 2852 5633 unde
2875 5581 2931 5634 et
2968 5576 3283 5634 Psalmista
3312 5577 3393 5632 ait
3419 5594 3433 5631 :
3456 5577 3612 5634 Ecce
3638 5577 3777 5632 enim

2137 5670 2199 5724 in
2221 5669 2638 5740 iniquitatibus
2660 5675 2976 5738 conceptus
2993 5675 3204 5738 sum,et
3221 5671 3285 5724 in
3307 5668 3548 5723 delectis
3557 5665 3774 5737 peperit

2135 5773 2228 5816 me
2247 5765 2442 5817 mater
2459 5774 2591 5816 mea
2610 5758 2802 5831 (Psal.
2824 5773 2878 5832 L,
2900 5759 2974 5832 7).
3001 5759 3144 5816 Hinc
3173 5761 3262 5816 cst
3297 5772 3442 5830 ergo
3468 5756 3637 5830 quod
3664 5755 3773 5830 ple-
