3936 6454
434 331 570 388 1259

427 459 840 531 plenissimus,
869 457 974 515 sed
1005 456 1418 524 inanissimus,
1460 457 1750 517 cassatur,
1783 467 1966 523 quem
1999 449 2084 503 sic

426 551 795 632 proposuisti
822 569 835 607 :

430 722 437 725 .
991 679 1231 723 JOANNES
1280 676 1505 720 SCOTUS.

494 764 662 836 (Cap.
694 764 778 828 l6,
811 773 983 814 num.
1016 756 1101 823 15,
1137 757 1278 810 sect.
1307 756 1386 819 4).
1436 756 1476 806 Θ
1513 750 1696 807 Omne
1729 748 1944 805 bonum
1972 751 2083 802 aut

420 856 580 912 Deus
609 857 714 921 est,
730 856 839 907 aut
863 864 938 906 ex
958 850 1077 905 Deo
1094 846 1329 916 factum
1346 850 1468 913 est;
1491 854 1662 897 omne
1684 838 1845 911 quod
1864 851 1941 893 ex
1964 838 2082 892 Deo

417 949 651 1017 factum
668 948 775 1013 est,
793 940 1033 997 nultum
1059 936 1271 994 vitium
1306 934 1445 991 boni
1458 933 1524 1002 ef
1518 931 1675 1000 ﬁcit:
1699 943 1871 986 omne
1894 927 2082 997 igitur

419 1036 633 1092 bonum
661 1032 899 1088 nultum
928 1029 1142 1084 vitium
1178 1024 1317 1080 boni
1339 1022 1577 1092 efﬁcere
1616 1024 1830 1088 potest.
1884 1017 1958 1070 Et
1989 1031 2081 1070 re-

415 1124 654 1192 ﬂexim.’
708 1120 965 1174 Nullum
996 1115 1199 1172 vitium
1253 1112 1444 1183 igitur
1503 1110 1640 1165 boni
1667 1123 1741 1163 ex
1792 1106 1941 1161 bono
1972 1109 2077 1160 est.

418 1216 600 1271 0mm
624 1215 936 1283 peccatum
967 1207 1111 1279 quia
1162 1203 1394 1260 malum
1423 1206 1527 1267 est,
1552 1199 1762 1254 vitium
1796 1195 1935 1251 boni
1954 1199 2038 1250 est
2063 1209 2074 1246 :

414 1318 587 1361 omne
602 1302 814 1360 vitium
837 1298 977 1354 boni
997 1311 1073 1355 ex
1098 1294 1248 1350 bono
1265 1306 1385 1347 non
1406 1295 1488 1346 est
1502 1304 1528 1344 .’
1553 1300 1727 1343 omne
1746 1285 1934 1355 igitur
1945 1297 2080 1352 pec-

416 1399 639 1455 catum,
672 1391 816 1464 quia
843 1387 1094 1450 malum,
1121 1387 1226 1450 est,
1258 1395 1333 1437 ea:
1373 1381 1521 1435 bono
1564 1390 1686 1432 esse
1712 1389 1832 1430 non
1860 1378 2070 1464 potest.

419 1484 622 1540 Omnis
640 1462 927 1538 creatura
946 1473 1198 1531 rationis
1214 1470 1521 1541 particeps
1542 1479 1829 1535 magnum
1857 1462 2072 1516 bonum

417 1579 535 1631 cst:
564 1587 641 1629 ea:
662 1571 837 1627 natio
886 1568 1037 1623 bono
1062 1563 1293 1620 malum
1316 1574 1338 1614 ε
1379 1572 1453 1614 ea:
1481 1556 1659 1612 nulla
1698 1555 1886 1623 igitur
1914 1566 2078 1607 crea-

443 1677 560 1720 ura
584 1659 841 1718 rationis
867 1653 1168 1727 participe
1188 1654 1501 1721 peccatum
1536 1651 1642 1702 est.

1082 1780 1411 1827 CORRECTIO.

483 1882 525 1950 -ὶ-
555 1876 733 1934 Multo
764 1874 901 1929 ante
929 1867 1114 1927 verba
1155 1864 1317 1922 beati
1364 1858 1674 1933 Augustini
1698 1855 2067 1950 posuimus,

410 1944 633 2045 quibus
659 1970 797 2023 tuus
820 1962 928 2019 iste
951 1956 1334 2045 syliogismus
1358 1944 2069 2045 mendacti‘depre‘lrendi:

410 2036 505 2118 thr
530 2054 782 2116 dicentis
833 2051 1104 2125 (August.
1136 2044 1386 2102 Enchir.
1417 2059 1549 2116 cap.
1591 2040 1670 2109 l3)
1699 2058 1709 2095 :
1744 2036 1919 2111 (Quid
1983 2040 2069 2091 est

409 2155 612 2209 autem
639 2143 838 2203 malus
866 2143 1052 2198 homo
1084 2136 1198 2194 nisi
1243 2133 1404 2192 mala
1433 2137 1669 2195 natura,
1698 2129 1842 2203 quia
1881 2129 2065 2183 homo

405 2248 624 2301 natura
654 2241 760 2295 est.
796 2238 975 2292 Porro
1002 2230 1049 2286 si
1072 2230 1259 2286 homo
1282 2221 1510 2298 aliquid
1535 2223 1765 2278 bonum
1799 2222 1886 2274 est
1923 2218 2067 2291 quia.

405 2338 625 2393 natura
654 2332 762 2400 est,
793 2324 939 2400 quid
970 2325 1057 2378 est
1087 2318 1284 2376 malus
1330 2316 1516 2372 homo
1548 2311 1664 2368 nisi
1695 2308 1926 2366 malum
1954 2308 2065 2400 bo-

404 2440 556 2483 num
576 2423 604 2479 ?
634 2398 865 2475 Tamen
897 2429 1034 2470 cum
1058 2410 1181 2466 duo
1212 2409 1327 2463 ista
1383 2403 1801 2466 discernimus,
1834 2398 2064 2455 inveni-

405 2532 545 2573 mus
574 2527 685 2568 nec
711 2507 847 2565 ideo
878 2502 1106 2561 malum
1138 2498 1282 2573 quia
1309 2495 1495 2553 homo
1518 2495 1624 2559 est,
1655 2507 1764 2547 nec
1794 2488 1929 2545 ideo
1960 2487 2065 2542 ho-

401 2619 555 2662 num
580 2600 727 2675 quia
749 2595 993 2669 iniquus
1014 2593 1137 2658 est;
1171 2587 1274 2644 sed
1296 2585 1527 2641 bonum
1554 2580 1698 2656 quia
1717 2580 2067 2675 homo,_ma-

400 2695 532 2751 lum
560 2668 706 2767 qhia
729 2668 1017 2758 iniquus]
1067 2680 1109 2753 -ι-
1164 2679 1233 2767 Et
1257 2674 1413 2767 infra
1465 2680 1624 2767 (cap.
1656 2671 1783 2767 1-4):
1818 2670 1907 2741 [Et
1934 2668 2065 2724 haec

402 2784 528 2840 duo
557 2758 860 2837 contraria
909 2773 1028 2829 ista
1059 2765 1239 2825 simul
1270 2766 1429 2831 sunt,
1484 2764 1550 2818 ut
1579 2760 1628 2815 si
1682 2758 1913 2814 bonum
1940 2774 2064 2813 non

401 2848 559 2928 esset
580 2869 644 2924 in
669 2881 791 2941 quo
812 2861 1043 2920 malum
1067 2858 1223 2913 esset
1298 2867 1550 2927 prorsus
1570 2865 1679 2905 nec
1710 2847 1940 2941 malum
1974 2864 2065 2941 es:

403 2976 467 3017 se
505 2936 832 3030 potuisset:
872 2948 1016 3025 quia
1044 2960 1168 3003 non
1210 2941 1395 3000 modo
1428 2940 1531 2997 ubi
1556 2937 1922 3009 consisteret,
1956 2936 2061 2993 sed

399 3027 564 3107 unde
589 3044 841 3103 oriretur
856 3036 1157 3111 corruptio
1174 3050 1297 3092 non
1313 3031 1561 3090 haberet
1585 3028 1698 3085 nisi
1717 3033 1869 3084 esset
1893 3027 2059 3101 quod

1522 330 1580 385 S.
1613 326 1982 384 PRUDENTH
2021 323 2400 384 TRDOENSIS
2443 330 2755 390 EPISCOPl

3724 346 3825 400 1260

2194 464 2259 506 eo
2275 451 2335 507 in
2360 469 2482 525 quo
2503 460 2641 510 sunt
2657 471 2869 512 omnes
2898 459 3160 515 thesauri
3186 460 3495 532 sapientiae
3516 469 3578 520 et
3616 468 3835 525 scientia

2193 540 2531 599 absconditi
2555 545 2845 616 (φίλων
2877 552 3058 604 Omne
3078 549 3499 621 malum,qu
3512 557 3836 626 cogitatione

2189 644 2301 687 sua
2333 634 2495 688 mata
2524 635 2721 690 matus
2750 635 2923 692 homo
2966 638 3228 706 profert,
3280 654 3357 696 ex
3387 643 3552 699 maio
3586 646 3835 703 thesauro

2190 724 2298 808 est,
2328 722 2611 791 superbia
2640 725 2862 780 scilicet
2909 741 3041 795 quae
3089 733 3171 782 est
3202 726 3442 787 initium
3493 734 3698 791 omnis

2191 807 2305 863 cati
2336 810 2547 881 (Eccti.
2580 828 2634 876 λ,
2672 814 2777 884 15).

2863 973 3187 1015 (ZORlll-ICTIO.

2258 1096 2301 1164 -ι-
2332 1097 2627 1152 Hmreticis
2657 1115 2894 1171 semper
2916 1100 3097 1156 fuisse
3125 1102 3310 1158 moris
3344 1108 3407 1160 ut
3435 1107 3818 1165 rectitudinem

2188 1190 2406 1239 sanctae
2436 1187 2753 1259 Scriptura:
2802 1187 2882 1244 ad
2928 1205 3074 1244 suos
3126 1190 3560 1265 detorquerent
3604 1213 3824 1263 errores,

2189 1280 2315 1330 tum
2342 1292 2556 1331 omnes
2582 1276 2858 1332 catholici
2882 1277 3181 1343 doctores,
3215 1285 3342 1338 tum
3372 1283 3467 1338 vel
3492 1286 3743 1342 maxime
3772 1288 3822 1340 Β.

2187 1364 2502 1433 Gregorius
2526 1364 2588 1419 iu
2618 1364 2784 1419 libris
2833 1365 3145 1422 Moralium
3186 1368 3420 1427 atl'atim
3449 1370 3822 1441 demonstrat,

2185 1452 2707 1524 quemadmodum
2760 1455 2821 1508 in
2854 1455 2969 1510 hac
3000 1460 3105 1511 tua
3141 1472 3265 1513 non
3308 1461 3698 1532 expositione,
3743 1461 3831 1516 sed

2186 1540 2614 1615 depravatione
2645 1542 2853 1597 fecisse
2880 1543 3276 1600 convinceris.
3305 1549 3432 1603 Non
3472 1550 3635 1606 enim
3674 1548 3827 1616 dixit,

2186 1646 2259 1685 ex
2290 1629 2646 1697 cogitatione
2664 1646 2795 1691 sua.
2822 1629 2931 1684 sed
2951 1646 3027 1687 ea:
3048 1632 3331 1690 thesauro
3354 1636 3575 1704 cordis,
3598 1636 3705 1693 ubi
3722 1652 3835 1692 mu-

2183 1717 2521 1773 ltitudinem
2548 1717 2852 1773 bonarum
2882 1719 3317 1789 cogitationum
3359 1724 3723 1796 piarumque
3746 1740 3833 1778 vo-

2105 1805 2146 1861 B
2184 1805 2484 1862 luntatum
2511 1811 2783 1860 sanctam
2811 1807 3151 1876 congeriem
3200 1808 3386 1864 voluit
3440 1810 3741 1866 intimare.
3788 1812 3837 1863 Et

2182 1910 2422 1949 rursum
2448 1909 2571 1949 non
2603 1893 3082 1959 dixit,donatura
3112 1894 3535 1967 Deo,quamvis
3565 1898 3677 1952 iste
3699 1897 3837 1970 pius

2182 1982 2499 2038 thesaurus
2529 1997 2652 2037 non
2697 1982 2813 2037 nisi
2855 1983 2934 2038 ab
2971 1982 3068 2038 illo
3099 1980 3384 2055 percipiat
3429 1983 3593 2056 quod
3621 1984 3843 2039 haberi

2177 2070 2385 2143 possit,
2421 2069 2525 2124 sed
2548 2070 2813 2139 profert,
2841 2086 2977 2143 quae
3004 2084 3275 2142 personae
3306 2075 3363 2126 et
3382 2076 3547 2126 actus
3577 2071 3837 2126 multum

2176 2160 2327 2214 inter
2348 2174 2409 2213 se
2427 2157 2728 2223 differunt,
2758 2158 2920 2214 aliud
2942 2165 3029 2214 est
3057 2158 3216 2214 enim
3237 2164 3293 2214 et
3316 2158 3535 2215 alterus
3553 2159 3835 2233 proferre,

2177 2248 2340 2303 aliud
2369 2246 2745 2319 alteriusque
2775 2247 3022 2303 donare.
3081 2246 3354 2303 Similiter
3382 2249 3525 2304 mali
3579 2247 3834 2304 hominis

2176 2339 2492 2393 thesaurus
2520 2352 2647 2391 non
2697 2354 2820 2392 una
2861 2336 2992 2392 sola
3035 2337 3416 2407 cogitatione,
3473 2338 3577 2394 sed
3633 2338 3831 2393 multis

2176 2441 2501 2499 pravarum
2530 2425 2964 2494 cogitationum
2993 2426 3350 2482 tumultibus
3381 2426 3831 2499 comprehendi-

2175 2519 2411 2572 turu‘iec
2441 2532 2516 2571 ex
2541 2514 2669 2572 sola
2697 2514 3119 2586 superbia,sed
3147 2515 3403 2573 aliorum
3432 2515 3832 2589 complurium

2172 2605 2456 2663 vitiorum
2489 2604 2811 2660 struicibus
2843 2605 3103 2674 agitatur
3125 2610 3305 2677 atque
3335 2604 3658 2678 profertur.

2245 2695 2401 2751 Beda
2432 2694 2493 2748 in
2520 2693 2770 2750 homilia
2791 2694 2867 2749 de
2898 2693 3221 2750 Encamiis:
3256 2696 3613 2765 [thesaurus
3642 2693 3828 2752 cordis

2172 2783 2421 2840 intentio
2451 2787 2540 2836 est
2567 2782 2967 2852 cogitationis,
2993 2799 3068 2840 ex
3091 2799 3217 2856 qua
3245 2788 3610 2856 proventum
3638 2783 3826 2856 operis

2170 2872 2440 2929 internus
2470 2870 2688 2927 arbiter
2702 2872 2953 2942 judicat.
2976 2872 3143 2929 Unde
3167 2874 3236 2929 ﬁt
3264 2873 3626 2946 plerumque
3653 2878 3717 2929 ut
3733 2871 3827 2928 mi-

2170 2976 2322 3018 nora
2337 2960 2500 3016 bona
2522 2959 2796 3016 nonnulli
2819 2960 3036 3031 majori
3057 2961 3312 3018 cmlestis
3329 2962 3535 3032 gratiae
3563 2960 3827 3018 mercede

2170 3054 2512 3123 operentur,
2526 3048 2799 3106 videlicet
2816 3055 3061 3123 propter
3084 3050 3476 3109 intentionem
3495 3051 3702 3107 cordis
3718 3065 3826 3122 qua

400 3136 911 3210 corrumperetur;
940 3126 1107 3203 (Ιαοά
1148 3122 1527 3218 ηίείηιψηιιιη
1571 3123 1755 3218 ,(ῗδδῗί»
1788 3136 1902 3175 nec
1931 3136 2060 3218 αφ’
2094 3161 2137 3218 ο
2169 3122 2407 3211 majora
2438 3138 2753 3195 voluerant
2797 3122 3038 3211 patrare
3061 3138 3226 3197 bona
3254 3141 3303 3196 si
3349 3144 3623 3214 possent,
3654 3145 3714 3197 et
3740 3139 3826 3195 alii

397 3229 819 3302 rumperetur;
869 3218 1163 3297 quoniam
1217 3213 1366 3273 nihil
1415 3216 1502 3302 est
1534 3210 1697 3302 aliud
1756 3210 2059 3302 corruptio

396 3299 586 3394 quam
610 3314 756 3373 boni
785 3305 1217 3370 exterminatio.
1233 3309 1314 3360 Ex
1329 3301 1507 3394 bonis
1541 3301 1718 3373 igitur
1746 3299 1909 3356 mala
1929 3305 2059 3357 orta

397 3414 557 3475 sunt,
588 3408 647 3463 et
671 3402 788 3460 nisi
815 3402 878 3458 in
909 3396 1211 3472 aliquibus
1241 3393 1419 3451 bouis
1450 3407 1573 3448 non
1605 3394 1764 3461 sunt,
1791 3406 1901 3475 nec
1933 3394 2060 3447 erat

395 3474 549 3550 alias
571 3487 734 3545 unde
763 3483 1014 3541 oriretur
1036 3480 1159 3537 ulla
1187 3476 1332 3534 mali
1356 3480 1592 3532 natura.
1620 3478 1767 3530 Nam
1800 3474 1850 3529 si
1878 3479 2055 3543 esset,

394 3581 459 3636 in
487 3578 787 3651 quantum
814 3574 1032 3626 natura
1060 3569 1235 3637 esset,
1289 3562 1556 3635 profecto
1587 3563 1753 3620 bona
1782 3568 1968 3631 esset;
2001 3567 2059 3619 et

397 3668 503 3725 aut
529 3656 996 3734 incorruptibilis
1021 3658 1238 3711 natura
1280 3668 1574 3723 magnum
1618 3656 1771 3707 esset
1798 3651 2052 3723 bonum,

396 3758 502 3813 aut
530 3753 712 3812 etiam
740 3752 958 3807 natura
1005 3741 1406 3816 corruptibilis
1452 3739 1619 3795 nullo
1661 3739 1845 3796 modo
1878 3744 2053 3807 esset,

392 3844 508 3904 nisi
539 3837 787 3916 aliquod
814 3838 1069 3905 bonum,
1113 3830 1282 3908 quod
1328 3830 1562 3887 bonum
1608 3820 2063 3900 corrumpendo

392 3936 596 4012 posset
619 3931 670 3988 ei
697 3944 914 3987 nocere
941 3923 1243 3999 corruptio
1274 3922 1429 3994 (cap.
1467 3920 1549 3976 15.
1578 3917 1692 3975 Sed
1715 3916 2054 4012 cum—mala

393 4006 467 4081 ex
494 4021 672 4080 bonis
697 4024 830 4077 orta
851 4033 984 4074 esse
1007 4015 1287 4083 dicimus,
1308 4026 1433 4067 non
1454 4013 1697 4083 putetur
1714 4006 1830 4063 hoc
1862 4007 2057 4063 Domi-

390 4113 540 4174 nicaa
573 4109 875 4168 sententiae
900 4104 1349 4178 refragari,qua
1370 4099 1545 4155 dixit:
1578 4100 1712 4154 Non
1738 4103 1927 4169 potest
1958 4113 2054 4154 ar-

395 4205 500 4261 bor
528 4202 683 4259 bona
709 4200 951 4271 fructus
971 4195 1161 4252 malos
1174 4193 1425 4264 faceret,
1446 4193 1502 4245 et
1530 4192 1775 4245 caetera:
1810 4205 1929 4244 non
1951 4204 2054 4260 po-

393 4296 503 4349 test
548 4288 709 4345 enim
750 4287 925 4355 (sicut
975 4282 1201 4340 Veritas
1232 4281 1335 4350 ait)
1367 4279 1577 4350 colligi
1605 4294 1723 4335 uva
1754 4278 1827 4335 de
1862 4280 2050 4349 spinis

389 4377 631 4453 (Matth.
659 4391 766 4444 v11,
803 4376 891 4438 18,
916 4375 1026 4442 l6),
1066 4369 1212 4443 quia
1240 4383 1365 4423 non
1394 4370 1590 4440 potest
1618 4382 1739 4423 uva
1780 4366 1951 4423 nasci
1974 4364 2051 4423 de

390 4466 610 4544 spinis;
642 4463 750 4521 sed
778 4479 853 4520 ex
881 4460 1045 4518 bona
1068 4464 1223 4516 terra
1245 4461 1303 4513 et
1325 4457 1471 4512 vites
1497 4455 1665 4512 nasci
1686 4472 1861 4529 posse
1888 4453 2050 4511 vide-

386 4574 525 4615 mus
551 4558 609 4613 et
633 4553 859 4630 spinas.
891 4554 973 4607 Eo
1004 4550 1133 4623 [al.,
1167 4550 1233 4604 Et
1262 4544 1500 4618 eodem]
1530 4544 1713 4600 modo
1755 4548 2050 4618 tanquam

386 4645 569 4705 arbor
596 4643 759 4703 mala
787 4641 1017 4699 fructus
1048 4638 1267 4708 bonos,
1298 4634 1361 4692 id
1391 4638 1479 4692 est
1504 4649 1691 4709 opera
1710 4633 1897 4706 bona,
1929 4649 2054 4690 non

384 4739 583 4813 potest
608 4733 803 4792 facere
830 4730 1117 4788 voluntas
1139 4725 1339 4794 mala;
1374 4723 1480 4782 sed
1501 4740 1575 4780 ex
1605 4721 1769 4780 bona
1791 4721 2057 4800 homini8

380 4830 600 4885 natura
634 4822 777 4882 oriri
804 4820 1087 4879 voluntas
1120 4820 1178 4874 et
1201 4815 1369 4873 bona
1395 4817 1592 4889 potest
1620 4816 1678 4870 et
1717 4814 1913 4883 mala;
1942 4830 2055 4874 nec

380 4915 487 4974 fuit
498 4930 749 4990 prorsus
762 4911 903 4969 inde
914 4906 1192 4986 primitus
1205 4905 1457 4973 oriretur
1468 4902 1649 4960 volun
1658 4907 1746 4960 tas
1758 4903 1920 4960 mala
1936 4904 2052 4976 nisi

379 5019 454 5060 ex
483 5002 680 5074 angeli
704 5004 761 5058 et
778 4997 1043 5057 hominis
1067 5000 1289 5054 natura
1313 4991 1504 5067 bona]
1522 4994 1564 5064 -t-
1590 4993 1720 5059 Qua
1751 4993 2050 5052 sententia

376 5094 704 5149 evacuatur
758 5087 1151 5146 nihilominus
1235 5081 1404 5159 quod
1465 5080 1548 5138 ad
1618 5080 2044 5155 probationem

374 5176 672 5257 propositi
699 5176 1033 5251 syllogismi
1058 5173 1427 5233 adhibueras
1449 5170 1657 5228 dicens
1682 5187 1696 5226 :

943 5296 1184 5341 JOANNES
1238 5296 1467 5339 SCOTUS.

441 5382 605 5456 (Cap.
646 5378 733 5450 ιθ,
759 5391 933 5434 num.
966 5378 1055 5444 to,
1084 5374 1229 5429 sect.
1258 5372 1336 5447 ὅ.)
1367 5376 1407 5427 Θ
1445 5371 1600 5428 Hinc
1630 5371 1766 5441 ipsa
1804 5371 2036 5429 Veritas

370 5472 493 5529 ait:
528 5472 731 5545 Bonus
750 5466 937 5523 homo
962 5462 1039 5520 de
1064 5462 1234 5518 bono
1253 5458 1538 5518 thesauro
1560 5459 1759 5516 cordis
1776 5460 1870 5516 sui
1898 5476 2036 5531 pro-

371 5559 459 5616 fer
484 5559 693 5626 bona;
721 5554 922 5613 malus
962 5553 1148 5611 homo
1178 5550 1257 5607 de
1296 5549 1463 5607 malo
1510 5550 1794 5607 thesauro
1837 5548 2036 5605 cordis

368 5648 462 5705 sui
485 5645 715 5719 profert
733 5644 897 5703 mala
946 5642 1193 5717 (Matth.
1222 5654 1375 5710 mi,
1404 5640 1517 5712 35).
1573 5639 1666 5697 Ac
1692 5642 1749 5696 si
1775 5639 2029 5696 diceret:

367 5736 556 5790 Omne
580 5734 797 5790 bonum
827 5732 987 5805 quod
1010 5747 1085 5789 ea:
1110 5729 1469 5802 cogitatione
1494 5744 1609 5786 sua
1638 5727 1796 5785 bona
1834 5728 2023 5785 bonus

358 5820 530 5877 homo
556 5821 908 5889 profert,”
939 5820 1089 5877 bono
1118 5820 1403 5876 thesauro
1419 5818 1711 5886 donatur,
1728 5815 1792 5874 id
1819 5821 2025 5889 ωηατ

2167 3229 2405 3300 majora
2434 3228 2722 3284 virtutum
2751 3243 2938 3300 opera
2983 3235 3377 3297 ostentantes,
3427 3231 3509 3285 ob
3549 3229 3827 3300 injuriam

2168 3317 2367 3373 cordis
2398 3315 2582 3387 tepidi
2606 3314 2847 3370 minora
2868 3332 2904 3371 a
2932 3316 3189 3371 Domino
3206 3317 3460 3387 praemia
3486 3318 3823 3375 sortiantur.

2167 3405 2433 3476 Denique
2462 3419 2617 3476 Opus
2646 3402 3000 3474 viduaequte
3028 3403 3185 3457 duos
3200 3418 3489 3462 nummos
3514 3406 3736 3464 detulit
3755 3404 3822 3462 ad

2167 3493 2461 3565 templum
2505 3492 2840 3547 innumeris
2871 3491 3126 3547 divitum
3163 3492 3434 3548 donariis
3472 3495 3556 3551 ab
3601 3497 3822 3553 interno

2166 3580 2440 3639 cordium
2462 3583 2789 3635 scrutatore
2809 3578 3140 3651 praefertur:
3156 3580 3257 3637 Ea:
3273 3580 3669 3642 abundantia
3686 3586 3824 3643 enim

2165 3669 2360 3727 cordis
2387 3683 2446 3722 os
2480 3668 2747 3740 loquitur
2770 3668 3010 3735 (Matth.
3038 3685 3141 3737 xu,
3161 3672 3248 3740 34)
3278 3685 3291 3722 :
3323 3668 3681 3728 humanum
3709 3671 3821 3745 qui-

2164 3760 2303 3815 dem
2321 3756 2617 3830 judicium
2649 3772 2808 3829 saepe
2834 3756 2999 3825 fallit,
3032 3758 3180 3830 quia
3207 3774 3310 3814 cur
3356 3759 3623 3830 proximi
3648 3761 3824 3817 nescit

2162 3846 2278 3903 nisi
2306 3862 2381 3901 ex
2410 3861 2511 3901 ore
2537 3851 2595 3901 et
2635 3861 2817 3918 opere
2859 3862 3145 3917 pensare;
3184 3849 3340 3902 Deus
3383 3851 3593 3905 autem
3631 3850 3821 3923 ipsum

2162 3951 2319 4010 opus
2347 3941 2405 3990 et
2428 3950 2738 3990 sermones
2761 3941 3004 3990 nostros
3024 3952 3097 3990 ex
3127 3937 3325 3992 cordis
3345 3935 3549 3994 radice
3577 3952 3821 4012 perpenc

2162 4026 2288 4081 dit:
2315 4024 2398 4080 illi
2418 4039 2563 4094 ergo
2593 4040 2667 4081 ex
2692 4024 3070 4080 abundantia
3093 4025 3291 4082 cordis
3323 4041 3393 4081 os
3407 4025 3704 4098 loquitur,
3725 4026 3817 4100 qui

2162 4132 2238 4172 ex
2259 4131 2385 4188 qua
2411 4114 2739 4170 intentione
2767 4120 3135 4186 promanant
3179 4115 3369 4173 verba
3391 4131 3516 4171 non
3543 4116 3815 4188 ignorat.)

2232 4207 2277 4277 -ι-
2309 4209 2420 4261 Leo
2448 4204 2513 4260 in
2542 4220 2820 4260 sermone
2847 4207 2923 4278 (7)
2945 4204 3020 4260 de
3048 4205 3286 4276 Jejunio
3317 4205 3541 4261 mensis
3567 4205 3810 4280 septimi,

2161 4294 2573 4368 [Verissimum
2603 4309 2872 4367 namque
2902 4299 2991 4350 est
3035 4296 3204 4367 quod
3242 4295 3327 4351 ait
3352 4294 3684 4351 Dominus:
3719 4294 3813 4352 Ubi

2162 4391 2245 4442 est
2279 4385 2597 4442 thesaurus
2628 4388 2789 4455 tuus,
2817 4383 2902 4439 ibi
2929 4387 3043 4441 erit
3066 4389 3123 4440 et
3144 4399 3249 4441 cor
3275 4389 3441 4440 tuum
3472 4383 3715 4456 (Matth.
3742 4398 3808 4439 γι.

2162 4474 2272 4547 2t).
2307 4475 2452 4540 Quis
2481 4478 2687 4530 autem
2715 4478 2804 4530 est
2860 4474 3182 4530 thesaurus
3210 4472 3474 4530 hominis
3508 4474 3625 4530 nisi
3657 4488 3805 4547 quaa-

2164 4565 2312 4622 dam
2338 4564 2645 4619 fructuum
2672 4563 2805 4635 ejus
2831 4563 3219 4634 congregatio
3258 4563 3666 4638 laborumque
3695 4562 3802 4620 col-

2161 4654 2366 4713 lectio?
2399 4654 2568 4721 Quod
2585 4655 3135 4711 enimseminaverit
3150 4654 3421 4726 quis,hoc
3450 4659 3506 4711 et
3536 4660 3707 4713 metet
3716 4655 3801 4725 ,‘et

2161 4743 2343 4819 quale
2372 4743 2667 4817 cujusque
2690 4759 2849 4816 opus
2876 4742 3011 4800 talis
3023 4747 3082 4800 et
3108 4748 3375 4816 quaestus
3399 4759 3414 4801 :
3440 4747 3499 4802 et
3527 4743 3633 4801 ubi
3651 4742 3800 4799 oble-

2161 4835 2338 4891 ctatio
2365 4831 2604 4888 fruendi
2629 4832 3027 4901 constituitur,
3056 4832 3141 4889 ibi
3165 4849 3311 4891 cura
3339 4833 3537 4891 cordis
3564 4831 3797 4890 obstrin-

2159 4921 2339 4992 gitur.
2359 4920 2476 4977 Sed
2505 4919 2699 4976 multa
2727 4924 2868 4977 sunt
2896 4922 3031 4994 [αι.,
3052 4936 3196 4978 cum
3214 4921 3407 4979 multa
3424 4921 3563 4987 sint}
3590 4932 3796 4992 genera

2155 5009 2521 5081 divitiarum,
2546 5008 2989 5084 dissimilesque
3010 5011 3273 5069 materia
3300 5011 3652 5083 gaudiorum
3682 5010 3797 5064 the-

2154 5115 2373 5157 saurus
2402 5099 2620 5174 cuique
2648 5104 2740 5156 est
2770 5116 2893 5156 suae
2926 5100 3272 5174 cupiditatis
3326 5099 3591 5168 affectus,
3619 5096 3723 5171 qui
3749 5096 3796 5152 si

2150 5190 2228 5249 de
2259 5190 2529 5264 appetitu
2571 5194 2665 5245 est
2712 5194 3108 5260 terrenorum,
3133 5206 3261 5249 non
3295 5190 3506 5249 beatos
3528 5187 3665 5247 facit
3709 5184 3793 5244 sui

2148 5277 2630 5352 participatione,
2666 5278 2777 5335 sed
2795 5279 3105 5353 miseros.)

2218 5369 2260 5439 -ι-
2291 5367 2663 5439 Augustinus
2710 5367 2773 5424 in
2805 5368 2995 5426 Natali
3039 5371 3098 5427 S.
3146 5368 3434 5427 Joannis:
3480 5365 3651 5444 {Quid
3674 5368 3785 5421 est:

2145 5458 2347 5515 Arbor
2363 5458 2517 5515 bona
2531 5457 2710 5514 bonos
2730 5458 2973 5529 fructus
2983 5459 3163 5531 facit,
3175 5464 3231 5516 et
3244 5459 3411 5517 mata
3424 5459 3606 5517 arbor
3615 5455 3785 5513 male:

2139 5549 2384 5618 fructus
2404 5548 2563 5617 facit
2582 5548 2830 5604 ?Bonus
2858 5548 3031 5605 homo
3045 5549 3118 5606 de
3131 5548 3281 5606 bona
3308 5549 3589 5606 thesauro
3610 5543 3782 5604 cordis

2144 5638 2241 5694 sui
2260 5636 2503 5707 profert
2532 5637 2690 5695 bona
2711 5655 2728 5693 :
2749 5642 2805 5694 et
2824 5640 3024 5696 matus
3054 5637 3226 5695 homo
3243 5639 3316 5696 de
3335 5639 3496 5696 maio
3526 5637 3807 5726 thesauro.

2144 5727 2343 5783 cordis
2366 5727 2465 5783 sui
2486 5729 2727 5797 profert
2755 5728 2921 5785 mata
2955 5729 3309 5800 (Matth.vu,
3327 5733 3389 5785 t7
3420 5723 3778 5800 :xu,35).Ho-

2142 5815 2336 5872 mines
2365 5814 2612 5873 arbores
2631 5817 3176 5889 posuit,thesauros
3196 5822 3364 5876 actus
3375 5811 3775 5890 posuiLQltiﬂls
