3936 6372
62 269 190 321 ηις

1003 265 1090 318 DE
1131 253 1801 318 PREDESTINATIONI
1832 253 2120 313 CONTRA
2157 259 2204 313 J.
2248 260 2540 318 SCOTUM.

3354 273 3374 325 1
3385 272 3494 328 262

57 389 249 444 homo
276 392 392 457 est,
415 387 564 444 talos
601 391 775 444 actus
801 385 984 443 habet
1013 406 1024 454 ;
1075 387 1124 441 si
1163 387 1368 442 bonus
1392 385 1579 439 homo
1609 385 1719 448 est,
1749 381 1798 433 Α
1830 381 2012 451 ﬁunt,
2041 388 2098 437 et
2138 384 2202 438 in
2247 383 2337 439 his
2395 387 2500 457 qui
2551 391 2846 458 pereunt;
2873 388 3232 460 quibusdam
3252 391 3494 464 quidem

58 478 258 533 bonos
279 483 446 534 actus
467 477 652 533 habet
686 493 702 545 ;
732 477 780 531 si
811 476 1008 532 malus
1034 476 1220 532 homo
1251 480 1362 540 est,
1395 473 1590 529 malos
1620 487 1720 527 ac-

59 570 158 622 tus
186 566 375 622 habet
404 584 417 634 ;
449 581 573 621 non
602 568 802 638 potest
841 565 1045 620 bonus
1099 564 1287 620 homo
1327 563 1522 620 malos
1554 565 1726 616 actus

59 654 307 719 habere,
332 667 446 711 nec
464 655 664 711 malus
695 654 884 710 homo
908 653 1104 711 bonos
1148 657 1318 710 actus
1346 650 1619 720 habere]

129 746 176 814 ἦ·
195 745 363 801 Idem
391 745 466 800 de
499 745 708 801 Scriba
732 744 970 800 erudito
1001 759 1016 798 ε
1039 741 1367 816 [Quidquid
1389 743 1576 797 homo
1597 754 1726 794 ma-

61 833 158 888 lus
175 833 252 889 de
284 833 464 890 corde
494 849 605 890 suo
634 834 879 906 profert.
905 833 1140 889 malum
1167 839 1283 896 est,
1304 832 1388 887 ibi
1406 831 1568 888 enim
1599 828 1728 885 the-

64 937 284 978 saurus
331 923 531 979 malus
566 940 580 976 :
621 922 920 996 quidquid
961 927 1166 979 autem
1208 922 1394 978 homo
1425 920 1625 976 bonus
1653 916 1730 972 de

64 1011 244 1068 corde
264 1029 378 1071 suo
398 1012 624 1085 protert
641 1013 873 1068 bonum
889 1013 1091 1068 est.lbi
1117 1011 1384 1068 estenim
1411 1011 1730 1066 thesaurus

64 1101 310 1176 bonus,]
338 1103 376 1169 δι’
408 1108 549 1159 Item
583 1102 752 1175 quod
776 1119 849 1158 ex
875 1102 1074 1158 verbis
1098 1099 1481 1171 S.Augustini
1505 1097 1686 1172 ponis
1713 1114 1731 1154 1

637 1241 886 1283 ,ΙΟΑΝΝΕΞ
930 1242 1155 1283 SCOTIIS.

141 1331 317 1406 (Cap.
349 1338 436 1400 16,
468 1350 636 1392 num.
678 1339 760 1405 l7,
804 1339 944 1390 sect.
989 1336 1069 1405 5.)
1095 1335 1133 1387 Θ
1177 1335 1393 1390 Vitium
1435 1348 1576 1401 ergo
1606 1329 1732 1390 ani-

66 1439 174 1477 ma?
222 1430 305 1478 est
333 1425 494 1496 quod
547 1425 715 1494 fecit,
771 1430 824 1482 et
869 1425 1206 1494 difﬁcultas
1250 1439 1324 1480 ea:
1358 1424 1499 1479 vitio
1549 1439 1730 1492 paena

67 1527 244 1583 quam
292 1515 548 1582 patitur.
587 1516 648 1568 Et
676 1529 917 1568 rursum
975 1530 987 1567 :
1055 1513 1210 1582 Quid
1236 1518 1319 1569 est
1351 1515 1506 1569 enim
1557 1509 1734 1569 dolor

72 1600 172 1671 qui
199 1597 430 1656 dicitur
476 1601 764 1670 corporis,
797 1603 916 1657 nisi
961 1604 1269 1671 corruptio
1302 1603 1618 1671 repentina
1639 1618 1732 1658 sa-

74 1690 211 1746 lutis
238 1695 367 1758 ejus
400 1685 494 1746 rei
507 1706 686 1762 quam
715 1692 870 1747 male
903 1689 1118 1747 utendo
1151 1692 1353 1747 anima
1399 1693 1730 1761 corruptio-

75 1779 245 1835 m'bus
285 1780 633 1836 obnoxiavit
669 1782 695 1837 ‘7
729 1781 884 1848 Quid
923 1787 1119 1837 autem
1154 1782 1327 1836 dolor
1379 1784 1484 1852 qui
1509 1783 1734 1837 dicitur

34 1914 37 1943 λ
77 1868 264 1925 animi
287 1864 408 1924 nisi
431 1885 638 1926 carere
663 1871 1053 1926 mutabilibus
1085 1871 1260 1926 rebus
1308 1867 1522 1943 quibus
1567 1870 1733 1940 frue-

33 1941 38 1948 ’
77 1957 253 2013 batur
282 1962 387 2014 aut
415 1959 550 2029 frui
577 1970 638 2014 se
664 1974 832 2028 posse
861 1959 1195 2028 sperabat?
1242 1941 1370 2015 Hoc
1424 1964 1508 2015 est
1550 1964 1732 2014 totum

74 2045 232 2120 quod
287 2047 513 2102 dicitur
563 2049 815 2118 malum,
866 2048 930 2103 id
986 2053 1068 2104 est
1123 2053 1433 2118 peccatum
1475 2055 1528 2103 et
1553 2063 1735 2118 poena

80 2136 329 2203 peccati.
369 2138 432 2192 Et
453 2135 636 2209 paulo
670 2131 947 2209 superius
995 2154 1006 2191 :
1064 2137 1232 2206 Quod
1257 2154 1414 2194 mors
1444 2151 1564 2193 non
1595 2139 1668 2192 sit
1700 2151 1740 2193 α

83 2219 413 2296 Deo(Aug.,
441 2226 512 2283 de
541 2243 682 2284 vera
697 2227 910 2297 Relig.,
949 2242 1125 2299 capp.
1157 2231 1310 2313 '20‘et
1343 2229 1448 2296 12).

739 2349 880 2389 CORR
889 2348 1047 2389 ΕΩἸΊΟ
1054 2375 1066 2389 ο

145 2441 191 2508 ιι-
220 2442 289 2495 Ut
326 2440 471 2496 hinc
498 2440 750 2510 colligas
780 2444 967 2496 Deum
987 2457 1111 2497 non
1133 2441 1348 2512 punire
1379 2441 1546 2514 quod
1573 2455 1742 2498 crea-

84 2528 246 2596 verit,
280 2545 393 2585 nec
419 2529 602 2586 aliam
639 2534 924 2586 naturam
976 2531 1056 2586 ab
1097 2530 1216 2586 alia
1263 2535 1480 2586 natura
1518 2531 1742 2603 puniri,

87 2632 197 2672 nec
216 2617 406 2674 ullam
435 2634 674 2691 pinnam
704 2635 742 2675 a
767 2620 884 2674 Deo
910 2619 1356 2692 factam,neque
1370 2621 1452 2676 ab
1470 2637 1541 2676 eo
1561 2636 1751 2692 praes-

88 2708 289 2775 citam,
317 2725 519 2781 neque
539 2709 1050 2782 praedestinatam.
1101 2710 1305 2766 Primo
1334 2711 1610 2767 omnium
1632 2711 1748 2767 vel-

83 2795 204 2852 lem
233 2798 407 2870 topic
451 2798 761 2855 advertere
809 2805 1088 2856 sanctum
1123 2800 1550 2869 Augustinum,
1592 2801 1751 2859 sicut

87 2884 215 2956 ipso
237 2885 460 2944 fatetur
482 2887 864 2960 proﬁcienter
895 2889 1297 2960 scripsisse,et
1315 2888 1495 2944 nulla
1526 2893 1652 2945 tam
1673 2905 1750 2945 ex

91 2974 303 3031 eodem
324 2975 482 3032 libro
509 2978 682 3048 cujus
712 2983 802 3033 est
823 2977 1029 3033 titulus
1063 2995 1075 3032 :
1129 2977 1209 3034 de
1245 2994 1390 3035 vera
1418 2977 1748 3046 Religione,

34 3103 35 3110 η
91 3077 159 3118 ex
181 3079 304 3136 quo
343 3065 464 3122 ista
488 3066 904 3137 decerpseras,
933 3082 1122 3138 quam
1153 3082 1230 3123 ex.
1260 3067 1396 3122 aliis
1424 3067 1548 3124 suis
1577 3066 1747 3122 volu-
1782 3106 1826 3161 Ο

34 3187 37 3200 ›
91 3152 352 3209 minibus
373 3160 748 3221 retractasse,
777 3169 1040 3226 quorum
1069 3171 1260 3211 unum
1291 3155 1370 3210 ad
1402 3160 1618 3211 caetera
1649 3171 1748 3210 so-

34 3275 37 3288 ι
93 3239 214 3298 brie
251 3243 627 3314 providenda
671 3243 946 3314 posuisse
997 3242 1318 3301 sufﬁceret.
1367 3244 1539 3309 Quod
1570 3244 1752 3302 etiam

34 3359 37 3378 ι
97 3332 346 3388 antehac
403 3331 680 3403 posuisse
728 3349 825 3387 me
877 3332 1075 3388 recolo
1115 3333 1317 3403 (Aug,
1349 3335 1611 3390 Retract.
1642 3333 1684 3389 l.
1712 3349 1755 3403 l,

34 3449 37 3470 .
100 3434 223 3491 cap.
252 3424 371 3489 2t).
403 3419 801 3492 {Aliodnquiu
830 3421 966 3476 loco
994 3421 1116 3477 dixi
1168 3438 1182 3476 :
1235 3422 1462 3478 Nullius
1495 3427 1754 3478 mortem

33 3537 38 3558 ι
99 3508 248 3564 Deus
276 3509 516 3582 quaerit,
544 3508 710 3581 quod
761 3510 810 3564 si
851 3509 1272 3581 accipiendum
1299 3516 1408 3574 est,
1457 3512 1604 3583 quia
1642 3511 1756 3568 sibi

34 3637 37 3644 .
99 3596 276 3655 homo
306 3599 627 3672 acquisivit
651 3605 906 3655 mortem
936 3599 1220 3656 deserens
1250 3601 1524 3668 Deum,et
1548 3601 1758 3673 acqui-

34 3725 36 3732 .
99 3686 169 3742 rit
186 3689 288 3760 qui
314 3705 440 3746 non
459 3689 710 3760 requirit
735 3691 866 3759 [al.,
886 3689 1134 3746 recurrit
1162 3690 1264 3761 ad]
1291 3693 1476 3746 Deum
1502 3710 1514 3744 :
1541 3706 1756 3746 secun-

34 3786 36 3820 ε
103 3775 242 3833 dum
270 3779 439 3851 quod
471 3779 760 3850 scriptum
793 3784 884 3836 est
917 3796 928 3834 :
963 3781 1121 3835 Deus
1151 3787 1398 3836 mortem
1425 3797 1546 3837 non
1564 3782 1710 3850 fecit
1733 3795 1760 3851 ;

105 3865 204 3920 sed
233 3869 412 3925 etiam
433 3867 580 3924 illud
599 3884 724 3924 non
755 3869 957 3924 minus
984 3885 1194 3924 verum
1228 3874 1336 3939 est,
1354 3871 1486 3926 Vita
1513 3877 1566 3926 et
1598 3886 1759 3926 mors

106 3967 139 4008 a
165 3955 414 4014 Domino
449 3963 561 4015 Deo
589 3962 673 4014 est
703 3959 914 4030 (Ecctz’.
942 3962 1121 4025 Xalt)
1156 3959 1310 4014 :vita
1342 3959 1566 4014 scilicet
1593 3975 1629 4016 a
1654 3959 1758 4015 do-

107 4048 297 4113 nante,
325 4063 496 4104 mors
525 4063 566 4104 a
598 4047 987 4119 vindicante.)
1009 4051 1050 4118 -ι-
1077 4047 1244 4103 Idem
1273 4047 1334 4103 in
1364 4048 1519 4104 libro
1550 4055 1760 4104 contra

108 4132 515 4194 adversarium
545 4136 695 4207 legis
725 4143 782 4194 et
819 4137 1250 4210 prophetarum
1284 4137 1342 4208 (1.
1366 4138 1594 4206 i,c.23).
1618 4136 1760 4208 [Sed

106 4219 231 4292 ipso
254 4226 572 4292 Dominus,
591 4226 808 4298 inquit,
846 4242 955 4298 per
975 4225 1267 4282 eumdum
1293 4226 1654 4298 prophetam
1676 4225 1760 4282 fa-

111 4313 260 4368 tetur
291 4320 354 4371 et-
377 4316 524 4372 dicit
582 4332 595 4370 :
657 4317 789 4386 Ego
842 4331 972 4372 sum
1025 4317 1182 4372 Deus
1215 4316 1451 4385 faciens
1495 4316 1672 4386 bona,
1702 4321 1760 4372 et

111 4413 310 4460 erm
333 4407 506 4463 mala
536 4405 676 4476 (Isa.
705 4422 844 4468 XLV,
863 4405 940 4476 7).
972 4408 1056 4460 Ita
1085 4403 1287 4476 plane,
1319 4405 1448 4477 ipse
1477 4409 1564 4461 est
1597 4404 1760 4461 enim

109 4488 358 4559 Dens,de
383 4511 514 4568 quo
540 4493 688 4551 dicit
712 4493 1052 4567 Apostolus:
1071 4495 1238 4550 Vides
1269 4509 1410 4564 ergo
1442 4494 1765 4552 bonitatem

111 4582 164 4632 et
191 4586 566 4643 severitatem
588 4585 700 4642 Dei
723 4584 917 4654 (Rom.
955 4601 997 4654 ι,
1031 4585 1142 4654 t2),
1172 4583 1296 4640 haec
1318 4588 1520 4640 autem
1552 4583 1767 4640 severi-

111 4669 198 4722 tas
227 4670 359 4740 ejus
385 4672 844 4731 damnabilibus
865 4672 1032 4730 mala
1050 4677 1159 4741 est,
1177 4673 1324 4745 quia
1345 4673 1574 4730 malum
1600 4673 1769 4730 dam-

112 4756 366 4817 nationis
389 4763 513 4819 illis
533 4766 839 4834 Importat.
855 4765 1006 4818 Nam
1025 4761 1171 4834 quia
1195 4762 1360 4833 justa
1373 4767 1481 4827 est,
1501 4759 1620 4820 alio
1635 4779 1766 4824 mo-

117 4843 194 4901 do
212 4853 504 4922 reperitur
524 4853 714 4924 bona,
741 4866 924 4910 omne
939 4851 1099 4907 enim
1125 4851 1354 4922 justum
1375 4853 1606 4910 bonum
1636 4853 1772 4925 εει]

121 4937 180 4993 Et
205 4938 356 4999 intra
375 4943 749 5016 Augustinus
779 4943 1070 5016 (Ibidem):
1090 4942 1255 5013 [Et,si
1269 4942 1599 5015 aliquando
1630 4960 1771 5000 cum

123 5023 320 5099 aliqua
345 5033 684 5091 diﬂerentia
712 5032 955 5098 dicitur,
976 5032 1094 5089 hoc
1143 5031 1366 5088 rectius
1393 5036 1594 5105 potest
1619 5032 1768 5092 into-

121 5128 274 5174 nsse
300 5124 463 5194 quod
491 5123 641 5181 dixit
666 5140 684 5180 1
714 5128 780 5180 ut
803 5123 1002 5180 facere
1051 5121 1127 5178 sit
1152 5122 1322 5195 quod
1352 5122 1604 5178 omnino
1647 5139 1774 5181 non

123 5210 242 5263 erat
263 5226 276 5276 ;
294 5225 491 5272 creare
522 5217 728 5272 autem
755 5229 830 5270 ex
850 5229 923 5270 eo
941 5211 1108 5286 quod
1124 5213 1256 5284 jam
1282 5216 1410 5268 erat
1429 5212 1774 5270 ordinando

126 5292 344 5370 diquid
377 5310 740 5363 construere.
775 5303 1040 5378 Ideoque
1086 5304 1203 5361 hoc
1231 5304 1367 5360 loco
1405 5301 1634 5360 dictum
1663 5307 1774 5372 est,

126 5382 276 5442 Dm
298 5405 502 5452 errans
529 5397 699 5453 mata
721 5395 864 5465 (Isa.
895 5408 1025 5460 va,
1056 5395 1137 5468 7),
1193 5393 1487 5466 quoniam
1527 5407 1776 5467 peccan-

129 5469 284 5555 tibus
309 5493 378 5538 ea
405 5484 696 5542 convertit
720 5483 784 5544 in
820 5483 1055 5540 malum
1077 5482 1475 5555 dispositione
1503 5481 1778 5540 severita-

132 5553 367 5635 ῧηιιω,
407 5584 544 5642 quae
581 5568 872 5626 bonitatis
906 5569 1039 5640 ejus
1079 5553 1352 5638 largitate
1401 5566 1569 5626 bona
1617 5566 1779 5624 facta

137 5651 287 5705 sunt.
317 5653 475 5715 Unde
518 5659 664 5716 dicit
694 5657 1012 5732 apostolus
1036 5658 1295 5715 Paulus:
1327 5658 1552 5715 Christi
1593 5657 1778 5713 bonus

137 5732 280 5792 σάου·
301 5753 494 5806 “mus
521 5751 646 5809 Deo
673 5749 737 5808 in
784 5748 948 5808 omni
975 5748 1107 5805 loco
1132 5752 1188 5806 et
1243 5749 1310 5806 in
1347 5748 1440 5806 his
1492 5748 1601 5820 qui
1622 5745 1784 5805 salvi

1833 469 1982 524 odor
2011 473 2150 527 vita:
2173 473 2234 527 in
2265 474 2837 546 vitam,quibwdam
2857 491 2998 534 vero
3021 479 3169 536 odor
3191 483 3404 538 mortis
3429 485 3498 540 in

1835 566 2082 616 mortem
2113 562 2206 631 (II
2230 561 2371 618 Cor.
2414 577 2477 627 ιι,
2515 569 2604 631 t5,
2633 565 2739 637 16).
2784 565 2900 622 Sed
2929 581 3072 624 cum
3096 570 3382 628 continuo
3407 586 3500 630 se-

1834 653 2080 720 quatur,
2108 654 2170 706 et
2189 651 2482 708 dicatzEt
2512 655 2593 710 ad
2621 653 2750 712 haec
2800 658 2932 728 quis
2979 659 3228 716 idoneus
3274 659 3495 732 (Ibid);

1835 751 2041 794 nonne
2063 739 2393 812 importuni
2418 743 2692 815 quodam
2720 745 2912 802 modo
2957 760 3174 805 sumus
3227 749 3502 820 ingeram

1836 825 1951 882 ista
2006 829 2373 902 carnalibus,
2421 847 2545 888 non
2599 833 2908 904 studiosis,
2948 836 3056 893 sed
3113 839 3503 896 contentiosis

1836 913 2192 972 nullomodo
2222 918 2455 976 idoneis
2479 937 2554 978 ea
2580 937 2798 995 capere
2839 939 2980 998 quae
3023 926 3256 983 utinam
3287 927 3500 985 saltem

1838 1003 2186 1062 desinerent
2207 1023 2472 1081 carpere.
2494 1013 2538 1082 1-
2562 1012 2724 1068 Idem
2745 1013 2809 1068 in
2835 1013 2992 1071 libro
3020 1016 3098 1072 de
3127 1016 3370 1074 Civitate
3399 1018 3502 1074 Dei

1841 1109 1920 1148 xu
1939 1097 2014 1162 (ο.
2048 1099 2137 1162 3):
2175 1097 2314 1153 Sola
2332 1113 2475 1169 ergo
2491 1099 2656 1157 bona
2684 1102 2905 1159 alicubi
2925 1119 3060 1161 esse
3085 1107 3500 1180 possunt,sola

1839 1182 2004 1239 mala
2032 1199 2373 1258 nusquam;
2409 1191 2701 1260 quoniam
2727 1193 2912 1249 etiam
2947 1199 3180 1252 naturae
3205 1196 3324 1253 illa;
3365 1209 3502 1270 qua!

1841 1287 1916 1328 ex
1945 1272 2105 1328 male
2132 1274 2460 1332 voluntatis
2505 1278 2675 1335 initio
2705 1280 2836 1352 [al.,
2867 1282 3040 1355 vitio]
3070 1283 3287 1342 vitiatae
3319 1289 3460 1342 sunt
3485 1300 3502 1354 ;

1840 1360 1902 1416 in
1933 1367 2232 1433 quantum
2262 1365 2484 1423 vitiatas
2511 1372 2673 1433 sunt,
2705 1369 2883 1427 mala
2911 1377 3085 1440 sunt;
3115 1373 3176 1430 in
3203 1379 3506 1448 quantum

1842 1456 2043 1508 autem
2086 1457 2312 1509 naturae
2346 1461 2508 1527 sunt,
2551 1456 2730 1513 bonas
2759 1465 2934 1527 sunt;
2970 1466 3028 1517 et
3055 1476 3194 1519 cum
3221 1463 3282 1519 in
3312 1464 3506 1537 paenis

1840 1543 1929 1594 est
1968 1544 2186 1597 natura
2222 1542 2462 1608 vitiosa,
2521 1551 2777 1619 excepto
2825 1562 2896 1604 eo
2941 1548 3108 1621 quod
3145 1555 3367 1607 natura
3393 1556 3506 1621 est,

1841 1627 2020 1684 etiam
2051 1629 2168 1686 hoc
2195 1630 2277 1687 ibi
2305 1631 2540 1690 bonum
2561 1640 2674 1706 est,
2701 1636 2872 1709 quod
2893 1637 3194 1711 impunita
3223 1653 3342 1697 non
3367 1644 3505 1696 est:

1841 1717 1959 1773 hoc
1977 1719 2139 1775 enim
2170 1725 2264 1778 est
2276 1721 2533 1796 justum,
2581 1731 2638 1782 et
2665 1741 2848 1783 omne
2874 1727 3109 1798 justum
3135 1729 3347 1802 procul
3393 1731 3511 1788 dua

1841 1804 1942 1861 bio
1972 1806 2254 1880 bonum.]

1913 1896 1956 1965 +
1989 1899 2149 1952 Hanc
2179 1903 2384 1956 tamen
2415 1902 2753 1975 vesaniam,
2782 1919 2908 1976 qua
2934 1905 3168 1963 nullam
3193 1922 3442 1980 poenam
3470 1923 3512 1966 α

1845 1985 1968 2038 Deo
1999 1985 2283 2058 tantisper
2309 1991 2532 2046 astruis
2560 1989 2810 2057 factum,
2829 1992 3048 2052 beatus
3075 1995 3190 2052 Job
3216 2011 3511 2054 mucrone

1844 2073 2108 2129 veritatis
2134 2077 2361 2134 recidat
2389 2078 2622 2136 dicens:
2645 2081 2716 2137 Si
2731 2082 2887 2138 bona
2910 2087 3274 2153 suscepimus
3289 2087 3365 2143 de
3388 2101 3512 2144 ma-

1847 2177 1931 2218 nu
1950 2164 2216 2232 Domini,
2244 2167 2413 2224 mala
2437 2184 2630 2238 quare
2665 2185 2785 2226 non
2834 2173 3262 2242 suscipiamus?
3289 2174 3425 2247 (Job
3444 2188 3510 2246 ιι,

1847 2251 1957 2323 20).
2001 2253 2320 2322 Gregorius
2351 2255 2595 2327 (Μοναι.
2623 2257 2727 2316 lib.
2762 2276 2846 2327 ιιι,
2877 2276 2930 2317 c.
2957 2268 3034 2328 7).
3078 2261 3250 2320 bona
3286 2264 3513 2322 scilicet

1847 2341 2012 2398 dona
2042 2343 2144 2398 Dei
2172 2344 2263 2400 vel
2297 2347 2656 2418 temporalia
2685 2349 2784 2406 vel
2808 2355 3056 2420 aeterna,
3100 2353 3265 2410 mala
3304 2359 3508 2412 autem

1848 2429 2088 2500 ﬂagella
2115 2435 2434 2505 praesentia
2453 2437 2807 2510 appellans;
2849 2439 2924 2496 de
2971 2441 3198 2514 quibus
3227 2458 3336 2516 per
3366 2444 3510 2501 Pro-

1849 2520 2097 2592 phetam
2123 2523 2410 2580 Dominus
2429 2525 2606 2583 dicit:
2629 2528 2757 2598 Ego
2773 2531 3072 2599 Dorm'nus,
3095 2537 3154 2588 et
3172 2547 3294 2589 non
3319 2540 3403 2590 est
3425 2533 3517 2591 αι-

1853 2614 1943 2666 ter
1968 2611 2246 2680 formans
2277 2615 2465 2670 lucem
2491 2621 2546 2673 et
2579 2632 2790 2675 creans
2829 2621 3124 2690 tenebras,
3150 2623 3386 2693 faciens
3402 2637 3518 2694 pa-

1854 2715 2002 2768 cem,
2033 2706 2088 2759 et
2133 2718 2345 2759 creo-ns
2374 2707 2542 2762 mata
2570 2709 2717 2774 (Isa.
2768 2725 2903 2770 va.
2940 2712 3026 2783 7):
3078 2713 3305 2785 [Neque
3348 2715 3516 2771 enim

1854 2789 2018 2847 mala
2043 2807 2180 2863 quin
2210 2793 2376 2850 nulla
2407 2811 2518 2852 sua
2566 2801 2786 2855 natura
2828 2799 3164 2857 subsistunt
3193 2817 3232 2858 a
3260 2803 3518 2861 Domino

1854 2885 2155 2948 creantur,
2177 2881 2286 2937 sed
2303 2897 2506 2940 creare
2537 2899 2602 2941 se
2626 2887 2793 2944 mala
2811 2889 3102 2946 Dominus
3129 2889 3358 2950 indicat
3375 2908 3518 2950 cum

1853 2983 1950 3023 res
1976 2967 2129 3024 bene
2159 2971 2434 3027 conditas
2460 2973 2638 3030 nobis
2659 2976 2818 3032 male
2848 2979 3173 3047 agentibus
3202 2979 3263 3036 in
3314 2982 3521 3054 ﬂagel‘

1854 3056 1982 3113 lum
2012 3057 2254 3127 format,
2276 3065 2428 3117 utea
2444 3062 2599 3133 ipsa,
2619 3068 2681 3121 et
2697 3080 2806 3136 per
2834 3067 3107 3123 dolorem
3131 3084 3254 3140 quo
3275 3069 3516 3140 feriunt,

1857 3145 2347 3219 delinquentibus
2398 3150 2561 3208 mala
2626 3152 2770 3220 sint,
2813 3159 2872 3210 et
2929 3170 3040 3227 per
3085 3162 3369 3214 naturam
3393 3172 3522 3232 qua

1859 3235 2140 3306 existunt,
2156 3236 2348 3294 bona:
2379 3239 2539 3296 unde
2559 3245 2617 3298 et
2640 3257 2944 3300 venenum
2969 3259 3137 3300 mors
3155 3246 3405 3319 quidem
3427 3253 3525 3305 est

1858 3323 2114 3395 homini,
2137 3325 2242 3381 sed
2275 3331 2476 3384 tamen
2504 3328 2628 3386 vita
2654 3331 3160 3404 serpenti.Amore
3185 3335 3351 3392 enim
3372 3351 3525 3410 pras-

1863 3413 2126 3469 sentium
2155 3414 2234 3471 ab
2263 3418 2524 3472 auctoris
2554 3420 2741 3475 nostri
2783 3420 3102 3479 dilectione
3124 3425 3525 3499 recessimus,

1863 3509 1919 3559 ct
1946 3519 2228 3575 perversa
2258 3523 2450 3572 mens,
2495 3508 2644 3566 dum
2688 3509 3069 3568 delectationi
3117 3518 3408 3571 creaturae
3461 3531 3528 3573 se

1865 3592 2154 3658 subdidit,
2183 3611 2221 3650 a
2251 3597 2544 3652 Creatoris
2569 3599 2849 3657 societate
2875 3600 3188 3672 disjunxit.
3215 3605 3300 3660 Ex
3325 3604 3425 3661 his
3441 3620 3532 3662 ομ

1865 3696 1942 3752 go
1965 3680 2044 3737 ab
2072 3688 2318 3740 auctore
2341 3683 2612 3744 ferienda
2669 3692 2819 3753 erat,
2860 3705 2998 3761 quae
3040 3706 3252 3747 errans
3294 3691 3530 3748 auctori

1866 3778 2309 3844 praeposuerat;
2342 3779 2407 3830 ut
2434 3776 2594 3832 unde
2635 3776 2823 3833 homo
2866 3778 3110 3852 culpam
3155 3793 3280 3836 non
3332 3781 3533 3838 timuit

1867 3861 2165 3934 superbus
2188 3863 2500 3920 admittere
2525 3883 2542 3934 ;
2570 3866 2713 3922 inde
2735 3882 2981 3940 penam
3010 3869 3405 3940 corrigendos
3437 3872 3531 3927 in-

1864 3949 2118 4019 veniret;
2142 3955 2200 4007 et
2230 3957 2395 4008 tanto
2421 3954 2594 4009 citius
2623 3955 2995 4027 resipisceret
3025 3958 3101 4014 ad
3125 3958 3229 4015 illa
3249 3976 3386 4032 quin
3403 3975 3536 4033 pera

1864 4039 2034 4106 didit,
2057 4041 2307 4113 quando
2339 4041 2574 4099 doloris
2603 4043 2786 4115 plena
2815 4061 2948 4102 esse
2989 4048 3363 4119 conspicere,
3392 4063 3535 4122 qua

1864 4128 2166 4200 quaasivit.
2191 4130 2359 4188 Unde
2389 4135 2445 4188 et
2489 4131 2648 4188 bene
2675 4133 2894 4190 dicitur
2915 4137 3193 4206 formam
3235 4138 3448 4210 lucem,
3480 4142 3536 4195 et

1866 4233 2077 4274 creant
2106 4221 2406 4291 tenebras,
2435 4222 2582 4295 quia
2600 4237 2738 4279 cum
2764 4239 2870 4296 per
2893 4225 3134 4297 ﬂagella
3160 4227 3420 4285 exterius
3431 4227 3540 4290 do.

1866 4305 2010 4362 loris
2034 4308 2300 4365 tenebrae
2332 4316 2632 4380 creantur,
2678 4313 2840 4370 intus
2870 4329 2980 4387 per
3005 4315 3409 4374 eruditionem
3431 4317 3539 4374 lux

1871 4397 2086 4452 mentis
2117 4399 2485 4456 accenditur:
2514 4402 2766 4459 Faciem
2784 4417 2994 4473 pacem
3023 4410 3079 4462 et
3108 4416 3323 4464 creans
3347 4408 3541 4479 mala;

1873 4489 2021 4560 quia
2044 4493 2188 4546 tunc
2218 4490 2396 4547 nobis
2425 4507 2548 4564 pax
2579 4507 2720 4549 cum
2747 4493 2870 4550 Deo
2912 4494 3207 4564 redditur,
3237 4511 3378 4553 cum
3407 4497 3540 4554 hac

1875 4592 2014 4650 quae
2036 4577 2193 4635 bene
2216 4583 2360 4636 sunt
2387 4581 2652 4652 condita,
2697 4581 2803 4638 sed
2831 4596 2956 4639 non
2985 4582 3143 4640 bene
3194 4585 3540 4657 concupita,

1877 4664 1939 4720 in
1978 4683 2052 4724 ea
2080 4685 2216 4742 qua:
2247 4668 2423 4724 nobis
2443 4668 2610 4726 mala
2633 4675 2776 4727 sunt
2792 4670 3034 4742 ﬂagella
3061 4677 3394 4728 vertuntur.
3433 4675 3542 4728 Per

1879 4757 2121 4830 culpam
2147 4757 2374 4831 quippe
2399 4758 2518 4812 Deo
2547 4757 2855 4814 discordes
2887 4759 3221 4816 exstitimus
3246 4777 3260 4816 :
3282 4759 3541 4830 dignum

1879 4861 2022 4916 ergo
2047 4851 2137 4903 est
2163 4850 2228 4902 ut
2255 4846 2334 4902 ad
2361 4863 2580 4920 pacem
2603 4846 2762 4903 illius
2794 4863 2901 4920 per
2928 4847 3168 4918 ﬂagella
3194 4848 3542 4918 redeamus;

1880 4942 1964 5008 ut,
1996 4952 2137 4994 cum
2167 4951 2554 5010 unaquaeque
2567 4952 2664 4994 res
2684 4937 2839 4994 bene
2861 4938 3108 4996 condita
3143 4939 3320 4996 nobis
3353 4939 3419 4997 in
3437 4941 3544 4997 do-

1880 5025 2072 5084 lorem
2100 5031 2382 5094 vertetur,
2413 5026 2662 5084 correcti
2708 5043 2884 5084 mens
2914 5027 2995 5085 ad
3026 5029 3293 5086 auctoris
3324 5045 3542 5103 pacem

1881 5115 2186 5174 humiliter
2208 5116 2587 5174 reformetur.
2633 5117 2772 5172 Haec
2811 5116 3018 5190 itaque
3051 5116 3292 5190 ﬂagella
3331 5118 3546 5176 beatus

1883 5204 1998 5261 Job
2029 5205 2192 5263 mala
2227 5207 2523 5272 nominat,
2555 5205 2700 5279 quia
2730 5206 2938 5264 salutis
2984 5211 3044 5264 et
3097 5207 3546 5281 tranquillitatis

1884 5294 2118 5352 bonum
2139 5311 2264 5368 qua
2291 5295 2744 5372 perturbatione
2769 5295 2987 5354 feriant
3014 5302 3249 5370 pensat.

1958 5385 2000 5453 -ι-
2029 5383 2109 5438 De
2138 5383 2598 5442 difﬁcultatibus
2626 5389 2831 5442 tamen
2872 5390 3054 5459 atque
3099 5385 3386 5458 peccatis,
3411 5397 3550 5460 qua

1890 5472 2171 5530 dicuntur
2199 5489 2324 5530 non
2351 5474 2549 5531 solum
2579 5479 2848 5546 peccata,
2874 5474 2983 5532 sed
3013 5479 3073 5532 et
3101 5489 3295 5549 prensa
3340 5489 3556 5549 pecca»

1894 5569 2117 5628 torum,
2143 5564 2312 5638 quod
2354 5564 2418 5622 in
2473 5565 2589 5621 hac
2620 5565 2859 5623 interim
2891 5566 3028 5625 vita
3073 5583 3264 5640 quam
3293 5567 3559 5626 maxime

1898 5654 2069 5724 ﬁant,
2091 5669 2202 5710 nec
2229 5653 2323 5710 his
2352 5669 2552 5728 preme
2573 5653 2836 5724 aliae,vel
2861 5661 3189 5728 praesentes
3223 5656 3316 5715 vel
3345 5655 3562 5716 futura

1909 5742 2212 5804 ullatenus
2234 5740 2656 5813 excludantur,
2683 5742 2880 5816 plenae
2907 5750 3050 5806 mnt
3091 5745 3568 5806 orthodoxorum
