3936 6384
375 275 509 328 1263
544 321 546 324 .

1502 261 1558 316 S.
1609 251 1981 312 PRUDENTll
2009 247 2382 309 TRECENSIS
2410 250 2755 308 EPISCOPI.

3687 251 3829 308 1264

375 393 613 468 paginae
638 392 1044 453 tractatorum,
1076 383 1624 458 quorumfsanctus
1667 375 2036 448 Augustinus
2068 399 2115 451 Α
2153 377 2492 431 torum.Nec
2528 373 2664 429 ideo
2690 371 2870 428 laude
2897 373 3036 426 sunt
3064 369 3253 440 digni,
3279 369 3426 442 quia
3446 384 3632 442 pana
3661 385 3739 427 ex
3762 372 3833 427 il'

376 464 439 539 in
467 482 621 537 libro
649 496 684 534 v
726 480 879 550 (cap,
913 476 961 546 3)
995 478 1204 530 contra
1228 471 1536 528 Julianum
1569 468 1916 524 haereticum
1939 464 2042 518 Pe-

375 572 689 642 lagianum
717 569 798 623 ita
822 566 1035 621 effatus
1062 567 1150 618 est
1174 581 1185 618 :
1211 561 1448 634 [Inseris
1475 560 1595 616 alia
1623 558 1698 613 de
1720 557 1876 612 libro
1908 570 2042 610 meo

377 662 566 717 verba
599 662 665 713 ut
711 656 854 725 dixi,
906 653 1104 709 carnis
1143 650 1613 708 inobedientiam
1673 643 2045 703 inobedienti

376 748 609 807 homini
663 744 1016 814 dignissime
1084 741 1439 799 retributam
1483 759 1495 809 ;
1555 738 1699 811 quia
1753 737 2045 806 injustam

378 844 505 896 erat
525 843 585 892 ut
614 835 1133 907 obtemperaretur
1162 848 1198 888 a
1225 847 1398 888 servo
1421 846 1551 891 suo,
1571 828 1633 884 id
1664 831 1751 882 est
1781 842 1813 881 a
1838 839 2046 896 corpo-

378 945 442 985 re
476 943 606 997 suo,
642 925 694 981 ei
725 925 830 997 qui
862 940 986 980 non
1017 923 1540 996 obtemperaverat
1587 917 1841 973 Domino
1887 928 1996 969 suo
2033 931 2044 980 ;

382 1024 438 1073 et
479 1015 718 1072 conaris
769 1014 1082 1070 ostendere
1139 1014 1298 1069 hanc
1351 1008 1822 1066 inobedientiam
1852 1004 2050 1060 carnis

381 1107 583 1180 potius
626 1121 759 1160 esse
788 1102 1182 1172 laudabilem,
1235 1101 1286 1156 si
1316 1117 1499 1173 pcena
1550 1095 1852 1170 peccantis
1912 1096 2045 1147 est:

381 1200 441 1252 et
466 1200 760 1266 tanquam
789 1208 1050 1265 persona
1104 1191 1180 1246 sit
1228 1190 1432 1262 aliqua
1477 1205 1615 1260 quae
1671 1187 2050 1257 peccatorem

384 1286 637 1340 scienter
667 1281 913 1351 aﬂligat,
940 1281 1024 1336 sic
1049 1296 1186 1336 eam
1212 1279 1375 1334 velut
1399 1278 1668 1332 ultricem
1701 1271 1962 1341 sceleris,
1996 1274 2053 1325 et

383 1374 450 1430 in
485 1373 602 1428 hoc
632 1371 736 1427 Dei
777 1370 1118 1427 ministram
1157 1374 1447 1440 tanquam
1481 1381 1660 1435 magn
1674 1379 1772 1419 um
1805 1359 2051 1433 aliquod

384 1465 620 1520 bonum
656 1461 950 1517 cothurno
1000 1459 1296 1515 sermonis
1347 1472 1629 1521 exornas,
1671 1469 1779 1508 nec
1826 1450 2051 1520 cogitas

386 1568 568 1626 posse
597 1556 650 1606 te
671 1551 788 1606 isto
821 1549 1005 1606 modo
1043 1548 1296 1604 laudare
1318 1546 1565 1616 angelos
1589 1543 1781 1599 malos
1809 1538 1913 1612 qui
1944 1537 2052 1593 uti-

389 1657 509 1714 que
539 1656 662 1696 non
693 1643 832 1695 sunt
855 1638 970 1694 nisi
999 1637 1492 1710 prtevaricatores
1523 1639 1704 1705 atque
1725 1629 1913 1702 impii,
1946 1643 2053 1700 per

2153 465 2226 522 lis
2245 466 2412 536 justa
2432 463 2724 532 inﬂigitur
2750 461 2949 531 dignis
2979 477 2991 516 :
3017 460 3108 516 Sic
3138 461 3236 516 lea:
3260 460 3323 514 in
3349 459 3626 516 membris
3654 475 3831 531 repu-

2157 571 2354 627 gnans
2389 555 2508 624 legi
2534 553 2747 608 mentis
2767 550 3310 622 (Rom.vn,23),non
3339 548 3476 605 ideo
3507 548 3643 622 ipsa
3666 550 3829 620 juste

2163 645 2306 716 agit,
2340 643 2489 716 quia
2521 642 2652 714 ejus
2682 640 2786 714 qui
2814 638 3174 710 egitinjusta
3203 639 3334 709 [al.,
3365 637 3610 709 injuste]
3642 654 3830 710 poena

2160 735 2235 791 sit
2255 734 2514 804 justa.Et
2547 733 2699 788 sicut
2719 731 2956 787 caecitas
2983 728 3202 796 cordis,
3231 743 3418 800 quam
3449 727 3614 784 solus
3633 745 3828 786 remo-

2159 829 2257 881 vet
2280 823 2651 880 illuminator
2677 822 2852 886 Deus,
2875 823 2933 875 et
2949 822 3268 892 peccatum
3288 821 3525 889 est,quo
3554 817 3618 873 in
3635 818 3824 874 Deum

2160 931 2286 971 non
2316 913 2593 984 creditur,
2633 915 2689 967 et
2718 924 2900 983 poena
2930 907 3179 981 peccati,
3212 923 3337 979 qua
3363 922 3468 962 cor
3491 907 3821 979 superbum

2159 1006 2350 1076 digna
2378 1001 2903 1060 animadversione
2932 997 3199 1072 punitur,
3252 1001 3309 1052 et
3356 1012 3546 1052 causa
3572 998 3822 1070 peccati,

2159 1095 2328 1168 quod
2353 1093 2495 1150 caeci
2545 1093 2675 1164 [al.,
2719 1106 2860 1146 cum
2910 1087 3054 1144 mali
3086 1084 3336 1162 aliquid]
3379 1085 3578 1142 cordis
3615 1101 3818 1142 errore

2160 1182 2595 1241 committitur:
2640 1180 2722 1236 ita
2751 1174 3240 1250 concupiscentia
3283 1173 3482 1231 carnis
3525 1173 3821 1230 adversus

2160 1289 2348 1347 quam
2372 1272 2571 1328 bonus
2593 1266 2964 1340 concupiscit
2993 1264 3258 1338 spiritus,
3282 1267 3340 1320 et
3367 1267 3684 1336 peccatum
3713 1269 3822 1330 est,

2160 1363 2306 1436 quia
2335 1363 2488 1418 inest
2506 1360 2590 1415 illi
2614 1357 2932 1414 inobedien
2943 1356 3024 1412 tia
3039 1352 3644 1411 contradominatum
3667 1369 3824 1409 men-

2162 1455 2233 1509 tis
2268 1472 2281 1521 ;
2309 1458 2365 1509 et
2392 1467 2574 1526 poena
2603 1447 2833 1521 peccati
2872 1451 2979 1503 est.
3035 1445 3186 1511 Quia
3226 1443 3462 1500 reddita
3486 1447 3574 1500 est
3602 1444 3824 1500 meritis

2161 1542 2580 1608 inobedientis,
2610 1545 2666 1596 et
2705 1554 2889 1595 causa
2933 1535 3164 1610 peccati
3194 1539 3282 1592 est
3329 1533 3661 1591 defectione
3689 1549 3826 1590 con-

2165 1630 2469 1688 sentientis
2501 1627 2595 1685 vel
2620 1625 2977 1697 contagione
3020 1622 3320 1680 nascentis
3363 1639 3376 1679 :
3409 1621 3666 1695 proinde
3695 1638 3824 1678 om-

389 1747 545 1804 quos
573 1736 776 1786 tamen
799 1730 987 1784 Deum
1011 1728 1254 1784 meritas
1279 1743 1493 1800 poenas
1516 1725 1779 1794 irrogare
1799 1733 2052 1793 peccan-
2083 1765 2129 1818 B
2168 1721 2268 1777 nia
2297 1736 2434 1793 quae
2464 1734 2574 1791 pro
2604 1716 2720 1772 hac
2772 1719 2875 1770 tua
2925 1727 3086 1768 caeca
3127 1716 3182 1766 et
3224 1709 3678 1767 inconsiderata
3705 1708 3830 1782 opi-

392 1821 552 1875 tibus
583 1822 793 1874 sancta
823 1817 1129 1890 Scriptura
1161 1820 1414 1873 testatur
1441 1814 1648 1870 dicens
1703 1828 1716 1864 :
1770 1811 1934 1865 Misit
1990 1807 2053 1861 in

393 1926 486 1966 eos
525 1911 681 1964 iram
710 1909 1148 1978 indignationis
1165 1905 1790 1976 suae,indignationem
1817 1906 1870 1955 et
1898 1901 2055 1954 iram

391 2005 444 2055 et
499 1999 1040 2068 retribulationem,
1082 1998 1473 2054 immissiones
1500 2010 1618 2065 per
1656 1992 1903 2063 angelos
1932 2003 2058 2044 ma-

396 2088 482 2143 los
508 2087 631 2157 (Ps.
663 2085 1206 2155 Lxxvu,-’r9).Lauda
1238 2085 1419 2142 etiam
1443 2084 1612 2153 istos,
1639 2081 1824 2138 lauda
1848 2092 2058 2134 eorum

392 2175 729 2249 principem
781 2177 1091 2246 Satanam,
1144 2174 1291 2247 quia
1319 2179 1378 2231 et
1405 2173 1533 2246 ipse
1563 2171 1776 2228 vindex
1827 2167 2059 2240 peccati

393 2265 525 2333 fuit,
558 2265 807 2337 quando
837 2266 892 2321 ei
915 2265 1171 2322 tradidit
1198 2263 1518 2337 Apostolus
1548 2263 1844 2319 hominem
1875 2259 1938 2312 in
1970 2257 2063 2311 in-

399 2356 640 2410 teritum
673 2355 874 2410 carnis
902 2355 957 2426 (Ι
978 2355 1180 2422 ΟΜΝ,
1205 2355 1278 2426 5).
1304 2353 1487 2409 Valde
1516 2352 1679 2407 enim
1706 2350 1965 2404 disertus
1996 2360 2060 2400 es

398 2448 605 2499 contra
631 2444 889 2514 gratiam
921 2444 1151 2511 Christi,
1183 2449 1240 2500 et
1280 2443 1533 2499 idoneus
1563 2440 1760 2496 dicere.
1793 2449 2059 2509 panegy-

398 2534 592 2588 ricum
622 2535 854 2589 Satanae
884 2537 942 2589 et
963 2534 1194 2603 angelis
1227 2533 1378 2604 ejus,
1409 2547 1517 2603 per
1545 2545 1700 2601 quos
1731 2525 2060 2581 multorum

399 2625 556 2678 Deus
582 2624 770 2694 judex
801 2629 980 2696 atque
1011 2625 1161 2679 altor
1193 2628 1280 2678 est
1304 2625 1691 2693 peccatorum
1723 2614 2058 2671 retribuens

400 2715 487 2769 eis
520 2715 856 2769 secundum
905 2729 1092 2786 opera
1133 2729 1264 2780 sua,
1323 2727 1427 2766 eos
1483 2712 1648 2782 ipsos
1689 2706 1984 2780 peSsimos
2006 2707 2061 2760 et

400 2801 784 2857 damnabiles
832 2801 1073 2874 spiritus
1125 2800 1575 2874 puniendorum
1626 2795 1924 2869 supplicia
1976 2793 2060 2848 fa-

401 2891 588 2955 ciens,
610 2891 716 2962 qui
745 2890 898 2946 bene
945 2891 1227 2964 justeque
1257 2890 1439 2946 utitur
1482 2893 1539 2945 et
1568 2888 1746 2944 bonis
1777 2892 1832 2940 et
1862 2882 2056 2939 malis.

400 2980 665 3035 Praedico.
712 2980 892 3050 igitur
929 2980 1340 3053 iniquissimas
1378 2982 1724 3052 potestates,
1773 2974 1917 3047 quia
1954 2987 2062 3044 per

401 3069 565 3141 ipsas
593 3069 757 3124 mala
784 3069 1194 3125 retribuuntur
1218 3069 1417 3136 malis,
1450 3068 1554 3140 qui
1575 3070 1894 3138 propterea
1925 3076 2058 3116 con-

402 3158 833 3231 cupiscentiam
865 3159 1162 3232 praedicas
1204 3159 1402 3215 carnis
1435 3175 1448 3212 :
1483 3158 1627 3230 quia
1656 3150 2063 3211 inobcslientia

399 3249 688 3304 retributa
716 3254 805 3304 est
831 3248 1251 3305 inobedicntize
1290 3247 1642 3321 peccatoris.
1708 3243 1914 3299 Lauda
1957 3239 2064 3295 ini-

400 3355 593 3411 quum
630 3354 835 3408 regem
864 3339 1126 3411 Saulem,
1152 3339 1297 3412 quia
1336 3343 1394 3394 et
1422 3339 1548 3410 ipse
1578 3336 1687 3392 fuit
1724 3350 1902 3406 paena
1934 3345 2068 3403 pec-

402 3429 669 3484 cantium
699 3447 712 3495 ;
756 3428 1005 3484 Domino
1028 3429 1261 3485 dicente
1296 3445 1309 3483 :
1347 3430 1500 3484 Dedi
1520 3430 1627 3484 tibi
1655 3443 1849 3499 regem
1875 3429 1936 3483 in
1969 3429 2064 3482 ira

399 3533 532 3573 mea
555 3518 704 3583 (Ose.
731 3533 844 3586 xm,
883 3517 988 3587 10);
1021 3517 1206 3573 lauda
1225 3519 1594 3574 dmmonium
1619 3519 1784 3591 quod
1810 3535 1915 3574 rex
1936 3517 2064 3590 ipse

399 3606 762 3678 patiebatur,
821 3605 967 3678 quia
1013 3612 1069 3662 et
1116 3607 1232 3664 hoc
1276 3624 1451 3680 paena
1481 3609 1674 3664 fuerat
1704 3609 2058 3681 peccatoris.

402 3695 606 3751 Lauda
631 3697 953 3753 caecitatem
1012 3697 1228 3768 cordis,
1286 3714 1417 3769 qua
1459 3705 1733 3767 exparte
1779 3699 1842 3754 in
1871 3699 2064 3755 Israel

395 3786 567 3854 facta
598 3791 704 3852 est,
736 3800 845 3841 nec
877 3789 1104 3842 tacetur
1138 3785 1212 3841 de
1236 3787 1495 3844 caecitate
1527 3787 1726 3855 Israel,
1760 3803 1949 3859 quare
1967 3788 2065 3842 do-

399 3890 507 3929 nec
521 3875 858 3944 plenitudo,
891 3874 1105 3947 inquit,
1156 3878 1422 3947 gentium
1455 3879 1736 3946 intraret,
1771 3876 1887 3932 nisi
1913 3875 2062 3931 forte

400 3968 456 4020 et
485 3964 661 4019 istam
692 3980 940 4036 poenam
981 3965 1234 4036 negabis
1261 3983 1410 4036 esse,
1465 3984 1674 4041 quam,
1723 3968 1773 4022 si
1800 3967 1950 4022 lucis
1981 3965 2066 4020 in-

399 4059 581 4110 ternae
615 4060 849 4111 amator
879 4071 1061 4126 esses,
1089 4071 1213 4112 non
1241 4057 1438 4114 solum
1469 4058 1762 4130 aliquam,
1805 4056 1910 4112 sed
1939 4055 2065 4112 val-

400 4143 476 4198 de
501 4159 791 4212 magnam
818 4159 1064 4216 poenam
1092 4160 1221 4201 esse
1253 4147 1550 4203 clamares
1573 4148 1652 4203 ad
1681 4149 1860 4204 istam
1891 4145 2062 4203 caeci-

400 4234 584 4294 tatem
616 4232 744 4297 [al.,
778 4237 839 4286 at
857 4231 972 4288 ista
996 4233 1253 4306 caecitas]
1286 4235 1395 4290 fuit
1434 4236 1655 4292 Judaeis
1695 4235 1924 4307 grande
1971 4236 2061 4292 in-

402 4318 770 4374 credulitatis
798 4320 1053 4393 malum,
1111 4327 1166 4378 et
1197 4326 1441 4393 grandis
1495 4343 1683 4382 causa
1713 4326 1964 4398 peccati,
1996 4331 2062 4382 ut

403 4408 744 4464 occiderent
777 4409 1092 4466 Christum.
1126 4413 1261 4469 Jam
1292 4413 1469 4470 istam
1497 4416 1823 4472 caecitatem
1855 4416 1903 4471 si
1932 4432 2061 4488 pne,-

401 4515 546 4553 nam
597 4498 779 4554 fuisse
834 4501 1168 4570 negaveris,
1220 4503 1475 4559 similem
1528 4509 1583 4561 te
1623 4505 1853 4578 perpeti
1879 4505 2060 4561 etiam

401 4605 526 4645 non
555 4587 845 4644 conﬁtens
870 4589 1190 4661 judicabis.
1224 4593 1280 4650 Si
1311 4598 1513 4650 autem
1535 4611 1784 4668 poenam
1813 4595 2061 4668 quidem

401 4681 605 4749 fuisse,
639 4679 744 4735 sed
773 4682 1001 4752 peccati
1030 4699 1278 4755 poenam
1325 4700 1448 4740 non
1493 4685 1674 4742 fuisse
1725 4686 2057 4754 contendis,

400 4770 636 4826 interim
667 4769 863 4825 fateris
893 4772 1061 4842 quod
1113 4789 1305 4829 unum
1355 4774 1583 4847 aliquid
1640 4781 1696 4833 et
1742 4780 2062 4850 peccatum

402 4876 534 4916 esse
555 4860 762 4932 possit,
796 4864 852 4915 et
888 4877 1074 4932 pmna
1115 4879 1128 4917 :
1189 4863 1238 4918 si
1277 4867 1479 4920 autem
1509 4881 1635 4922 non
1664 4870 1752 4921 est
1781 4867 1896 4922 hoc
1926 4867 2058 4938 [al.,

401 4951 553 5018 haec]
584 4965 767 5020 poena
790 4951 1038 5021 peccati,
1071 4954 1337 5025 profecto
1363 4954 1572 5028 iniqua
1628 4971 1812 5028 pcena
1857 4959 1965 5027 est,
2007 4958 2065 5012 et

403 5039 699 5108 injustum
729 5039 876 5094 facis
905 5043 1090 5097 Deum
1121 5059 1243 5116 quo
1269 5045 1518 5116 jubente
1546 5045 1641 5101 vel
1671 5046 1920 5117 sinente,
1962 5048 2066 5103 aut

400 5128 712 5184 inﬁrmum
743 5143 866 5198 quo
910 5145 1034 5185 non
1078 5136 1379 5190 avertente
1427 5134 1718 5205 inﬂigitur
1760 5134 2064 5192 innocenti

403 5219 534 5289 [al.,
568 5216 847 5287 nocenti].
897 5218 1071 5283 Quod
1101 5219 1149 5274 si
1172 5223 1352 5278 etiam
1381 5240 1630 5297 poenam
1663 5226 1891 5298 peccati
1934 5240 2064 5281 esse

403 5304 682 5402 concedis
707 5305 959 5402 (ne,hoc
988 5323 1110 5364 non
1133 5312 1520 5369 concedendo
1551 5315 1823 5386 [al.,non
1853 5315 2063 5387 deest],

400 5397 468 5447 ut
494 5393 623 5464 ipse
653 5393 833 5449 corde
864 5410 1056 5451 caecus
1087 5403 1425 5474 appareas),
1454 5402 1591 5459 vide
1604 5404 1754 5476 jam,
1788 5405 1954 5478 quod
1981 5404 2065 5460 vi-

401 5481 544 5536 dere
573 5482 843 5580 nolebas,
896 5486 1075 5544 istam
1116 5505 1305 5562 quam
1362 5493 1578 5550 vovisti
1623 5495 1883 5553 solutam
1931 5511 2063 5553 esse

401 5575 847 5659 quaestionem;
897 5577 1062 5646 quia,
1096 5579 1246 5636 sicut
1294 5581 1576 5639 diabolus
1632 5589 1812 5659 atque
1862 5585 2061 5656 angeli

399 5658 556 5757 ejus,
589 5661 989 5757 etmalireges
1013 5682 1138 5722 non
1164 5669 1360 5726 solum
1389 5672 1503 5743 ipsi
1521 5658 1865 5745 peccatores
1895 5681 2052 5745 sunt,

407 5742 515 5794 sed
545 5759 651 5811 per
674 5748 968 5813 justitiam
996 5755 1098 5809 Dei
1135 5756 1288 5812 ﬁunt
1316 5742 1497 5817 etiam
1521 5742 1824 5835 supplicia
1851 5780 2036 5838 pecca

2165 1811 2345 1868 nione
2367 1807 2587 1876 dixisti,
2619 1821 2744 1880 qua
2764 1803 2962 1860 carnis
2994 1799 3563 1874 concupiscentiam,
3583 1815 3655 1856 eo
3682 1799 3818 1872 ipso

2165 1901 2332 1975 quod
2361 1915 2498 1956 eam
2525 1911 2774 1972 pcnnam
2803 1892 3060 1950 diximus
3104 1905 3234 1946 esse
3276 1887 3527 1964 peccati,
3577 1902 3701 1944 non
3730 1902 3834 1943 so-

2164 1991 2294 2047 lum
2320 2004 2445 2046 non
2464 1984 2945 2061 vituperandam,
2978 1995 3191 2037 verum
3237 1979 3418 2035 etiam
3455 1975 3832 2034 laudandam

2165 2075 2752 2154 putasti,quamlibet
2778 2071 3012 2149 prolixa
3032 2067 3437 2143 disputatione
3457 2067 3521 2122 in
3549 2082 3619 2123 eo
3647 2065 3833 2122 fueris

2167 2152 2548 2232 immoratus,
2571 2163 2891 2222 evanuisse
2923 2159 3323 2216 certissimum
3349 2160 3458 2212 est.
3484 2159 3634 2212 Nam
3664 2152 3838 2227 quod

2169 2261 2306 2316 aisti
2335 2276 2347 2313 :
2383 2259 2438 2316 Si
2475 2255 2663 2314 libido
2692 2268 2876 2326 poena
2904 2247 3132 2323 peccati
3163 2251 3273 2314 est,
3307 2244 3717 2318 abjiciendam
3745 2259 3841 2298 es-

2173 2364 2233 2402 se
2247 2346 2595 2420 pudicitiam
2607 2359 2700 2409 ,ne
2710 2339 2948 2398 rebellis
2959 2339 3019 2394 in
3043 2341 3230 2394 Deum
3242 2334 3481 2390 castitas
3499 2333 3735 2390 illatam
3756 2331 3844 2388 ab

2169 2453 2240 2494 eo
2264 2438 2498 2493 dicatur
2521 2447 2804 2490 enervare
2833 2426 3270 2490 sententiam,et
3285 2426 3500 2479 caetera
3516 2422 3848 2492 hujusmo—

2169 2526 2232 2582 di
2262 2543 2398 2600 quae
2428 2526 2585 2581 hanc
2613 2520 2942 2578 vanitatem
2994 2511 3426 2584 consequentia
3469 2513 3650 2581 atque
3693 2510 3848 2566 hinc

2168 2616 2418 2684 religata
2452 2607 3015 2670 contexis.Totidem
3057 2602 3255 2659 verbis
3283 2600 3360 2656 de
3408 2599 3674 2656 caecitate
3705 2615 3847 2655 cor—

2169 2706 2281 2768 dis,
2315 2719 2512 2761 errore
2543 2699 2722 2757 simili
2751 2699 2882 2771 [al.,
2916 2692 3240 2764 simillimo]
3259 2689 3447 2747 modo
3475 2688 3595 2744 dici
3614 2691 3840 2762 potest.

2173 2796 2231 2853 Si
2259 2791 2539 2850 caecitatis
2557 2789 2755 2847 cordis
2769 2801 2953 2861 pcena
2979 2781 3208 2858 peccati
3222 2777 3680 2852 est,abjicienda
3691 2777 3844 2834 doc-

2170 2885 2427 2956 trina,ne
2446 2879 2683 2938 rebellis
2698 2878 2759 2934 in
2782 2879 2969 2932 Deum
2992 2871 3206 2928 mentis
3224 2867 3578 2925 illuminatio
3603 2865 3840 2923 illatam

2169 2976 2248 3032 ab
2276 2990 2347 3030 eo
2373 2972 2604 3028 dicatur
2633 2981 2918 3025 enervare
2949 2956 3510 3024 sententiam.Quod
3539 2955 3591 3012 si
3619 2955 3844 3012 absur-

2171 3065 2489 3121 dissimum
2515 3064 2604 3116 est
2647 3058 2846 3114 dicere
2897 3050 3195 3127 (quamvis
3245 3049 3318 3104 sit
3371 3047 3606 3103 caecitas
3635 3045 3842 3102 cordis

2172 3169 2355 3227 paena
2374 3150 2644 3227 peccati),
2679 3163 2750 3204 eo
2780 3144 2964 3202 modo
2996 3137 3506 3198 absurdissimum
3538 3138 3626 3191 est
3653 3135 3842 3191 etiam

2172 3223 2341 3318 quod
2372 3223 2500 3316 ipse
2530 3237 2752 3307 dixisti,
2775 3232 3053 3308 quamvis
3086 3229 3160 3285 sit
3187 3227 3398 3296 libido,
3426 3224 3490 3281 id
3509 3230 3596 3280 est
3621 3223 3842 3280 inobe-

2173 3312 2622 3390 dientiacarnis
2644 3341 2828 3400 paena
2877 3318 3108 3396 peccati
3169 3334 3182 3373 :
3236 3315 3532 3389 quoniam
3585 3312 3846 3368 caacitati

2172 3423 2444 3480 resistere
2473 3417 2806 3485 scientia,et
2826 3409 3064 3469 libidini
3093 3404 3481 3462 continentia.
3514 3406 3660 3458 Eam
3689 3417 3844 3458 vero

2171 3527 2420 3587 pcenam
2449 3526 2587 3583 quae
2608 3522 2719 3563 nec
2749 3518 2913 3559 error
2942 3505 3030 3556 est
3057 3512 3169 3553 nec
3197 3492 3590 3564 libido,debet
3617 3489 3845 3547 tolera-

2172 3583 2232 3662 re
2251 3601 2556 3678 patientia.
2582 3598 2977 3669 Quapropter,
2999 3586 3272 3678 quando,
3302 3585 3423 3639 Deo
3443 3583 3730 3678 donante,
3765 3597 3846 3678 ex

2170 3669 2313 3750 vera
2341 3691 2554 3748 vivitur
2581 3687 2721 3757 ﬁde,
2761 3684 2889 3754 ipse
2922 3683 3076 3735 Deus
3105 3675 3279 3733 adest
3307 3679 3364 3730 et
3403 3671 3590 3728 menti
3618 3669 3844 3725 illumi-

2171 3783 2390 3842 nandae
2412 3785 2469 3837 et
2497 3771 2997 3848 concupiscentiae
3039 3763 3401 3840 superandos
3449 3766 3506 3818 et
3542 3759 3842 3817 molestiae

2169 3871 2536 3950 perferenda
2573 3886 2586 3936 ;
2614 3868 2730 3922 hoc
2763 3863 2925 3919 enim
2956 3863 3144 3915 totum
3170 3858 3326 3911 recte
3368 3852 3457 3918 ﬁt,
3489 3850 3740 3924 quando
3771 3849 3841 3904 ﬁt

2171 3939 2417 4039 propter
2434 3960 2634 4033 ipsum
2665 3974 2679 4024 ;
2711 3954 2771 4010 id
2798 3946 3165 4023 est,quando
3196 3943 3381 4017 gratis
3412 3946 3652 3998 amatur
3681 3939 3835 4012 ipse.

2173 4028 2377 4121 Qualis
2405 4028 2576 4107 amor
2618 4044 2798 4102 nobis
2845 4055 2978 4098 esse
3026 4051 3152 4094 non
3181 4036 3380 4107 potest
3406 4030 3522 4086 nisi
3549 4045 3622 4085 ex
3649 4028 3788 4100 ipso
3821 4045 3836 4095 ;

2171 4117 2462 4216 alioquin,
2493 4135 2746 4213 quando
2777 4131 2890 4188 sibi
2918 4130 3106 4186 homo
3132 4123 3393 4180 multum
3416 4119 3636 4216 placet,
3669 4121 3727 4172 et
3760 4117 3837 4172 de

2171 4250 2281 4291 sua
2302 4208 2812 4291 virtute—conﬁdit,
2848 4223 2896 4276 si
2928 4217 3183 4275 traditur
3210 4213 3272 4268 in
3298 4208 3596 4266 desideria
3623 4222 3835 4279 super-

2166 4325 2283 4381 bia:
2315 4323 2632 4391 suae,tanto
2659 4311 2920 4385 amplius
2947 4310 3202 4376 augetur
3230 4303 3346 4358 hoc
3376 4299 3610 4391 malum
3639 4312 3832 4369 quan-

2167 4419 2228 4470 to
2252 4388 2455 4483 magis
2476 4409 2529 4464 ei
2561 4404 2917 4479 cupiditates
2959 4399 3187 4454 caeterae
3227 4388 3534 4456 cesserint,
3583 4400 3827 4458 easque,

2094 4484 2139 4537 D
2169 4501 2330 4558 velut
2347 4477 2692 4566 laudabilis,
2726 4492 2842 4548 hac
2868 4477 3828 4566 unamoblectando,compresse-

2166 4590 2443 4659 rit.Quod
2473 4603 2614 4659 ergo
2644 4562 2707 4640 in
2735 4580 2864 4638 aliis
2888 4571 3194 4650 opusculis
3237 4567 3388 4624 meis
3414 4565 3629 4635 legisse
3658 4568 3716 4621 te
3745 4562 3826 4618 di-

2169 4685 2277 4751 cis,
2308 4686 2488 4754 atque
2517 4677 2580 4734 id
2612 4676 2829 4731 frustra
2851 4667 3109 4725 refutare
3138 4662 3390 4717 conatus
3435 4668 3660 4724 es,esse
3678 4667 3824 4709 non-

2168 4746 2335 4832 nulla
2362 4746 2632 4844 peccata,
2663 4778 2800 4836 quze
2824 4773 3021 4833 poenze
3065 4753 3182 4808 sint
3211 4749 3390 4805 etiam
3417 4746 3822 4818 peccatorum,

2169 4831 2444 4936 deposito
2473 4831 2752 4914 vincendi
2781 4831 2982 4907 studio
3015 4843 3329 4936 diligenter
3367 4833 3626 4936 attende,
3660 4835 3718 4888 et
3742 4831 3827 4886 in-

2168 4920 2373 5011 venies
2390 4963 2523 5006 esse
2549 4930 3299 5007 verissimum,secundum
3329 4942 3404 4983 ea
3420 4939 3566 5011 qua:
3584 4920 3660 4976 de
3691 4936 3824 4976 cor-

2171 5043 2264 5099 dis
2293 5037 2554 5097 caacitate
2581 5034 2831 5091 tractata
2852 5028 3009 5083 sunt.
3040 5019 3196 5087 Quid
3225 5017 3387 5074 enim
3407 5010 3598 5084 egisti,
3618 5025 3827 5082 quaeso

2170 5139 2248 5205 te,
2277 5129 2429 5206 quid
2457 5125 2626 5198 egisti
2665 5103 3638 5206 commemorandoapostolicum
3668 5099 3823 5157 testi-

2171 5191 2466 5284 monium,
2494 5191 2622 5291 quo
2651 5227 2763 5283 ego
2795 5207 2945 5266 illud
2972 5199 3229 5278 probavi
3258 5195 3518 5291 quodin
3547 5191 3666 5249 alia
3692 5206 3828 5291 mea

2171 5279 2574 5388 disputatione
2605 5279 2798 5373 legisti
2831 5316 2844 5355 :
2894 5296 3039 5370 quia
3066 5293 3159 5388 de-
3187 5285 3556 5388 quibusdam
3593 5279 3826 5354 scripsit

2173 5376 2378 5461 dicens
2409 5419 2423 5458 :
2462 5394 2734 5454 Tradidit
2778 5391 2917 5446 illos
2945 5388 3103 5442 Deus
3134 5383 3198 5438 in
3224 5376 3544 5449 reprobum
3565 5387 3819 5439 sensum,

2171 5495 2487 5566 utfaciant
2507 5501 2639 5560 quae
2667 5499 2787 5540 non
2813 5477 3176 5566 conveniunt
3203 5472 3232 5528 ‘I
3261 5471 3452 5566 (Rom.
3486 5481 3531 5533 ι,
3562 5463 3673 5534 28.)
3704 5461 3822 5566 Hoc

2169 5548 2597 5642 voluisti
2636 5572 2825 5632 videri
2862 5563 3325 5642 hyperbolicum
3353 5558 3583 5614 dictum
3614 5570 3628 5608 :
3659 5548 3822 5642 quod

2167 5673 2235 5729 ﬁt
2260 5688 2418 5739 cum,
2445 5668 2524 5726 ad
2544 5638 2990 5740 permovendos
3010 5647 3459 5719 animos,ﬁdem
3488 5657 3691 5700 rerum
3720 5638 3819 5737 qui

2176 5727 2608 5821 sermocinatur
2624 5750 2879 5820 excedit;
2896 5746 3003 5805 ubi
3017 5757 3160 5815 ergo
3175 5740 3238 5798 id
3257 5733 3579 5811 Apostolus
3600 5727 3814 5794 fecerit,
