3936 6434
168 358 306 415 1205

1128 364 1221 420 DE
1257 362 1921 423 PREDESTINATIONE
1976 362 2255 421 CONTRA
2292 364 2341 420 J.
2384 364 2679 422 SCOTUM.

3448 371 3455 377 ’
3482 369 3617 423 i266

168 497 295 538 non
324 481 587 553 graveris
611 485 948 545 ostendere.
991 489 1141 545 Cum
1168 487 1568 553 inveheretur,
1610 487 1833 561 inquis,
1865 488 1916 542 Α
1946 486 2128 544 etiam
2148 490 2483 547 consentiat
2500 491 2584 547 eis
2613 489 2694 547 ad
2715 487 3151 546 committenda
3169 488 3387 546 eadem
3404 490 3567 548 mala
3587 495 3618 549 ?

166 571 231 627 in
249 571 574 645 impiorum
593 573 879 647 crimina;
910 593 1233 651 poenarum
1254 594 1326 636 ea
1356 578 1708 636 nominibus
1729 591 1837 648 ag-

166 660 884 739 gravavit,quantumque
895 666 1122 739 pectori
1134 683 1249 724 suo
1259 667 1546 725 virtutum
1557 666 1834 724 omnium

165 750 471 809 domicilio
490 753 801 827 turpitudo
840 755 1131 826 horreret,
1162 758 1511 827 ostendens,
1554 772 1681 815 non
1708 761 1834 815 tam

163 855 299 926 reos
324 856 512 914 quam
531 840 856 901 damnatos
877 844 994 902 sibi
1010 845 1157 903 tales
1176 846 1259 904 ait
1282 846 1489 904 videri.
1510 851 1658 917 lmo,
1683 846 1836 903 sicut

163 932 294 1003 lpse
315 929 600 1004 loquitur.
616 947 741 989 non
756 933 908 991 sicut
923 950 1065 993 eum
1084 940 1144 993 tu
1171 934 1340 1011 loqui
1356 936 1559 1007 ﬁngis,
1579 940 1636 994 et
1655 936 1834 993 dam-

164 1022 341 1076 natos
358 1019 792 1080 demonstravit
811 1026 871 1080 et
886 1040 1045 1093 reos,
1062 1041 1175 1082 nec
1199 1026 1400 1083 solum
1420 1026 1496 1083 de
1516 1024 1833 1100 praeteritis

163 1123 300 1166 reos
317 1113 562 1183 propter
588 1126 725 1184 quae
750 1111 1094 1180 damnatos,
1154 1115 1262 1172 sed
1289 1115 1431 1172 inde
1486 1115 1668 1172 etiam
1697 1130 1834 1171 reos

163 1197 269 1254 ubi
298 1199 432 1271 [al.,
463 1200 627 1258 unde
657 1201 1199 1274 etiam]damnatos
1225 1221 1400 1262 :nam
1415 1221 1552 1262 reos
1572 1204 1837 1271 ostendit

160 1286 265 1343 ubi
295 1289 378 1345 ait
402 1305 415 1343 :
436 1289 519 1345 Et
545 1291 862 1347 coluerunt
881 1298 939 1349 et
966 1295 1304 1351 servierunt
1315 1300 1612 1352 creatura:
1629 1295 1830 1364 potius

157 1391 341 1448 quam
365 1377 646 1436 Creatori
659 1382 766 1451 qui
791 1388 876 1439 est
903 1382 1246 1440 benedictus
1272 1385 1338 1440 in
1377 1385 1623 1453 saecula,
1655 1387 1831 1441 amen

156 1466 353 1533 (Rom.
372 1483 428 1536 v,
448 1469 538 1531 25)
568 1484 582 1523 :
606 1467 824 1525 deinde
854 1469 1180 1528 damnatos
1209 1476 1457 1546 propter
1485 1473 1667 1529 istum
1696 1488 1830 1528 rea-

157 1559 325 1624 tum;
370 1557 642 1630 sequitur
668 1559 830 1615 enim
873 1563 1174 1631 :Propter
1223 1563 1334 1620 hoc
1382 1563 1636 1621 tradidit
1691 1564 1831 1620 illos

157 1644 392 1701 Deusin
410 1646 720 1715 passiones
748 1648 1096 1719 ignominia:
1143 1651 1347 1723 (Ibid.,
1373 1656 1486 1709 26).
1549 1652 1778 1709 Audisti
1812 1669 1825 1707 :

158 1733 420 1803 Propter
439 1733 635 1800 hoc,et
651 1737 873 1809 quieris
889 1739 1149 1796 inaniter
1170 1741 1480 1813 quomodo
1500 1741 1558 1797 in
1567 1741 1829 1813 telligen-

1946 595 2017 635 ac
2039 595 2147 653 per
2173 580 2310 652 hoc,
2344 580 2508 638 aliud
2536 585 2624 638 est
2671 579 2896 637 habere
2925 578 3091 636 mala
3143 578 3443 638 desideria
3487 597 3627 639 cor-.

1943 668 2058 737 dis,
2074 670 2240 727 aliud
2260 670 2416 728 tradi
2438 670 2522 727 eis
2550 687 2562 725 :
2587 671 2814 744 utique,
2835 673 2902 727 ut
2921 669 3352 726 consentiendo
3372 670 3458 726 eis
3479 687 3617 745 pos-

1944 759 2306 817 sideaturab
2334 760 2438 823 eis,
2480 759 2647 832 quod
2671 759 2740 816 ﬁt
2777 775 2918 816 cum
2948 758 3150 815 divino
3173 758 3405 830 judicio
3432 761 3616 818 tradi-

1942 852 2039 906 tur
2060 849 2165 905 eis.
2187 849 2466 923 Alioquin
2485 849 2705 906 frustra
2725 849 2954 906 dictum
2977 853 3067 905 est
3097 866 3111 905 :
3136 850 3283 905 Post
3303 853 3615 921 concupis-

1945 941 2171 997 centias
2201 946 2336 997 tuas
2364 956 2486 997 non
2511 955 2610 997 eas
2637 940 2843 1012 (Eccli.
2867 955 3031 1006 xvm,
3050 941 3143 1007 30)
3173 957 3185 1007 ;
3220 938 3268 994 si
3285 939 3417 1010 jam
3437 941 3609 1012 quis-

1943 1045 2061 1102 que
2076 1045 2216 1085 reus
2235 1032 2344 1095 est,
2362 1028 2529 1101 quod
2552 1029 3010 1091 tumultuantes,
3026 1030 3085 1083 et
3104 1026 3185 1083 ad
3200 1026 3362 1084 mala
3375 1029 3608 1085 trahere

1942 1118 2197 1175 nitentes
2255 1122 2431 1174 sentit
2459 1133 2581 1185 eas,
2631 1132 2744 1173 nec
2771 1132 2876 1172 eas
2905 1116 3194 1189 sequitur,
3247 1116 3298 1172 si
3349 1132 3475 1173 non
3522 1117 3608 1174 eis

1942 1195 2217 1272 traditur,
2235 1223 2518 1263 exercens
2534 1206 2826 1263 adversus
2845 1221 2948 1263 eas
2966 1205 3232 1276 gloriosa
3250 1208 3601 1272 certamina,

1942 1294 1991 1351 si
2022 1295 2163 1352 vivit
2206 1295 2271 1352 in
2300 1295 2514 1366 gratia.
2546 1294 2699 1361 Quid
2728 1294 2833 1352 tibi
2879 1295 3041 1351 enim
3071 1294 3324 1359 videtur,
3359 1296 3465 1369 qui
3494 1295 3605 1352 ob-

1941 1388 2138 1442 servat
2162 1384 2329 1458 quod
2361 1385 2650 1458 scriptum
2680 1387 2770 1441 est
2800 1385 2909 1441 :Si
2942 1390 3195 1454 praestas
3224 1386 3441 1441 animae
3489 1391 3605 1442 tua?

1940 1475 2474 1544 concupiscentias,
2508 1476 2636 1545 ejus
2669 1472 2859 1546 (quod
2893 1472 3041 1545 quid
3070 1477 3159 1528 est
3209 1473 3373 1529 aliud
3413 1489 3603 1546 quam

1938 1564 2237 1621 desideria
2259 1564 2388 1636 ejus
2413 1563 2598 1635 mala)
2614 1563 2802 1634 faciet
2834 1567 2891 1619 te
2922 1563 3211 1633 gaudium
3257 1564 3517 1619 inimicis
3546 1569 3604 1620 et

1937 1654 2158 1711 invidis
2186 1654 2303 1709 tuis
2331 1652 2532 1725 (Ibid.,
2558 1653 2673 1723 3i.)
2696 1650 2981 1723 Nunquid
3010 1651 3142 1722 jam
3163 1650 3274 1707 iste
3300 1667 3440 1707 reus
3464 1653 3602 1707 est?

1938 1741 2224 1799 habendo
2274 1741 2423 1797 tales
2476 1741 2695 1798 anima:
2751 1738 3291 1812 concupiscentias,
3342 1755 3498 1812 quas
3547 1739 3601 1795 ei

157 1822 272 1878 dus
293 1824 367 1880 sit
394 1823 629 1880 tradere
658 1828 831 1897 Deus,
855 1828 1115 1885 multum
1139 1828 1427 1886 laborans
1456 1835 1522 1887 ut
1540 1831 1828 1888 ostendas
1858 1848 1900 1904 Β
1937 1837 2223 1905 prmstare
2246 1847 2370 1887 non
2396 1830 2596 1897 debet,
2618 1845 2697 1886 ne
2716 1829 2779 1885 in
2809 1828 3102 1900 gaudium
3130 1829 3332 1885 veniat
3354 1828 3599 1885 diabolo

158 1928 298 1969 eum
320 1913 550 1970 tradere
573 1913 911 1974 deserendo
937 1918 950 1974 Ξ
978 1918 1093 1976 Sed
1123 1919 1586 1992 quomodolibet
1606 1920 1823 1989 tradat,

155 2002 417 2073 Propter
435 2003 546 2060 hoc
573 2004 833 2072 tradidit,
848 2013 1098 2077 propter
1127 2007 1239 2065 hoc
1255 2008 1521 2065 deseruit
1543 2026 1557 2076 ;
1579 2013 1637 2065 et
1654 2009 1824 2066 vides

157 2092 285 2163 ejus
313 2091 716 2157 traditionem,
743 2095 1082 2168 quamlibet
1101 2100 1160 2154 et
1177 2097 1639 2171 quomodolibet
1657 2098 1825 2156 intel-

154 2181 327 2252 ligas,
351 2199 488 2256 quae
517 2188 842 2242 consecuta
868 2186 1005 2243 sint.
1031 2188 1269 2245 Curavit
1300 2188 1463 2245 enim
1499 2189 1822 2262 Apostolus

157 2272 356 2329 dicere
385 2278 614 2346 quanta
655 2290 838 2348 pcena
885 2275 961 2333 sit
999 2292 1036 2333 a
1076 2277 1197 2334 Deo
1236 2277 1392 2334 tradi
1431 2279 1820 2351 passionibus

156 2361 528 2431 ignominiae,
546 2362 672 2420 sive
692 2364 1183 2431 deserendo,sive
1194 2366 1316 2423 alio
1340 2384 1707 2442 quocunque
1727 2368 1823 2426 vel

156 2450 498 2523 explicabili
532 2451 630 2508 vel
652 2452 1060 2527 inexplicabili
1103 2456 1310 2523 modo,
1340 2473 1465 2530 quo
1508 2456 1651 2514 facit
1688 2458 1820 2515 haec

156 2557 393 2598 summe
420 2541 622 2599 bonus
655 2550 712 2600 et
743 2544 1359 2618 ineﬂ‘abiliterjustus.
1396 2551 1545 2604 Nam
1576 2548 1820 2618 femina,

155 2646 358 2707 eorum
394 2631 633 2704 (inquit)
666 2634 1138 2692 immutaverunt
1168 2638 1516 2694 naturalem
1546 2653 1720 2694 usum
1752 2639 1817 2694 in

149 2736 281 2779 eum
306 2737 482 2779 usum
503 2723 611 2795 qui
621 2729 705 2781 est
718 2730 932 2782 contra
955 2732 1243 2784 naturam
1265 2742 1288 2783 :
1308 2728 1591 2785 similiter
1614 2734 1814 2785 autem

148 2817 203 2868 et
226 2814 502 2875 masculi,
539 2815 947 2887 relinquentes
974 2818 1319 2875 naturalem
1344 2833 1518 2875 usum
1542 2819 1811 2890 feminae,

147 2907 511 2958 exarserunt
528 2904 593 2959 in
623 2906 956 2974 appetitum
968 2922 1142 2964 suum
1162 2908 1227 2963 in
1247 2909 1524 2979 invicem,
1553 2910 1815 2965 masculi

146 2991 209 3046 in
234 2993 536 3048 masculos
550 3034 564 3052 .
579 2992 1020 3063 deformitatem
1042 3003 1379 3068 aperantes,
1408 3004 1462 3055 et
1478 2996 1807 3055 mercedem

147 3085 442 3149 mutuam,
483 3096 665 3152 quam
702 3085 969 3153 oportuit
994 3087 1218 3142 erroris
1243 3087 1357 3158 sui,
1380 3087 1444 3142 in
1483 3088 1810 3155 semetipsis

146 3170 499 3260 recipientes
531 3170 715 3260 (Ibid.
773 3175 863 3260 2o,
914 3173 1001 3243 27)
1046 3192 1060 3242 ;
1108 3173 1257 3247 quid
1302 3173 1418 3231 hoc
1450 3174 1809 3239 evidentius,
1840 3203 1883 3260 α

145 3257 293 3330 quid
351 3258 649 3331 apertius,
678 3259 827 3332 quid
873 3260 1214 3333 expressius
1251 3262 1280 3318 Ἰ
1310 3262 1641 3319 Mercedem
1684 3279 1815 3319 mu-

146 3352 309 3404 tuam
339 3347 641 3420 recepisse
696 3348 839 3405 dicit
894 3350 1104 3423 utique
1132 3351 1475 3422 damnatos,
1533 3356 1600 3408 ut
1647 3355 1813 3410 tanta

145 3438 538 3510 operarentur
565 3435 730 3493 mala
762 3454 775 3493 :
809 3441 867 3495 et
899 3442 1100 3496 tamen
1140 3439 1254 3497 ista
1280 3440 1596 3498 damnatio
1628 3441 1810 3498 etiam

143 3528 341 3582 reatus
368 3527 462 3581 est
484 3540 608 3597 quo
630 3526 874 3596 gravius
899 3527 1304 3601 implicantur.
1363 3531 1451 3586 Ita
1476 3534 1534 3586 et
1560 3534 1811 3603 peccata

147 3618 282 3670 sunt
309 3613 428 3671 ista
448 3617 507 3669 et
546 3628 743 3685 poenae
768 3617 1243 3688 praecedentium
1281 3623 1673 3692 peccatorum
1706 3637 1720 3676 :
1754 3624 1813 3676 et

146 3701 309 3775 quod
346 3706 438 3759 est
480 3702 841 3769 mirabilius,
891 3706 1073 3762 etiam
1121 3708 1462 3780 oportuisse
1508 3708 1652 3765 dicit
1706 3725 1809 3765 eos

147 3790 318 3848 istam
344 3802 614 3849 mutuam
643 3794 969 3852 mercedem
1016 3796 1301 3869 recipere.
1360 3801 1446 3854 Ita
1473 3813 1537 3854 se
1579 3797 1812 3857 habent

146 3880 323 3937 etiam
344 3880 660 3954 superiora
678 3882 866 3939 verba
879 3884 1172 3957 Apostoli,
1196 3901 1334 3958 qua:
1355 3887 1485 3959 ipse
1506 3887 1762 3959 posuisti
1791 3904 1805 3943 :

146 3969 536 4026 Mutaverunt
548 3971 805 4041 glariam
823 3973 1304 4045 incorruptibilis
1314 3977 1428 4033 Dei
1446 3977 1511 4032 in
1528 3977 1807 4033 similitu-

146 4057 339 4116 dinem
361 4060 649 4130 imaginis
671 4064 1084 4133 corruptibilis
1098 4063 1351 4121 hominis
1365 4106 1379 4131 ,
1398 4072 1453 4123 et
1469 4067 1808 4138 volucrum,

147 4152 197 4202 et
218 4148 700 4219 quadrupedum,
725 4156 779 4207 et
807 4154 1174 4221 serpentium
1194 4159 1482 4225 .‘propter
1500 4155 1662 4227 quod
1690 4160 1814 4212 tra-

146 4235 290 4291 didit
318 4238 461 4293 illos
490 4239 648 4294 Deus
676 4239 741 4295 in
775 4239 1074 4298 desideria
1111 4242 1311 4299 cordis
1340 4257 1570 4314 eorum,
1610 4245 1676 4300 in
1704 4245 1815 4301 im-

145 4325 524 4388 munditiam,
553 4329 611 4383 et
639 4330 857 4384 cratera
883 4345 1019 4401 quas
1050 4335 1389 4403 sequuntur
1424 4349 1438 4399 ;
1489 4336 1547 4389 et
1575 4331 1671 4388 hic
1704 4332 1813 4388 uti-

146 4427 259 4485 que
290 4414 463 4470 vides
488 4431 737 4473 causam
769 4421 1015 4490 propter
1042 4435 1230 4492 quam
1285 4419 1484 4477 traditi
1513 4425 1653 4478 sunt
1682 4421 1810 4477 sine

147 4501 264 4558 ulla
293 4503 690 4573 ambiguitate
741 4512 1161 4564 monstratam.
1196 4508 1350 4565 Dixit
1395 4509 1623 4583 quippe
1660 4509 1812 4583 quid

148 4588 285 4645 mali
313 4595 457 4647 ante
486 4590 783 4661 fecissent,
805 4597 863 4649 et
888 4594 1167 4666 adjunxit
1189 4612 1203 4651 :
1225 4602 1477 4666 propter
1501 4598 1661 4670 quod
1692 4604 1814 4655 tra-

148 4676 300 4734 didit
321 4680 464 4737 illos
486 4681 647 4737 Deus
671 4682 733 4737 in
755 4682 1055 4741 desideria
1081 4684 1281 4741 cordis
1308 4701 1532 4743 eorum.
1560 4687 1816 4743 Proinde

147 4766 539 4839 praecedentis
566 4772 654 4825 est
680 4769 809 4826 haec
834 4786 1017 4843 poena
1045 4773 1300 4844 peccati,
1323 4778 1380 4829 et
1410 4779 1612 4832 tamen
1635 4775 1818 4832 etiam

151 4854 279 4926 ipsa
305 4860 625 4928 peccatum
675 4862 782 4921 est,
834 4860 1002 4932 quod
1046 4861 1245 4918 verbis
1293 4864 1816 4937 consequentibus

153 4943 427 5016 explicat.
451 4944 570 5001 Sed
597 4950 661 5001 tu
692 4950 905 5004 contra
933 4948 1238 5006 disserens
1261 4966 1334 5008 eo
1364 4953 1550 5010 modo
1593 4953 1700 5009 tibi
1729 4953 1820 5010 vi-

155 5031 307 5091 deris
334 5035 517 5093 istam
558 5035 806 5094 solvisse
856 5038 1272 5111 quaestionem,
1314 5042 1459 5113 quia
1506 5042 1820 5100 desideriis

156 5123 276 5179 suis
305 5125 632 5198 Apostolus
684 5128 931 5185 traditos
961 5129 1115 5186 dixit
1167 5148 1180 5186 :
1215 5132 1348 5187 Jam
1376 5132 1540 5187 enim
1565 5133 1825 5203 ﬂagitio-

155 5226 286 5269 rum
304 5213 526 5288 iniquis
551 5216 687 5288 [al.,
732 5217 952 5291 inquis]
988 5218 1302 5276 desideriis
1351 5221 1726 5291 aestuabant;
1765 5228 1824 5281 et

155 5298 435 5373 adiungis
484 5320 556 5361 ac
585 5305 738 5362 dicis
772 5324 785 5363 :
817 5307 1136 5373 Quomodo
1183 5323 1326 5379 ergo
1357 5325 1465 5382 per
1492 5311 1824 5382 potentiam

158 5388 435 5448 tradentis
461 5392 800 5467 deputandi
828 5401 971 5453 sunt
999 5396 1061 5453 in
1093 5396 1231 5453 talia
1274 5396 1435 5455 facta
1481 5399 1771 5459 cecidisse
1799 5404 1828 5460 ?

158 5477 303 5549 quid
325 5494 466 5552 ergo
496 5483 634 5556 plus
654 5483 884 5541 factum
908 5488 1018 5553 est,
1046 5485 1300 5543 obsecro
1326 5490 1405 5557 te,
1432 5493 1537 5543 aut
1560 5489 1707 5560 quid
1736 5490 1828 5546 di-

161 5569 315 5623 ceret
343 5584 357 5623 :
382 5571 657 5629 Tradidit
686 5574 828 5630 illos
856 5576 1012 5632 Deus
1044 5575 1109 5631 in
1140 5575 1440 5633 desideria
1491 5579 1689 5633 cordis
1739 5594 1828 5636 eo-

164 5668 329 5728 rum;
355 5656 404 5713 si
445 5659 571 5730 jam
601 5666 773 5719 erant
819 5664 1086 5736 possessi
1126 5664 1594 5737 quodammodo
1648 5668 1828 5725 malis

166 5740 469 5803 desideriis
500 5750 701 5806 cordis
724 5751 866 5808 sui?
896 5753 1183 5826 Nunquid
1212 5758 1416 5810 autem
1448 5769 1829 5829 consequens

168 5835 344 5889 estut
370 5835 421 5892 si
442 5836 632 5897 habet
668 5840 884 5915 aliquis
912 5841 1110 5901 cordis
1129 5841 1432 5902 desideria
1477 5844 1659 5916 mala,
1687 5846 1820 5920 jam

1939 1926 1995 1978 et
2021 1920 2251 1991 angelis
2280 1921 2430 1992 ejus,
2454 1919 2562 1993 qui
2591 1923 2732 1975 sunt
2759 1918 2987 1974 inimici
3008 1922 3191 1990 atque
3218 1917 3404 1973 invidi
3457 1933 3601 1973 nos-

1935 2010 2029 2068 tri.
2064 2011 2216 2066 Cum
2264 2025 2409 2080 ergo
2453 2009 2671 2065 dicitur
2699 2007 2887 2064 homo
2916 2007 3082 2064 tradi
3115 2007 3424 2063 desideriis
3452 2009 3595 2077 suis,

1933 2099 2075 2157 inde
2104 2101 2172 2157 ﬁt
2197 2116 2358 2171 reus,
2389 2099 2533 2172 quia
2562 2098 2837 2154 desertus
2887 2113 2924 2154 a
2962 2100 3084 2153 Deo
3115 2096 3274 2152 cedit
3298 2096 3383 2152 eis
3414 2101 3597 2169 atque

1932 2190 2247 2261 consentit,
2276 2188 2552 2258 vincitur,
2585 2188 2839 2260 capitur,
2874 2186 3147 2251 trahitur,
3198 2186 3547 2258 possidetur
3577 2205 3591 2243 :

1930 2281 1980 2334 A
2009 2295 2125 2352 quo
2148 2282 2309 2337 enim
2330 2280 2464 2351 quis
2493 2279 2758 2335 devictus
2779 2282 2887 2346 est,
2920 2276 3060 2332 huic
3083 2280 3139 2332 et
3167 2291 3374 2332 servus
3399 2277 3595 2333 addic-

1932 2374 2027 2426 tus
2048 2376 2131 2426 est
2162 2369 2252 2441 (II
2278 2370 2441 2424 Petr.
2466 2383 2535 2436 ιι,
2572 2368 2678 2439 19),
2710 2370 2768 2422 et
2787 2365 2855 2423 ﬁt
2901 2367 2955 2422 ei
3010 2369 3330 2440 peccatum
3380 2381 3591 2422 conse-

1927 2475 2145 2532 quens,
2178 2457 2573 2532 praecedentis
2602 2472 2786 2529 paena
2813 2456 3063 2530 peccati.
3098 2466 3315 2511 Annon
3342 2460 3432 2512 est
3454 2472 3594 2529 pec-

1926 2553 2132 2605 catum
2158 2553 2215 2604 et
2239 2563 2421 2621 paena
2441 2545 2713 2619 peccati?
2735 2545 2839 2602 ubi
2860 2545 3407 2615 legitur:Dominus
3425 2548 3591 2602 enim

1924 2639 2161 2695 miscuit
2180 2639 2302 2694 illis
2318 2639 2599 2707 spiritum
2621 2637 2863 2703 erroris,
2884 2640 2939 2693 et
2959 2635 3333 2692 seduxerunt
3346 2637 3592 2706 zEgyp-

1926 2734 2051 2784 tum
2068 2729 2129 2785 in
2143 2728 2413 2783 omnibus
2426 2726 2700 2797 operibus
2716 2726 3016 2797 suis,sicut
3029 2724 3336 2781 seducitur
3353 2725 3552 2781 ebrius
3562 2728 3593 2781 ἵ

1921 2816 2206 2888 (Isa.x1x,
2236 2816 2347 2889 24.)
2382 2819 2510 2872 Νοη
2553 2819 2642 2871 est
2663 2817 3003 2888 peccatum,
3037 2818 3095 2870 et
3139 2829 3325 2887 paena
3352 2816 3593 2887 peccati

1920 2906 2027 2963 ubi
2057 2907 2177 2963 Deo
2221 2905 2364 2962 dicit
2401 2905 2697 2978 Propheta
2728 2922 2742 2961 :
2770 2904 2927 2973 Quid
2969 2919 3180 2962 errare
3205 2904 3407 2973 fecisti
3454 2919 3585 2972 nos,

1920 2996 2188 3066 Domine,
2221 3010 2258 3050 a
2290 2995 2386 3050 via
2420 3000 2549 3065 tua,
2577 2994 2845 3050 obtulisti
2869 2997 3079 3049 nostra
3108 2990 3294 3048 corda
3328 3008 3341 3047 :
3375 2996 3443 3046 ut
3466 3005 3587 3045 non

1922 3088 2264 3140 timeremus
2284 3086 2389 3139 te?
2417 3083 2558 3154 (Isa.
2583 3097 2739 3137 inu.
2776 3082 2887 3152 17.)
2913 3085 3044 3137 Non
3098 3085 3192 3137 est
3241 3084 3583 3154 peccatum,

1919 3176 1979 3229 et
2007 3187 2190 3245 poena
2237 3171 2468 3243 peccati
2501 3169 2606 3225 ubi
2634 3185 2844 3224 rursus
2873 3171 2997 3225 Deo
3043 3168 3260 3224 dicitur
3300 3169 3492 3225 :Ecce
3520 3173 3586 3223 tu

1917 3264 2115 3317 iratus
2145 3275 2224 3329 es,
2248 3264 2303 3316 et
2324 3274 2430 3315 nos
2447 3258 2826 3328 peccavimus
2845 3273 2869 3313 .·
2884 3261 3208 3326 propterea
3228 3256 3582 3325 erravimus,

1920 3357 1977 3408 et
2003 3350 2160 3420 facti
2185 3362 2390 3404 sumus
2419 3347 2596 3404 sicuti
2623 3345 2919 3402 immundi
2938 3359 3141 3402 omnes
3165 3345 3194 3401 ‘I
3224 3346 3325 3412 (Is.
3350 3359 3500 3410 wa,
3526 3347 3580 3410 5,

1919 3441 1993 3509 6.)
2028 3442 2156 3496 Non
2186 3443 2274 3494 est
2305 3441 2642 3510 peccatum,
2670 3440 2728 3492 et
2764 3450 2949 3508 paena
2981 3434 3211 3508 peccati
3240 3433 3343 3490 ubi
3368 3432 3584 3503 legitur

1920 3527 1995 3583 de
2018 3526 2303 3584 Gentibus
2333 3542 2487 3599 quas
2516 3523 2839 3580 debellavit
2863 3526 3034 3580 Jesus
3070 3526 3230 3580 Nave
3256 3540 3270 3578 :
3297 3522 3450 3589 Quia
3473 3537 3583 3591 per

1918 3617 2243 3674 Dominum
2270 3616 2507 3686 factum
2538 3620 2622 3671 est
2648 3614 2990 3685 confortari
3019 3628 3124 3669 cor
3147 3628 3374 3682 eorum,
3410 3617 3474 3666 ut
3487 3610 3584 3666 ob-

1918 3708 2078 3763 viam
2108 3707 2263 3762 irent
2285 3706 2366 3761 ad
2406 3704 2627 3761 bellum
2648 3703 2730 3761 ad
2749 3704 2967 3774 Israel,
3000 3708 3068 3758 ut
3098 3703 3580 3760 exterminaren-

1920 3804 2024 3855 tur
2052 3800 2080 3853 ?
2099 3796 2243 3863 (Jos.
2275 3811 2351 3864 χι,
2379 3794 2490 3866 20.)
2523 3809 2648 3851 non
2676 3797 2765 3849 est
2793 3796 3115 3866 peccatum
3144 3796 3203 3848 et
3230 3806 3413 3864 poena
3440 3805 3582 3862 pec-

1919 3886 2036 3944 cati
2061 3904 2075 3956 ;
2107 3885 2276 3959 quod
2299 3900 2424 3941 non
2454 3882 2686 3941 audivit
2711 3898 2818 3939 rex
2848 3882 3121 3938 Roboam
3150 3880 3392 3953 plebem
3422 3879 3579 3936 bene

1920 3979 2268 4032 monentem
2289 3974 2317 4029 ?
2374 3973 2690 4045 quoniam,
2750 3970 2903 4027 sicut
2928 3970 3232 4043 Scriptura
3261 3969 3531 4042 loquitur
3564 3985 3581 4024 :

1918 4066 2074 4121 Erat
2106 4063 2412 4119 conversio
2467 4077 2505 4118 a
2556 4061 2829 4128 Domino,
2876 4065 2944 4116 ut
2997 4064 3285 4116 statueret
3336 4059 3583 4115 verbum

1919 4168 2094 4209 suum
2115 4150 2275 4222 quod
2304 4150 2376 4209 de
2396 4150 2505 4205 illo
2536 4149 2768 4205 locutus
2795 4153 2882 4205 est
2905 4149 2970 4204 in
3000 4163 3188 4204 manu
3239 4147 3412 4204 Abite
3436 4161 3582 4217 pro-

1919 4243 2119 4313 phetce
2143 4240 2263 4311 (III
2284 4240 2426 4310 Reg,
2450 4255 2549 4306 xu,
2583 4239 2689 4310 15).
2721 4241 2850 4296 Non
2871 4242 2961 4295 est
2984 4242 3302 4312 peccatum
3322 4241 3381 4293 et
3400 4251 3585 4310 poena

1920 4330 2148 4406 peccati
2181 4330 2236 4385 in
2263 4345 2335 4386 eo
2360 4329 2527 4402 quod
2550 4330 2840 4402 scriptum
2869 4333 2982 4400 est,
3010 4329 3323 4386 Amasiam
3377 4344 3585 4398 regem

1921 4419 2078 4477 Juda
2128 4418 2392 4475 noluisse
2447 4418 2654 4475 audire
2705 4421 2879 4476 Joam
2925 4434 3132 4490 regem
3186 4417 3366 4475 Israel
3430 4417 3586 4475 bene

1922 4514 2270 4567 monentem
2292 4523 2366 4563 ne
2397 4508 2748 4580 procederet
2776 4508 2855 4564 ad
2877 4507 3232 4564 bellandum
3250 4510 3278 4565 ?
3310 4507 3396 4563 sic
3424 4507 3588 4563 enim

1920 4598 2140 4669 legitur
2180 4599 2277 4654 :E't
2308 4612 2453 4654 non
2478 4599 2713 4655 audivit
2777 4598 3056 4655 Amasias
3088 4598 3372 4669 quoniam
3396 4612 3435 4653 a
3469 4600 3587 4653 Deo

1925 4694 2055 4746 erat
2087 4694 2151 4744 ut
2193 4688 2539 4745 traderetur
2585 4689 2649 4743 in
2701 4701 2917 4743 manus
2966 4685 3247 4753 hostium,
3302 4686 3589 4755 quoniam

1927 4778 2244 4850 quaesierat
2280 4777 2469 4831 Deum
2499 4776 2689 4830 Edam
2718 4775 2811 4846 (II
2834 4775 2982 4831 Par.
3017 4789 3155 4844 xxv,
3190 4774 3303 4845 20).
3346 4775 3411 4828 Et
3431 4770 3590 4827 mul-

1925 4870 1988 4922 ta
2041 4864 2160 4920 alia
2215 4878 2693 4920 commemorare
2742 4878 3095 4935 possumus,
3153 4862 3217 4917 in
3263 4860 3487 4934 quibus
3524 4859 3595 4916 li-

1927 4952 2115 5026 quido
2136 4957 2428 5026 appareat
2451 4951 2686 5009 occulto
2709 4950 2941 5023 judicio
2962 4951 3064 5007 Dei
3090 4950 3218 5007 ﬁeri
3238 4949 3593 5024 perversita-

1927 5047 2049 5099 tem
2080 5041 2297 5110 cordis,
2328 5045 2392 5097 ut
2436 5057 2559 5097 non
2591 5040 2873 5098 audiatur
2916 5040 3086 5113 quod
3112 5055 3326 5096 verum
3356 5039 3591 5109 dicitur,

1929 5135 1988 5188 et
2014 5130 2155 5187 inde
2185 5135 2483 5202 peccetur,
2536 5134 2595 5187 et
2627 5130 2704 5186 sit
2749 5129 2952 5203 ipsum
3008 5134 3325 5203 peccatum
3370 5145 3592 5202 praece-

1929 5220 2123 5277 dentis
2143 5220 2325 5275 etiam
2355 5235 2538 5292 poena
2563 5219 2811 5292 peccati.
2859 5223 3009 5276 Nam
3069 5219 3309 5276 credere
3348 5219 3597 5275 menda-

1931 5310 2045 5378 cio,
2077 5313 2136 5366 et
2158 5325 2282 5365 non
2314 5310 2555 5366 credere
2587 5308 2841 5377 veritati,
2876 5310 3083 5383 utique
3114 5312 3433 5382 peccatum
3462 5311 3594 5374 est;

1933 5398 2096 5455 venit
2134 5404 2337 5455 tamen
2369 5400 2449 5456 ab
2496 5415 2568 5456 ea
2613 5398 2875 5455 caecitate
2904 5399 3125 5467 cordis,
3181 5415 3316 5471 quae
3361 5395 3596 5452 occulto

1930 5487 2159 5560 judicio
2186 5488 2309 5555 Dei,
2343 5489 2453 5545 sed
2486 5493 2688 5545 tamen
2717 5488 2908 5559 justo,
2957 5489 3138 5544 etiam
3166 5486 3397 5560 peccati
3415 5499 3601 5559 poena.

1935 5582 2323 5634 monstratur.
2374 5577 2559 5644 Quale
2591 5580 2681 5634 est
2709 5576 2890 5633 etiam
2918 5575 3067 5632 illud
3095 5575 3264 5648 quod
3292 5574 3372 5631 ad
3418 5574 3599 5629 Thes-

1937 5666 2341 5723 salonicenses
2381 5668 2588 5725 scribit
2628 5667 2950 5740 Apostolus
2996 5683 3010 5722 :
3043 5667 3168 5722 Pro
3199 5681 3264 5723 eo
3318 5664 3478 5737 quod
3506 5664 3601 5719 di-

1940 5756 2250 5813 lectionem
2298 5758 2571 5814 veritatis
2618 5772 2739 5813 non
2770 5760 3143 5827 receperunt,
3202 5762 3267 5812 ut
3295 5756 3455 5812 salvi
3495 5755 3603 5824 ﬁe-

1943 5850 2122 5918 rent;
2151 5850 2205 5904 et
2222 5845 2350 5906 ideo
2379 5849 2571 5906 mittet
2600 5847 2724 5904 illis
2745 5848 2905 5906 Deus
2922 5847 3331 5921 operationem
3356 5844 3579 5910 erroris
