3936 6428
370 347 513 407 1287

366 556 486 621 cati
517 573 702 631 pinna
726 564 1039 631 peccatum
1072 565 1185 619 est.
1233 565 1562 638 Utrumque
1605 565 1807 629 claret,
1837 564 2030 623 brevi-

365 646 1085 722 ωτάἱθιιιωθιιοιροτω
1127 650 1355 711 dictum
1409 654 1623 717 est.ab
1675 671 1749 712 eo
1798 654 2027 711 dictum

366 739 460 799 ut
482 737 660 809 cuius
688 737 810 799 alia
841 738 1030 798 verba
1078 740 1144 800 in
1186 745 1355 800 mam
1404 745 1763 805 sentientiam
1809 744 2031 803 frustra

366 825 725 900 detorquere
750 833 1009 887 consitis
1024 847 1117 888 es.
1146 832 1305 898 Quid
1316 838 1412 891 est
1436 835 1825 909 autemquod
1852 834 2027 902 dicis,

368 917 520 979 Com
539 914 858 979 desideriis
874 917 1004 977 suis
1031 919 1231 979 traditi
1254 921 1561 995 dicuntur,
1592 924 1776 981 relicti
1798 938 1909 997 per
1934 924 2028 981 di—

366 1003 574 1065 vinum
598 1005 935 1077 potentiam
983 1006 1355 1078 intelligendi
1370 1017 1533 1081 sunt,
1550 1027 1676 1071 non
1694 1028 1803 1085 per
1818 1018 2029 1086 poten-

366 1092 514 1156 tiam
536 1092 602 1155 in
632 1099 882 1167 peccata
910 1097 1231 1171 compulsi,
1261 1101 1443 1172 quasi
1471 1116 1594 1158 non
1624 1102 1806 1158 simul
1826 1103 2031 1175 posuit

361 1181 501 1256 [αιο.
525 1183 815 1256 posuerit]
844 1184 975 1245 hmo
1001 1185 1127 1244 duo
1154 1186 1317 1246 idem
1359 1189 1683 1262 Apostolus
1708 1196 1770 1248 et
1795 1191 2029 1263 patien-

362 1270 512 1335 tiam
538 1276 600 1336 ei
624 1273 977 1346 potentiam,
1003 1274 1111 1331 ubi
1141 1275 1225 1335 ait
1249 1278 1387 1340 :Sic
1416 1284 1614 1337 autem
1635 1281 1841 1341 volens
1869 1282 2027 1339 Deus

362 1361 677 1424 ostendere
696 1363 876 1432 u'am,
904 1369 963 1420 et
989 1364 1407 1424 demonstrare
1451 1370 1785 1439 potentiam
1831 1385 2026 1437 suam,

364 1449 574 1512 attulit
594 1451 660 1509 in
705 1451 905 1511 multa
918 1453 1221 1520 patientia
1261 1469 1406 1513 vasa
1440 1458 1568 1525 irae,
1601 1460 2030 1530 quwperfecta

360 1544 507 1600 sunt
524 1539 591 1601 in
608 1539 1003 1609 perditionem
1030 1541 1223 1613 (Rom.
1252 1560 1331 1614 ix,
1356 1548 1474 1613 22).
1497 1547 1654 1612 Quid
1689 1548 1908 1604 horum
1945 1554 2031 1605 ta.-

362 1641 509 1688 mea
531 1626 687 1687 dicis
714 1642 865 1695 esse,
888 1629 1062 1702 quod
1104 1631 1398 1704 scriptum
1426 1638 1517 1691 est
1540 1635 1571 1692 ‘2
1598 1637 1679 1693 Et
1731 1638 2029 1706 propheta

359 1714 420 1776 si
440 1716 757 1784 erraverit,
788 1723 845 1775 et
876 1718 1114 1777 locutus
1139 1720 1350 1790 fuerit,
1382 1722 1513 1794 Ego
1542 1725 1834 1781 Dominus
1858 1727 2031 1783 sedu-

1444 353 1504 409 8.
1566 350 1942 408 PBUDEN‘I’N
1978 349 2357 410 τιεαιιςιε
2394 353 2712 413 81³16001³1

368 473 439 529 ω
469 468 726 529 crath
750 469 1066 529 mendacio
1090 471 1189 543 (ΙΙ
1221 474 1423 533 Thess.
1456 491 1518 547 ιι,
1555 475 1665 548 ω).
1721 477 1868 531 Ecce
1891 488 2030 547 ρω-
2057 478 2106 531 Λ
2142 474 2290 533 libet
2313 476 2448 547 (aL,
2476 476 3122 552 quantamlibet]enim
3145 475 3794 550 probeatpatientiam,

806 50 1171 63 ______

3660 354 3792 413 esse

2134 563 2254 623 nisi
2278 564 2410 639 ipse
2426 567 2826 639 dederit,quis
2846 566 3029 623 habet
3047 566 3153 638 [αι.
3165 564 3329 638 ,agit}
3342 566 3800 640 penitentiam?

2137 657 2229 710 An
2252 656 2480 713 oblitus
2500 673 2570 714 es
2596 656 2766 730 quod
2792 656 2954 713 idem
2980 657 3111 729 ipse
3134 656 3348 713 doctor
3374 657 3498 715 ait:
3534 658 3627 715 Ne
3641 659 3803 728 forte

2130 744 2234 801 det
2265 745 2390 801 illis
2417 748 2575 805 Deus
2601 748 3019 817 plenitentiam
3036 745 3123 802 ad
3147 746 3621 816 cognoscendam
3644 749 3802 805 veri-

2134 837 2339 903 tatem,
2370 839 2429 893 et
2458 836 2812 905 resipiscam
2856 849 2896 891 a
2942 833 3171 890 diaboli
3199 835 3429 906 laqueis
3457 835 3524 907 (ιι
3558 836 3705 893 ﬂm.
3732 848 3800 909 ιι,

2132 922 2356 994 25,26).
2378 925 2482 982 sed
2494 925 2735 995 judicia
2760 926 2893 995 ejus
2920 925 3115 981 multa
3143 923 3394 994 abyssus
3412 924 3799 998 (Psal.mv,

2130 1016 2213 1081 7).
2247 1016 2364 1071 Nos
2388 1019 2545 1072 certe
2562 1014 2615 1071 si
2637 1029 2746 1071 eos
2773 1015 2837 1070 in
2858 1029 3013 1087 quos
3041 1013 3223 1070 nobis
3244 1018 3508 1087 potestas
3526 1019 3634 1077 est,
3660 1019 3800 1071 ante
3864 1038 3892 1065 ιι

2133 1101 2347 1158 oculos
2372 1108 2612 1160 nostros
2641 1108 2986 1176 perpetrare
3014 1103 3243 1161 scelera
3262 1103 3695 1176 permittamus,
3711 1103 3803 1159 rei

2132 1206 2276 1248 mm
2317 1191 2465 1264 ipsis
2513 1192 2757 1249 erimus.
2784 1194 2983 1258 Quam
3027 1206 3165 1248 vero
3213 1192 3671 1250 innumerabilia
3696 1191 3803 1248 ille

2130 1279 2420 1350 permittit
2441 1281 2570 1337 fieri
2604 1285 2744 1337 ante
2772 1279 2980 1338 oculos
3010 1295 3177 1351 suos,
3207 1296 3346 1354 quas
3375 1280 3576 1354 utique
3604 1281 3654 1337 si
3682 1294 3802 1336 no-

2132 1368 2360 1440 luisset,
2387 1370 2554 1427 nulla
2584 1370 2817 1427 ratione
2855 1369 3243 1442 permitteret,
3274 1374 3332 1427 et
3376 1375 3575 1427 tamen
3599 1370 3804 1441 justus

2132 1461 2194 1513 et
2208 1456 2406 1514 bonus
2428 1461 2539 1525 est,
2561 1463 2619 1514 et
2639 1458 2808 1531 quod
2832 1458 3159 1530 prtebendo
3184 1459 3557 1531 patientiam,
3582 1459 3696 1514 Dat
3717 1456 3805 1513 lo-

2132 1560 2272 1602 cum
2318 1548 2708 1614 poenitentiae.
2740 1548 2945 1603 nolens
2987 1547 3250 1617 aliquem
3299 1549 3503 1617 petire
3530 1547 3599 1618 (il
3630 1547 3797 1602 Petr.

2130 1650 2217 1699 ιιι,
2247 1638 2304 1702 9)
2328 1653 2343 1701 ;
2374 1636 2557 1691 Novit
2580 1637 2867 1692 Dominus
2884 1636 2993 1706 qui
3011 1641 3153 1690 sunt
3180 1638 3312 1705 ejus
3330 1637 3401 1704 (ll
3426 1637 3575 1694 Tim.
3602 1650 3665 1705 Il,
3693 1634 3799 1705 ιθ).

2134 1725 2201 1778 Et
2228 1726 2430 1780 omnia
2459 1729 2818 1794 cooperatur
2842 1723 2978 1795 [at.,
2995 1726 3425 1796 cooperantur]
3451 1727 3514 1780 in
3545 1726 3805 1793 bonum;

360 1803 811 1875 wiprophetam
840 1809 1037 1877 illum,
1062 1816 1121 1869 et
1167 1813 1490 1873 extendam
1538 1830 1784 1872 manum
1836 1831 2029 1874 meam
2054 1830 2100 1886 ι
2132 1813 2238 1870 sed
2300 1813 2393 1870 his
2444 1815 2552 1885 qui
2597 1813 2924 1870 secundum
2976 1816 3350 1882 propositum
3396 1816 3601 1869 vocati
3663 1818 3812 1868 sunt

363 1908 545 1964 super
568 1910 724 1968 eum,
749 1902 805 1954 et
822 1899 1238 1957 exterminabo
1260 1916 1397 1958 cum
1441 1903 1519 1963 de
1559 1905 1760 1965 medio
1813 1907 2029 1975 populi

360 1983 483 2045 mei
501 1984 733 2045 Israel:
762 1985 1051 2058 patientia
1088 1992 1181 2045 est
1214 2003 1290 2047 ac
1344 1993 1615 2063 potentia
1636 1994 1668 2050 εἰ
1714 1993 2030 2067 quodlibet

361 2069 576 2147 eligas,
607 2073 701 2134 vel
725 2079 1059 2150 utrumque;
1106 2077 1365 2136 fatearis.
1428 2081 1607 2141 Vides
1639 2088 1838 2140 tamen
1879 2084 2027 2142 false

362 2161 780 2235 prophetantis
829 2170 1149 2238 peccatum
1172 2184 1330 2239 esse,
1370 2185 1740 2246 pronamque
1772 2176 2026 2247 peccati.

364 2254 456 2313 An
484 2255 546 2314 et
561 2251 659 2313 hic
688 2252 962 2314 dicturus
988 2258 1252 2330 esquod
1277 2258 1363 2316 ait
1394 2276 1409 2316 :
1436 2261 1568 2332 Ego
1595 2264 1887 2320 Dominus
1937 2276 2027 2321 se-

360 2340 525 2404 duri
537 2342 900 2412 prophetam
919 2346 1117 2415 illum,
1132 2346 1595 2420 intelligendum
1612 2366 1744 2408 esse
1765 2352 2026 2425 deserui,

366 2432 432 2492 ut
458 2445 570 2503 pro
596 2431 684 2491 eis
708 2431 858 2505 [Αι.,
884 2434 1038 2509 ejus)
1061 2436 1288 2494 meritis
1318 2437 1606 2497 seductus
1633 2448 1879 2501 erraret.
1902 2444 2030 2515 Age

367 2522 435 2581 ut
456 2518 548 2579 vis
578 2537 595 2582 :
620 2525 823 2582 tamen
847 2538 919 2581 eo
967 2525 1153 2583 modo
1180 2527 1430 2599 punitus
1479 2534 1573 2587 est
1600 2546 1711 2602 pro
1757 2539 2027 2604 peccato.

367 2612 436 2673 ut
460 2609 685 2673 (slsum
713 2613 1136 2686 prophetando
1152 2621 1446 2688 peccaret.
1462 2619 1575 2675 Sed
1601 2619 1747 2676 illud
1776 2621 2026 2694 intuere,

366 2700 537 2775 quod
575 2702 735 2761 Vidit
754 2702 1030 2765 massas
1057 2705 1355 2778 propheta
1384 2708 1707 2767 Dominum
1731 2712 2028 2771 sedentem

364 2803 551 2860 super
576 2791 861 2853 thronum
888 2808 1085 2860 suum,
1116 2798 1173 2852 et
1200 2796 1393 2861 omnis
1423 2799 1721 2855 exercitus
1744 2802 1884 2861 ειειὶ
1905 2806 2029 2858 sta~

370 2877 475 2939 bat
502 2879 666 2939 circa
694 2893 828 2941 sum
861 2897 904 2939 α
923 2881 1154 2940 dextris
1175 2885 1305 2953 ejus
1324 2887 1390 2942 et
1411 2901 1449 2943 a
1492 2886 1752 2944 sinistris
1783 2892 1932 2961 ejus,
1972 2896 2029 2948 et

366 2965 530 3025 dicit
550 2967 839 3027 Dominus
877 2971 1022 3042 quia
1057 2971 1296 3029 seducet
1324 2973 1536 3031 Achab
1585 2990 1782 3047 regem
1815 2979 2028 3047 Israel,

368 3059 429 3117 at
454 3056 722 3117 ascendit
751 3063 805 3116 et
835 3060 1017 3117 cadat
1042 3059 1172 3131 [al.,
1194 3062 1470 3119 ascendet
1520 3069 1576 3120 et
1609 3066 1801 3134 cadet]
1826 3069 1891 3124 in
1918 3071 2033 3125 Ra.

368 3145 576 3246 maoth
596 3147 838 3246 Galaad
1001 3149 1161 3206 dicit
1183 3151 1292 3208 iste
1312 3152 1397 3209 sic
1415 3158 1473 3246 et
1493 3153 1605 3246 iste
1632 3155 1735 3246 sic.
1769 3157 1851 3212 Et
1881 3160 2031 3215 exiit
2061 3186 2106 3246 ο

366 3235 640 3306 spiritus,
668 3243 724 3296 ct
749 3239 914 3297 stetit
942 3240 1006 3297 in
1055 3247 1375 3310 conspectu
1426 3243 1689 3313 Domini,
1739 3252 1794 3302 et
1823 3247 1982 3304 dicit
2014 3265 2028 3305 ε

370 3325 500 3395 Ego
527 3325 807 3390 seducam
830 3341 1006 3399 eum;
1039 3334 1097 3386 et
1124 3329 1280 3385 diruit
1299 3331 1589 3388 Dominus
1638 3334 1724 3390 ad
1749 3350 1883 3393 eum
1911 3351 1932 3393 ,ο
1957 3339 2031 3395 In

369 3429 486 3486 quo
516 3418 546 3471 ?
570 3414 651 3473 Et
677 3416 834 3473 dixit
868 3433 882 3473 :
922 3418 1139 3488 Exibo,
1169 3425 1226 3476 et
1254 3435 1358 3477 cro
1394 3422 1646 3490 spiritus
1675 3426 1939 3483 mendas:
1966 3428 2029 3483 in

368 3517 473 3563 ore
499 3505 764 3565 omnium
782 3506 1218 3576 prophetarum
1240 3511 1389 3578 ejus.
1417 3510 1497 3566 Et
1521 3511 1679 3569 dixit
1712 3530 1725 3568 :
1751 3513 2029 3583 Seduces,

370 3596 426 3647 et
448 3593 803 3661 praevalebis
832 3611 847 3663 ;
888 3597 1007 3661 cxi,
1037 3601 1095 3652 et
1108 3596 1218 3666 fac
1234 3598 1320 3654 sic
1350 3599 1469 3670 (III
1489 3601 1631 3671 Reg.
1662 3617 1799 3669 χιιι,
1822 3604 1912 3671 20,
1938 3609 2028 3674 2t,

371 3678 484 3751 22).
514 3679 669 3746 Quid
720 3681 801 3738 ad
847 3682 964 3739 ista.
992 3682 1262 3742 dicturus
1301 3687 1414 3743 es?
1464 3702 1686 3762 nempe
1741 3705 1846 3747 rex
1901 3693 2029 3767 ipso

369 3770 644 3844 peccavit
669 3770 838 3832 falsis
886 3773 1191 3833 credendo
1228 3777 1538 3850 prophetis
1588 3785 1692 3837 :at
1730 3782 1857 3840 hinc
1900 3784 2032 3858 ipsa

370 3863 500 3918 erat
523 3864 582 3918 et
603 3876 789 3935 pana
806 3863 1038 3936 peccati
1066 3880 1079 3921 :
1115 3866 1236 3921 Deo
1266 3865 1591 3933 indicante,
1620 3869 1741 3927 Deo
1765 3872 2031 3931 mittente

368 3948 655 4021 angelum
691 3951 946 4026 malum,
974 3957 1041 4011 ut
1099 3957 1363 4027 apertius
1388 3956 1854 4029 intelligeremus
1881 3978 2030 4036 quo-

367 4039 555 4101 modo
581 4040 644 4098 in
671 4041 905 4100 Psalmo
934 4043 1164 4105 dictum
1192 4045 1287 4117 sit,
1308 4049 1536 4105 misisse
1564 4050 1720 4107 iram
1750 4053 2030 4125 indigna.

369 4132 548 4195 tionis
602 4149 724 4191 sua:
748 4148 864 4204 per
916 4137 1162 4207 angelos
1200 4139 1392 4195 malos
1442 4139 1635 4209 (Psal.
1666 4156 1881 4212 Lxxvu,
1913 4147 2027 4219 49).

365 4222 483 4281 Sed
536 4223 817 4297 nunquid
871 4224 1181 4284 errando?
1238 4228 1517 4300 nunquid
1570 4229 1791 4302 injuste
1847 4234 2027 4306 quid-

366 4326 576 4384 quam,
642 4312 734 4369 vel
797 4316 1021 4371 temere
1100 4314 1433 4386 iudicando
1515 4317 1639 4377 sive
1706 4319 2029 4383 faciendo?

367 4400 565 4471 absit;
611 4400 720 4458 sed
767 4416 893 4458 non
940 4402 1159 4462 frustra
1193 4402 1279 4460 illi
1331 4405 1560 4463 dictum
1609 4412 1739 4465 est:
1783 4412 2028 4470 Judicta

366 4495 475 4549 tua
514 4491 669 4548 sicut
705 4492 903 4549 multa
947 4492 1194 4564 abyssus
1226 4494 1414 4565 (Psal.
1436 4511 1621 4566 xxxv,
1650 4502 1726 4566 7).
1754 4502 1881 4556 Non
1909 4501 2026 4558 fru-

363 4584 488 4637 stra
517 4580 877 4654 Apostolus:
932 4582 980 4638 0
1016 4583 1279 4640 altitudo
1324 4583 1676 4643 divitiarum
1714 4590 2024 4658 sapientiai

360 4674 419 4728 st
461 4671 722 4733 scientias
766 4672 897 4736 Det,
926 4687 1107 4743 quam
1150 4673 1573 4731 inscrutabilia
1622 4682 1763 4733 sunt
1782 4677 2022 4748 judicia

359 4762 511 4832 eius,
541 4765 597 4819 et
625 4762 1069 4834 investigabiles
1098 4764 1208 4820 vim
1236 4765 1365 4833 ejus
1386 4766 1416 4819 ?
1459 4765 1593 4836 quis
1617 4766 1772 4824 enim
1803 4784 2020 4840 cogno-

356 4850 445 4909 vit
467 4866 705 4915 sensum
732 4852 994 4915 Domini,
1010 4858 1119 4910 aut
1137 4854 1271 4925 quis
1299 4856 1682 4911 consiliarius
1712 4860 1842 4927 ejus
1860 4860 2023 4932 fuit;

356 4945 467 4999 aut
512 4942 646 5014 quis
690 4942 866 5013 prior
891 4942 1055 4999 dedit
1083 4943 1200 5010 illi,
1233 4948 1300 4999 ut
1328 4943 1706 5001 retribuatur
1747 4948 1804 5005 ei
1828 4949 2014 5020 (Rom.

357 5045 441 5096 xx,
469 5034 558 5098 33,
589 5034 680 5101 3i,
703 5032 790 5103 35)
811 5032 840 5089 ?
864 5031 1101 5089 nullum
1145 5030 1323 5102 elegit
1349 5032 1626 5105 dignum,
1662 5034 1769 5090 sed
1801 5036 2021 5106 eligen-

357 5116 441 5173 do
480 5116 674 5178 effecit
712 5119 987 5192 dignum,
1020 5121 1255 5179 nullum
1298 5127 1502 5180 tamen
1544 5123 1718 5195 punit
1769 5123 2016 5196 indigne

354 5205 429 5279 [Α
442 5207 507 5278 1.,
529 5207 888 5282 indignum].

428 5295 539 5367 Ait,
568 5296 792 5371 inquis,
816 5298 1172 5369 Apostolus:
1201 5300 1455 5359 Bonitas
1483 5302 1597 5359 Dei
1624 5303 1707 5359 ad
1720 5305 2016 5373 paeniten-

354 5386 500 5442 tiam
549 5390 605 5442 te
639 5386 888 5445 adducit
918 5386 1102 5456 (Rom.
1131 5404 1189 5456 ιι,
1220 5392 1297 5461 4).
1330 5394 1546 5448 Verum
1575 5408 1704 5448 esse
1735 5397 1969 5449 constat
1996 5411 2009 5462 ;

350 5473 460 5530 sed
486 5487 667 5545 quam
689 5472 1139 5544 praedestinavit
1156 5477 1431 5547 adducit;
1457 5482 1737 5553 quamvis
1753 5483 1901 5555 ipse,
1925 5498 2013 5538 se-

350 5559 623 5619 cundum
651 5559 934 5619 duritiam
963 5567 1020 5620 et
1048 5580 1153 5622 cor
1178 5566 1560 5640 impmnitens
1581 5571 1901 5642 (quantum
1931 5571 2011 5626 ad

345 5648 553 5722 ipsum
568 5646 799 5720 attinet)
818 5649 1175 5712 thesaurizet
1191 5657 1305 5715 sibi
1331 5659 1485 5714 iram
1506 5660 1567 5714 in
1593 5660 1691 5715 die
1713 5661 1822 5715 irae
1843 5665 1898 5715 et
1919 5674 2010 5717 re-

345 5734 665 5797 uelationis
699 5738 859 5808 justi
888 5743 1116 5813 judicii
1155 5746 1285 5813 Dei,
1318 5747 1423 5817 qui
1450 5748 1656 5804 reddet
1684 5751 2011 5820 unicuiqtte

340 5820 673 5885 mundum
707 5841 891 5903 opera
931 5834 1064 5905 qius
1104 5831 1303 5904 (ἰωὰ,
1341 5849 1418 5902 tv,
1450 5837 1504 5903 ti,
1531 5835 1627 5905 6);
1673 5841 2006 5907 quantum-

2132 1901 2323 1973 (Rom.
2351 1917 2470 1968 vui,
2503 1905 2615 1969 28).
2653 1905 2779 1957 Non
2808 1901 2970 1957 enim
3012 1915 3226 1956 omnes
3268 1901 3378 1972 qui
3408 1900 3607 1955 vocati
3635 1904 3810 1970 sunt,

2132 1989 2474 2047 secundum
2531 1990 2910 2063 propositum
2963 1994 3105 2045 sunt
3144 1989 3365 2044 vocati.
3413 1988 3598 2044 Multi
3645 1989 3814 2047 enim

2135 2080 2353 2144 vocati,
2396 2080 2582 2148 pauci
2625 2094 2765 2137 vero
2811 2079 2986 2135 electi
3022 2076 3269 2148 (Matth.
3318 2091 3464 2139 xm,
3529 2076 3633 2148 li).
3691 2078 3813 2142 Qui

2131 2182 2279 2237 ergo
2308 2167 2501 2238 electi,
2532 2167 2595 2225 hi
2617 2166 2957 2223 secundum
2986 2167 3367 2239 propositum
3387 2165 3601 2221 vocati.
3633 2165 3811 2222 Unde

2132 2261 2195 2315 et
2223 2256 2367 2314 alibi
2392 2256 2577 2325 dicit:
2626 2256 2972 2313 Secundum
3000 2255 3279 2311 virtutem
3320 2254 3421 2311 Dei
3463 2253 3663 2311 salvos
3690 2269 3813 2310 nos

2134 2346 2427 2413 facientis,
2477 2350 2538 2403 et
2581 2345 2854 2403 vocantis
2894 2346 3201 2402 vocatione
3244 2359 3358 2400 sua
3404 2346 3634 2411 sancta,
3680 2359 3813 2400 non

2134 2437 2462 2495 secundum
2505 2451 2688 2507 opera
2727 2442 2956 2502 nostra,
2991 2435 3094 2492 sed
3118 2435 3445 2492 secundum
3472 2449 3646 2490 suum
3668 2448 3816 2504 pro-

2131 2528 2415 2599 positum,
2443 2534 2498 2585 et
2524 2529 2790 2599 gratiam
2829 2541 2960 2598 quis
2998 2526 3147 2581 data
3168 2531 3253 2581 est
3279 2524 3449 2580 nobis
3478 2525 3541 2579 in
3570 2524 3814 2580 Christo

2134 2621 2276 2675 Jesu
2300 2624 2446 2675 ante
2471 2620 2697 2676 stecula
2722 2623 2949 2673 aeterna
2976 2616 3048 2682 (Il
3088 2617 3234 2672 Tim.
3260 2630 3319 2677 ιι,
3348 2616 3402 2680 8,
3425 2618 3503 2681 9).
3534 2613 3811 2687 Denique

2135 2710 2193 2764 et
2219 2707 2316 2765 hic
2360 2721 2501 2763 cum
2547 2706 2835 2763 dixisset:
2893 2706 3109 2762 Omnia
3145 2710 3552 2774 cooperantur
3587 2704 3652 2759 in
3707 2703 3807 2759 bo-

2136 2812 2281 2854 num
2314 2797 2405 2854 his
2440 2797 2548 2868 qui
2600 2795 2925 2854 secundum
2970 2795 3347 2865 prepositum
3398 2793 3597 2849 vocati
3636 2798 3808 2859 sunt,

2138 2884 2424 2942 continuo
2452 2883 2758 2941 subdidit:
2796 2884 3089 2951 Quoniam
3130 2897 3279 2954 quos
3311 2887 3455 2938 ante
3472 2882 3811 2951 praesciuit,

2137 2979 2195 3034 si
2246 2974 2697 3043 praedestinavit
2748 2977 3081 3045 conformes
3130 2972 3410 3042 imaginis
3460 2971 3613 3027 Filii
3652 2985 3815 3041 ejus,

2140 3069 2207 3119 ut
2232 3064 2308 3120 sit
2332 3064 2772 3133 primogenitus
2820 3064 2885 3119 in
2928 3063 3136 3118 multis
3164 3061 3487 3131 fratribus.
3522 3062 3678 3130 Quos
3705 3075 3822 3117 au-

2143 3158 2258 3209 tem
2286 3152 2754 3222 praedestinavit,
2780 3153 2917 3210 illos
2946 3158 3001 3209 et
3031 3153 3287 3219 vocavit,
3306 3154 3363 3207 et
3382 3162 3527 3222 quos
3553 3152 3818 3220 vocavit,

2142 3243 2299 3312 ipsos
2330 3248 2387 3299 et
2406 3242 2790 3312 justiﬁcavit,
2805 3257 2951 3312 quos
2969 3246 3169 3297 autem
3176 3241 3560 3310 justiﬁcavit,
3578 3241 3741 3310 ipsos
3759 3246 3818 3299 et

2138 3332 2503 3402 gloriﬁcavit
2549 3331 2740 3401 (Rom.
2772 3345 2897 3401 vm,
2928 3331 3022 3400 28,
3053 3334 3145 3393 29,
3174 3331 3288 3397 30),
3321 3328 3383 3384 hi
3411 3332 3553 3385 sunt
3593 3343 3819 3385 secun-

2138 3420 2288 3477 dum
2337 3420 2720 3493 propositum
2770 3420 2963 3477 vocati
3008 3418 3253 3491 (Ephes.
3284 3435 3322 3484 ι,
3359 3419 3471 3489 Η),
3499 3417 3615 3491 ipsi
3663 3432 3817 3491 ergo
3884 3452 3892 3507 ι

2138 3509 2327 3580 electi,
2355 3515 2414 3567 et
2440 3510 2556 3566 hoc
2576 3515 2715 3567 ante
2747 3508 2961 3566 mundi
2990 3508 3475 3565 constitutionem
3505 3507 3583 3563 ab
3614 3521 3688 3564 eo
3704 3509 3823 3580 qui

2139 3604 2312 3656 vocat
2326 3615 2397 3657 ea
2418 3614 2550 3671 quas
2568 3614 2690 3656 non
2705 3604 2868 3668 sunt,
2885 3604 3174 3670 tanquam
3194 3598 3313 3653 sint
3336 3598 3530 3669 (Rom.
3546 3611 3668 3664 xw,
3701 3598 3819 3670 17),

2136 3688 2254 3746 Sed
2279 3689 2452 3746 electi
2468 3704 2583 3758 per
2610 3689 2953 3745 electionem
2985 3688 3218 3758 gratias.
3250 3686 3415 3743 Unde
3454 3685 3595 3741 dicit
3638 3681 3809 3744 idem

2138 3777 2352 3835 doctor
2370 3781 2427 3833 et
2451 3776 2528 3833 de
2549 3777 2727 3834 Israel
2745 3794 2760 3833 :
2790 3778 3080 3848 Reliquis:
3095 3790 3207 3845 per
3220 3776 3561 3832 electionem
3580 3777 3807 3846 gratias

2140 3868 2325 3924 salvas
2351 3867 2535 3937 factas
2560 3872 2701 3923 sunt
2720 3868 2911 3938 (Rom.
2943 3883 3026 3936 χι,
3045 3869 3120 3935 5).
3143 3868 3210 3922 Et
3237 3880 3313 3921 ne
3332 3864 3483 3921 forte
3507 3868 3647 3921 ante
3666 3880 3811 3921 oon-

2146 3954 2515 4012 stltutionem
2544 3955 2755 4011 mundi
2794 3970 2870 4012 ex
2906 3955 3193 4028 operibus
3220 3953 3603 4027 praecognitis
3634 3959 3812 4027 puta-

2138 4049 2345 4105 rentur
2389 4044 2577 4114 electi,
2609 4050 2849 4101 secutus
2892 4049 2984 4101 est
3029 4048 3087 4102 et
3141 4044 3452 4115 adjunxit:
3505 4045 3574 4100 Si
3603 4049 3804 4101 autem

2136 4136 2362 4206 gratia,
2384 4138 2519 4205 jam
2548 4151 2671 4191 non
2697 4150 2772 4193 ea:
2801 4136 3121 4205 operibus:
3148 4133 3421 4205 alioquin
3451 4133 3657 4204 gratia
3676 4135 3803 4202 iam

2137 4240 2259 4281 non
2287 4231 2370 4282 est
2401 4225 2607 4295 gratia
2636 4223 2827 4295 (lbid.,
2853 4225 2925 4295 6).
2950 4227 3031 4280 Ex
3051 4223 3169 4279 isto
3198 4236 3453 4280 numero
3477 4222 3803 4278 electorum

2137 4319 2196 4370 et
2227 4313 2808 4384 prtedestinatorum,
2831 4314 3011 4370 etiam
3035 4314 3138 4387 qui
3172 4313 3505 4386 pessimam
3528 4311 3805 4368 duxerint

2135 4403 2345 4474 vitam,
2374 4418 2482 4476 per
2514 4402 2615 4460 Dei
2645 4402 3079 4473 benignitatem
3103 4402 3488 4458 adducuntur
3511 4401 3590 4456 ad
3610 4399 3800 4473 pomi-

2137 4491 2404 4562 tentiam,
2418 4507 2526 4564 per
2545 4491 2721 4563 cujus
2737 4492 3090 4564 patientiam
3109 4506 3233 4547 non
3255 4494 3394 4546 sunt
3414 4489 3555 4546 huic
3572 4489 3707 4545 vitae
3738 4487 3797 4544 in

2134 4581 2270 4653 ipsa
2295 4580 2591 4638 scelerum
2620 4582 3068 4654 perpetratione
3099 4579 3408 4647 subtracti,
3429 4584 3495 4636 ut
3521 4578 3796 4635 ostenda-

2134 4674 2230 4728 tur
2270 4676 2328 4727 et
2372 4670 2521 4743 ipsis
2551 4676 2609 4728 et
2639 4671 2770 4728 aliis
2804 4668 3221 4727 coheredibus
3261 4684 3471 4726 eorum
3498 4669 3574 4725 de
3609 4678 3795 4742 quam

2130 4758 2435 4833 profundo
2469 4760 2629 4816 malo
2654 4759 2849 4832 possit
2876 4763 3031 4816 Deus
3061 4759 3253 4828 gratia
3289 4756 3577 4827 liberare;
3605 4772 3679 4813 ex
3701 4756 3792 4813 his

2128 4863 2310 4905 nemo
2341 4849 2507 4921 perit,
2535 4863 2901 4922 quacunque
2932 4853 3105 4906 tetate
3150 4847 3484 4904 moriantur
3515 4846 3645 4918 [al.,
3670 4858 3797 4902 mo-

2129 4938 2355 5010 riatur].
2388 4937 2559 4995 Absit
2583 4939 2751 4995 enim
2783 4943 2852 4994 ut
2869 4939 3328 5011 prasdestinatus
3354 4937 3429 4994 ad
3461 4936 3642 4992 vitam
3669 4935 3794 4991 sine

2127 5033 2506 5086 sacramento
2554 5029 2896 5087 Mediatoris
2926 5028 3095 5084 ﬁnire
3127 5028 3504 5100 permittatur
3528 5023 3687 5080 hanc
3719 5023 3795 5079 vi-

2126 5123 2272 5177 tam.
2304 5122 2547 5192 Propter
2569 5119 2682 5175 hos
2717 5119 3008 5175 Dominus
3045 5119 3158 5175 ait:
3191 5120 3337 5175 Haec
3355 5121 3439 5175 est
3469 5119 3666 5173 autem
3701 5128 3793 5171 vO‘

2127 5209 2331 5266 lunias
2362 5212 2491 5279 ejus
2522 5210 2627 5282 qui
2654 5209 2818 5265 misit
2846 5225 2939 5265 me
2969 5211 3198 5277 Patris,
3230 5215 3297 5264 ut
3329 5222 3501 5264 omne
3525 5206 3686 5278 quod
3703 5205 3793 5263 de-

2123 5300 2215 5356 dit
2256 5299 2424 5366 mihi,
2454 5315 2576 5355 non
2600 5300 2855 5368 perdam
2904 5313 2980 5355 es:
3012 5314 3075 5356 eo
3116 5301 3317 5366 (Joan.
3341 5312 3417 5355 v1.
3456 5298 3564 5368 39).
3592 5297 3789 5359 Castori

2125 5394 2327 5446 autem
2358 5387 2641 5445 mortales
2672 5388 2776 5462 qui
2807 5405 2878 5444 ex
2930 5389 3040 5444 isto
3083 5402 3340 5444 numero
3377 5402 3498 5443 non
3533 5390 3687 5454 sunt,
3719 5402 3787 5442 ex
3881 5382 3892 5406 ‘

2122 5478 2335 5534 eadem
2380 5478 2628 5551 quidem
2656 5494 2867 5535 massa
2900 5494 2970 5534 ex
3000 5493 3119 5551 qua
3153 5482 3210 5534 et
3239 5477 3353 5545 isti,
3391 5476 3495 5532 sed
3525 5491 3666 5531 vasa
3694 5475 3789 5531 ira:

2119 5568 2261 5624 facti
2292 5574 2431 5625 sunt
2459 5570 2646 5641 (Rom.
2681 5585 2759 5635 ιχ,
2808 5572 2895 5634 22,
2939 5569 3051 5639 23),
3081 5568 3159 5625 ad
3191 5567 3507 5624 utilitatem
3538 5578 3788 5622 nascun-

2118 5661 2214 5714 tur
2243 5658 2514 5714 istorum.
2542 5661 2669 5713 Non
2689 5658 2850 5714 enim
2876 5672 3253 5732 quemquam
3281 5671 3492 5712 eorum
3528 5658 3680 5711 Deus
3711 5657 3785 5710 te-

2116 5761 2280 5803 mere
2310 5762 2380 5803 ac
2424 5747 2663 5804 fortuita
2693 5750 2874 5814 creat,
2908 5751 3014 5803 aut
3041 5746 3189 5820 quid
3222 5745 3298 5802 de
3328 5744 3442 5801 illis
3465 5743 3611 5801 boni
3642 5758 3777 5816 ope-

2118 5841 2281 5896 retur
2306 5837 2562 5906 ignorat,
2594 5852 2735 5912 cum
2764 5840 2823 5895 et
2844 5838 2960 5896 hoc
2988 5840 3190 5909 ipsum
3220 5835 3350 5908 [al.,
3371 5835 3529 5909 ipso]
3550 5834 3773 5891 bonum
