3936 6380
153 272 180 325 1
191 271 318 326 269

1089 267 1178 321 DE
1215 264 1886 322 ΡΗΒῡΕὸΤΙΝΑἩΟΝΕ
1921 265 2211 324 CONTRA
2248 271 2294 323 J.
2339 267 2637 324 SCOTUM.

3481 255 3617 312 1270

151 396 460 467 operetur
485 390 651 463 quod
685 391 744 446 in
777 391 864 446 eis
905 391 1241 448 humanam
1270 394 1430 447 creat
1455 393 1753 460 naturain,
1788 395 1844 447 et
1877 401 1919 448 Α
1952 407 2075 448 non
2107 393 2297 466 parcit
2327 391 2638 465 propitius,
2673 387 2866 462 parcit
2899 386 3083 444 iratus
3110 402 3123 452 ;
3179 385 3359 457 atque
3411 382 3474 438 in
3521 381 3614 439 his

150 497 245 536 ex
281 482 365 536 eis
394 479 670 535 ordinem
701 479 903 535 saeculi
936 479 1250 552 praesentis
1279 482 1548 536 exornat.
1586 481 1841 535 Istorum

150 570 482 626 neminem
516 568 760 624 adducit
783 569 860 624 ad
887 568 1301 641 paenitentiam
1324 568 1627 624 salubrem
1651 573 1708 624 et
1727 568 1844 642 spi-

149 661 412 717 ritalem
433 674 556 731 qua
579 659 762 713 homo
792 659 852 713 in
875 659 1106 716 Christo
1125 658 1545 714 reconciliatur
1563 661 1702 727 Deo,
1720 658 1844 714 sive

153 750 293 805 illis
349 748 704 821 ampliorem
763 747 1131 817 (atientiam,
1191 747 1312 802 sive
1366 763 1489 802 non
1548 747 1843 820 imparem

153 838 464 911 praebeat.
499 836 787 902 Quamvis
819 850 962 906 ergo
1001 851 1216 892 omnes
1251 853 1322 891 ex
1374 836 1589 892 eadem
1639 852 1845 892 massa

150 926 529 1001 perditionis
582 930 638 980 et
685 925 1118 990 damnationis,
1177 925 1512 981 secundum
1561 925 1845 981 duritiam

153 1017 374 1073 cordis
405 1016 499 1071 sui
528 1020 585 1071 et
613 1032 716 1071 cor
745 1016 1130 1088 imposnitens
1180 1016 1497 1088 (quantum
1547 1015 1626 1072 ad
1677 1016 1842 1088 ipsos

156 1106 450 1180 pertinet)
477 1105 882 1161 thesaurizent
912 1105 1023 1160 sibi
1052 1108 1208 1161 iram
1251 1107 1312 1160 in
1344 1107 1497 1161 diem
1528 1107 1677 1175 irae;
1727 1120 1843 1176 quo

155 1196 468 1251 reddetur
484 1195 808 1266 unicuique
827 1194 1153 1250 secundum
1173 1210 1354 1263 opera
1376 1210 1482 1250 sua
1504 1194 1840 1264 (Rom.n,5),

155 1287 332 1340 Deus
357 1288 560 1339 tamen
582 1283 730 1340 alios
753 1283 892 1339 inde
917 1299 1021 1352 per
1037 1283 1486 1339 misericordem
1514 1284 1844 1339 bonitatem

154 1373 424 1428 adducit
473 1373 554 1428 ad
598 1373 1032 1444 paenitentiam,
1067 1372 1216 1428 alios
1247 1373 1582 1428 secundum
1609 1373 1842 1444 justum

147 1461 466 1534 judicium
490 1477 611 1517 non
639 1461 884 1517 adducit
909 1480 922 1530 ;
952 1462 1134 1518 habet
1161 1462 1323 1517 enim
1354 1465 1708 1533 potestatem
1733 1461 1842 1516 ad-

153 1551 438 1607 ducendi
455 1555 511 1606 et
527 1550 824 1618 trahendi,
842 1551 974 1624 ipso
990 1551 1244 1606 Domino
1261 1551 1522 1606 dicente:
1547 1552 1735 1607 Nemo
1755 1566 1847 1606 ve-

150 1641 263 1695 nit
289 1641 370 1695 ad
388 1655 499 1705 me,
522 1641 643 1695 nisi
666 1642 874 1704 Pater,
908 1643 1015 1711 qui
1053 1641 1214 1695 misit
1261 1655 1369 1704 me,
1416 1643 1681 1695 traxerit
1709 1654 1842 1695 eum

1953 482 2234 538 omnibus
2267 482 2464 538 bonus
2496 480 2839 554 perseverat
2868 479 2924 532 et
2948 476 3149 547 justus
3176 491 3189 530 :
3231 472 3354 530 Sed
3379 471 3463 530 ad
3491 472 3616 531 hac

1951 573 2082 643 quis
2108 572 2357 628 idoneus
2387 570 2456 640 (ll
2492 572 2620 624 Cor.
2657 583 2718 636 ιι,
2756 569 2865 640 16),
2921 564 3126 637 utique
3181 561 3259 619 ad
3305 563 3436 620 haec
3484 561 3616 634 ejus

1951 659 2386 732 perscrutanda
2429 664 2484 715 et
2515 654 2933 727 investiganda
2973 651 3201 726 judicia
3247 651 3382 726 quis
3428 651 3615 708 homo

1951 749 2207 806 idoneus
2241 750 2406 821 (Sap.
2439 765 2521 817 ix,
2558 748 2661 818 13),
2718 760 2903 820 quem
2961 739 3344 814 corruptibile
3397 755 3615 810 aggra-

1950 843 2049 895 vat
2087 854 2330 913 corpus,
2384 837 2616 894 etiamsi
2658 834 2882 892 habeat
2926 833 3058 905 jam
3108 829 3301 887 sancti
3360 830 3612 903 Spiritus

1950 929 2172 1001 pignus
2193 928 2221 983 ?
2272 927 2405 994 Sed,
2452 927 2639 983 homo
2667 923 3004 994 intelligens
3034 923 3092 978 et
3120 925 3353 988 acutus,
3379 919 3614 991 justam

1952 1017 2099 1072 dicis
2157 1033 2285 1074 esse
2323 1015 2638 1072 libidinem
2687 1018 2745 1070 et
2792 1011 2990 1070 laudis
3035 1008 3340 1085 praeconio
3396 1007 3615 1084 praedi-

1951 1107 2212 1163 candam
2242 1123 2254 1161 :
2290 1107 2336 1161 si
2369 1121 2508 1161 eum
2540 1104 2644 1178 qui
2677 1107 2795 1160 Deo
2840 1117 2966 1158 non
3022 1099 3308 1168 obedivit,
3353 1114 3478 1156 non
3529 1096 3612 1154 illi

1950 1195 2290 1252 obedicndo
2319 1194 2570 1268 punivit.
2604 1193 2661 1249 Si
2691 1191 3018 1266 prudenter
3045 1188 3142 1246 hic
3173 1203 3436 1264 saperes,
3471 1204 3611 1262 pro-

1950 1283 2102 1340 fecto
2133 1298 2261 1339 esse
2292 1282 2670 1355 iniquitatem
2711 1280 2962 1346 videres,
3017 1293 3140 1351 qua
3187 1292 3328 1350 pars
3371 1277 3615 1333 inferior

1949 1373 2211 1429 hominis
2242 1374 2539 1444 repugnat
2570 1367 2862 1443 superiori
2893 1371 3073 1441 atque
3105 1365 3355 1436 meliori,
3397 1369 3455 1422 et
3491 1369 3615 1422 tam

1951 1463 2080 1536 [al.,
2110 1460 2334 1532 tamen]
2362 1461 2523 1532 juste
2555 1459 2854 1532 iniquum,
2905 1473 3029 1512 suae
3075 1454 3270 1512 carnis
3300 1454 3614 1528 iniquitate

1951 1550 2250 1624 punitum,
2287 1549 2438 1606 sicut
2487 1554 2573 1605 est
2617 1564 2722 1604 rex
2772 1545 3018 1620 iniquus
3067 1543 3318 1614 maligni
3375 1543 3616 1618 spiritus

1951 1640 2262 1712 iniquitate
2292 1639 2560 1712 punitus.
2615 1641 2704 1693 An
2762 1640 2819 1693 et
2874 1635 3076 1708 ipsum
3127 1632 3464 1704 malignum
3495 1631 3616 1704 spi-

152 1731 354 1785 Joan.
383 1746 460 1795 v1,
485 1732 597 1797 44;.
623 1729 903 1801 Nunquid
935 1734 1136 1784 autem
1163 1729 1368 1784 Achab
1386 1745 1588 1798 regem
1609 1729 1840 1784 sacrile-
1870 1748 1914 1804 Β
1951 1725 2131 1780 ritum
2159 1723 2409 1780 laudare
2435 1721 2709 1796 disponis
2733 1722 2761 1777 ?
2801 1721 2904 1776 Eia
2933 1718 3081 1793 quid
3113 1717 3370 1774 moraris
3391 1718 3419 1775 ?
3446 1716 3620 1773 decet

151 1833 321 1888 gum
343 1823 399 1873 et
413 1819 670 1890 impium
691 1818 943 1874 adduxit
958 1818 1036 1873 ad
1055 1819 1488 1889 paenitentiam,
1510 1823 1613 1874 aut
1630 1817 1842 1873 saltem

149 1922 276 1980 per
298 1908 659 1962 mendacem
682 1906 958 1978 spiritum
977 1907 1106 1976 jam
1129 1907 1376 1962 seducto
1399 1911 1577 1978 atque
1591 1907 1844 1978 decepto

148 1996 525 2068 patientiam
577 2000 634 2050 et
679 1995 1203 2063 longanimitatem
1241 1995 1547 2067 praebuit?
1578 1995 1669 2066 (Ill
1693 1997 1837 2064 Reg.

150 2102 320 2153 XXII,
349 2086 464 2154 20.)
490 2088 693 2139 Nonne
716 2083 775 2138 in
797 2099 868 2139 eo
891 2083 1114 2154 statim,
1135 2090 1381 2156 propter
1405 2084 1571 2156 quod
1594 2089 1718 2139 erat
1751 2099 1841 2138 se-

149 2175 413 2239 ductus,
448 2177 637 2228 morte
662 2172 929 2244 rapiente
950 2173 1319 2244 completum
1343 2178 1431 2227 est
1452 2174 1478 2227 ?
1512 2173 1703 2244 (1ὁιιί.,
1729 2173 1838 2239 34).

153 2263 318 2329 Quis
337 2278 479 2318 eum
497 2262 657 2318 dicat
672 2277 794 2317 non
812 2277 1094 2334 peccasse
1116 2261 1348 2335 spiritui
1367 2262 1668 2318 credendo
1682 2277 1844 2317 men-

150 2352 350 2420 dacii,
374 2351 511 2424 quis
533 2351 695 2407 dicat
716 2352 833 2407 hoc
859 2358 1178 2424 peccatum
1223 2366 1468 2424 poenam
1500 2366 1624 2408 non
1661 2351 1843 2407 fuisse

150 2441 400 2514 peccati
415 2440 757 2496 Venientem
779 2441 854 2496 de
869 2440 1099 2511 judicio
1124 2442 1243 2510 Dei,
1287 2456 1321 2496 a
1367 2457 1490 2514 quo
1512 2441 1841 2510 legitmen-

150 2531 385 2587 dacem
407 2531 682 2603 spiritum
711 2530 835 2586 sive
858 2531 1111 2585 missum
1134 2531 1256 2586 sive
1282 2531 1642 2603 permissum
1657 2531 1684 2586 ?
1701 2529 1841 2596 Quis

151 2621 391 2676 horum
407 2619 632 2692 aliquid
647 2619 812 2686 dicit,
835 2619 953 2675 nisi
976 2620 1078 2692 qui
1097 2619 1241 2675 dicit
1257 2620 1424 2692 quod
1443 2620 1584 2686 vult,
1603 2625 1658 2675 et
1675 2619 1840 2692 quod

149 2725 382 2766 verum
405 2715 492 2765 est
510 2710 718 2765 audire
736 2724 861 2765 non
882 2710 1046 2765 vult?
1067 2710 1208 2775 Quis
1230 2725 1366 2766 vero
1382 2709 1462 2766 ita
1481 2709 1606 2765 desi
1614 2707 1741 2781 piat
1754 2713 1837 2776 ut,

151 2814 314 2854 cum
339 2798 593 2855 audierit
611 2799 777 2872 quod
816 2800 877 2854 in
916 2799 1154 2871 psalmo
1183 2799 1444 2854 canitur:
1490 2799 1581 2854 Ne
1629 2798 1838 2854 tradas

148 2901 274 2951 me,
345 2887 615 2956 Domine,
674 2905 710 2945 a
765 2889 1059 2945 desiderio
1111 2902 1240 2944 meo
1289 2889 1600 2958 peccatori
1643 2888 1834 2959 (Psal.

147 2992 397 3044 cxxxxx,
422 2979 497 3049 9),
527 2978 643 3034 hoc
663 2979 880 3034 dicata
901 2993 964 3032 se
983 2978 1191 3040 homo,
1222 2991 1296 3032 ne
1328 2981 1481 3033 Deus
1507 2977 1581 3032 sit
1603 2976 1836 3048 patiens

1951 1814 2111 1869 enim
2141 1816 2194 1870 te
2223 1812 2530 1868 inimicum
2573 1809 2844 1880 gratuitae
2895 1809 2996 1865 Dei
3043 1806 3351 1874 bonitatis,
3408 1804 3619 1862 lauda-

1951 1907 2142 1958 torem
2173 1901 2414 1975 spiritus
2443 1916 2573 1956 esse
2594 1897 2908 1956 mendacis
2933 1916 2947 1967 ;
2980 1912 3092 1953 nec
3119 1895 3427 1952 laborabis
3454 1894 3618 1950 inve-

1951 1991 2079 2046 nire
2099 1990 2247 2063 quid
2276 1990 2464 2057 dicas,
2488 1987 2701 2044 laudes
2730 1987 2860 2058 ejus
2888 1988 3134 2058 paratas
3161 1983 3376 2040 habes.
3403 1983 3461 2040 Si
3489 1982 3619 2039 haec

1953 2081 2088 2151 ipsa
2115 2080 2176 2134 in
2207 2095 2347 2134 eum
2395 2077 2578 2134 verba
2616 2074 3006 2146 transtuleris,
3058 2089 3196 2147 quae
3248 2071 3506 2145 posuisti
3555 2070 3618 2127 in

1949 2168 2131 2224 laude
2158 2168 2446 2233 libidinis,
2479 2165 2642 2222 velut
2663 2163 3096 2238 consequentia
3118 2161 3475 2219 sententiam
3496 2175 3618 2217 me-

1950 2273 2083 2326 am;
2112 2256 2256 2330 quia
2280 2272 2422 2326 ergo
2452 2255 2574 2311 dixi
2604 2277 2614 2309 :
2648 2255 2942 2326 Injustum
2969 2252 3132 2310 enim
3153 2255 3279 2308 erat
3302 2254 3365 2307 ut
3386 2250 3616 2307 obtem-

1949 2351 2259 2420 peraretur
2285 2361 2320 2402 a
2349 2362 2520 2402 servo
2551 2361 2682 2413 suo,
2716 2345 2833 2400 hoc
2861 2347 3000 2400 esta
3022 2356 3274 2415 corpore
3301 2355 3411 2396 suo
3435 2338 3488 2395 ei
3511 2338 3616 2412 qui

1950 2453 2072 2493 non
2102 2437 2623 2509 obtemperaverat
2649 2433 2904 2491 Domino
2925 2449 3056 2489 suo.
3081 2431 3255 2498 Quod
3277 2434 3342 2487 tu
3361 2444 3612 2501 negans,

1949 2531 2005 2583 et
2033 2527 2252 2584 falsum
2284 2542 2414 2583 esse
2463 2525 2763 2593 deridens,
2811 2523 2971 2581 velut
3015 2521 3334 2579 ostendere
3375 2519 3615 2577 voluisti

1949 2633 2082 2690 quae
2109 2621 2458 2691 sequeretur
2483 2615 2849 2678 absurditas,
2874 2619 3166 2688 tanquam
3183 2610 3458 2668 ultricem
3479 2625 3616 2683 pec-

1949 2707 2082 2775 cati,
2117 2707 2168 2762 si
2199 2707 2313 2764 hoc
2340 2707 2421 2763 ita
2447 2710 2555 2777 est,
2576 2704 2891 2762 libidinem
2911 2703 3126 2760 laudas
3155 2701 3284 2775 [al.,
3307 2698 3610 2771 laudans].

1948 2801 2113 2855 Certe
2146 2798 2330 2852 istum
2368 2797 2724 2853 mendacem
2747 2795 3044 2868 spiritum,
3075 2792 3222 2866 quia
3245 2789 3503 2864 impium
3524 2804 3612 2844 re-

1946 2902 2076 2957 gem
2109 2886 2264 2941 sicut
2292 2885 2634 2942 merebatur
2677 2883 2941 2942 fallendo
2977 2881 3157 2940 traxit
3198 2879 3279 2938 ad
3325 2881 3606 2940 mortem.

1943 2990 2068 3031 non
2097 2990 2285 3044 negas
2315 2973 2644 3046 iniquitatis
2683 2973 2938 3030 ultorem
2982 2972 3078 3041 (Ill
3125 2973 3272 3042 Reg.
3319 2985 3455 3037 xxn,
3490 2970 3606 3034 2t).

148 3082 310 3137 erga
331 3067 523 3130 illum,
550 3069 598 3122 si
629 3071 784 3122 Deus
821 3081 946 3123 non
984 3067 1184 3132 tradit,
1228 3071 1291 3121 ut
1324 3066 1488 3122 mala
1517 3066 1685 3136 ﬂant,
1718 3065 1837 3121 nisi
1867 3109 1906 3137 η
1945 3066 2092 3119 Ecce
2121 3078 2233 3132 ego
2263 3066 2319 3117 et
2347 3061 2443 3117 hic
2474 3061 2610 3118 dico
2639 3079 2652 3117 :
2704 3061 3002 3132 lnjustum
3033 3059 3193 3116 enim
3225 3062 3352 3114 erat
3388 3058 3454 3112 ut
3506 3053 3611 3129 qui

1867 3109 1908 3165 C

146 3156 541 3228 patientiam,
573 3155 903 3212 bonitatem
938 3154 1268 3228 praebendo
1301 3170 1438 3210 cum
1475 3155 1644 3210 tiunt.
1681 3152 1837 3219 Quid

148 3251 241 3302 est
267 3251 480 3301 autem
502 3245 667 3318 quod
690 3244 958 3316 quotidie
975 3245 1246 3299 dicemus
1268 3261 1278 3298 :
1300 3246 1390 3300 Ne
1406 3259 1510 3299 nos
1528 3245 1756 3314 inferas
1772 3243 1835 3298 in

150 3335 557 3392 tentationem
581 3334 823 3402 (Matth.
859 3349 936 3400 v1,
985 3334 1088 3405 13),
1139 3333 1252 3387 nisi
1283 3338 1348 3388 ut
1375 3348 1497 3388 non
1525 3333 1838 3389 tradamur

149 3423 672 3495 concupiscentiis
683 3422 1352 3494 nostris.Unusquisque
1367 3424 1520 3478 enim
1542 3427 1834 3487 tentatur,

153 3528 193 3570 α
221 3514 721 3582 concupiscentia
747 3526 858 3568 sua
892 3512 1234 3568 abstractus
1261 3518 1312 3566 et
1347 3513 1583 3567 illectus
1613 3512 1768 3582 (Jac.
1792 3527 1835 3578 1,

160 3603 274 3674 14).
311 3607 404 3656 An
433 3602 583 3657 forte
612 3602 727 3657 hoc
773 3616 809 3656 a
859 3603 979 3656 Deo
1028 3601 1308 3672 petimus,
1341 3606 1406 3655 ut
1437 3615 1557 3656 non
1590 3601 1666 3656 sit
1693 3614 1837 3670 erga

155 3707 274 3748 nos
307 3691 544 3764 patiens
574 3692 816 3748 bonitas
848 3695 978 3762 ejus
1001 3691 1028 3745 ‘I
1061 3694 1190 3746 Non
1222 3706 1367 3760 ergo
1419 3691 1552 3761 ejus
1589 3691 1835 3747 invoca-

159 3795 303 3837 mus
332 3781 829 3848 misericordiam,
866 3781 970 3836 sed
1002 3780 1199 3852 potius
1220 3779 1599 3836 iracundiam
1624 3796 1837 3853 provo-

157 3884 402 3925 camus.
438 3869 580 3935 Quis
606 3870 721 3925 ista
753 3869 948 3941 sapiat
975 3883 1158 3924 sanus
1182 3869 1210 3924 ?
1261 3873 1384 3924 lmo
1432 3869 1570 3941 quis
1618 3869 1715 3924 vel
1743 3867 1834 3924 fu-

158 3958 366 4015 riosus
397 3961 524 4014 hzec
547 3959 754 4015 dicat?
795 3960 1002 4015 Tradit
1035 3973 1178 4029 ergo
1221 3961 1378 4014 Deus
1424 3961 1487 4014 in
1535 3959 1835 4028 passiones

160 4049 532 4118 ignominias,
559 4054 624 4104 ut
639 4051 794 4118 ﬁant
811 4063 943 4120 quae
963 4063 1083 4103 non
1103 4049 1465 4103 conveniunt
1482 4049 1832 4118 (Rom.i,26).

163 4138 285 4196 Sed
311 4141 443 4213 ipse
473 4139 894 4195 convenienter
925 4137 1121 4199 tradit,
1176 4141 1232 4193 et
1261 4139 1412 4192 ﬁunt
1442 4137 1656 4192 eadem
1697 4151 1837 4208 pec-

165 4233 324 4297 cata,
344 4234 404 4285 et
423 4234 810 4301 peccatorum
833 4227 1129 4300 supplicia
1145 4226 1600 4298 praeteritorum,
1625 4231 1680 4281 et
1703 4242 1840 4298 sup-

165 4317 496 4390 pliciorum
527 4319 742 4374 merita
772 4318 1130 4372 futurorum.
1181 4315 1341 4371 Sicut
1368 4315 1610 4370 tradidit
1632 4314 1838 4371 Achab

169 4407 230 4462 in
257 4408 937 4481 pseudoprophetarum
966 4404 1352 4460 mendacium
1395 4404 1485 4472 (Ill
1518 4404 1659 4474 Reg.
1691 4420 1834 4471 xxu,

167 4499 282 4567 20).
319 4499 484 4555 Sicut
513 4497 760 4553 tradidit
799 4496 1070 4552 Roboam
1128 4495 1189 4549 in
1242 4493 1463 4548 falsum
1520 4493 1839 4550 consilium

173 4587 266 4654 (Ill
294 4590 438 4657 Reg.
471 4601 572 4657 xu,
607 4588 734 4657 t5):
788 4585 928 4641 facit
973 4585 1104 4640 haec
1147 4583 1314 4638 miris
1345 4588 1402 4638 et
1429 4582 1838 4639 ineﬂ‘abilibus

176 4677 400 4737 modis,
431 4676 536 4748 qui
567 4676 730 4730 novit
771 4675 934 4745 justa
971 4673 1200 4745 judicia
1247 4688 1357 4728 sua
1394 4687 1517 4728 non
1552 4672 1750 4729 solum
1780 4672 1843 4728 in

179 4766 536 4839 corporibus
565 4763 906 4832 hominum,
928 4764 1035 4818 sed
1061 4767 1119 4819 et
1143 4764 1202 4818 in
1232 4763 1378 4835 ipsis
1400 4762 1684 4819 cordibus
1706 4779 1845 4836 ope-

176 4856 298 4911 rari
324 4873 337 4925 ;
370 4855 478 4928 qui
507 4869 628 4910 non
660 4853 801 4910 facit
835 4853 1168 4908 voluntates
1196 4853 1408 4919 malas,
1430 4852 1536 4907 sed
1563 4853 1744 4908 utitur
1763 4853 1848 4908 eis

181 4950 246 5000 ut
273 4945 550 5014 voluerit,
583 4960 723 4998 cum
750 4943 980 5016 aliquid
1021 4942 1224 5014 inique
1272 4942 1423 4998 velle
1468 4956 1591 4998 non
1637 4943 1846 5015 possit.

185 5034 233 5104 [ι
277 5039 420 5101 Quae
450 5037 607 5090 Deus
637 5048 748 5106 pro
779 5033 928 5089 votis
959 5032 1244 5088 humanis
1278 5032 1571 5104 propitius
1602 5037 1849 5100 annuat,

190 5122 454 5181 iratusve
485 5139 609 5180 non
641 5127 888 5180 annuat.
942 5126 1023 5177 Ac
1071 5137 1283 5176 rursus
1313 5140 1326 5176 :
1359 5136 1496 5193 quae
1527 5121 1713 5176 iratus
1745 5135 1853 5177 an-

189 5219 356 5284 nuat,
389 5214 762 5289 propitiusve
791 5229 914 5269 non
941 5215 1188 5269 annuat.
1219 5215 1409 5283 Atque
1435 5211 1684 5266 iterum:
1715 5214 1855 5276 Quae

195 5309 400 5362 contra
428 5310 568 5362 vota
599 5303 874 5361 humana
902 5302 1197 5376 propitius
1237 5302 1434 5364 faciat,
1486 5315 1622 5374 quae
1670 5301 1859 5358 iratus

195 5408 317 5450 non
347 5396 560 5453 faciat:
595 5400 652 5451 et
701 5395 762 5451 in
810 5395 905 5451 his
938 5393 1222 5450 omnibus
1269 5392 1470 5448 bonus
1515 5397 1864 5464 perseverat

201 5485 253 5538 et
279 5485 478 5556 justus
507 5487 548 5559 :]
590 5485 834 5543 exaudit
860 5485 1178 5558 propitius,
1209 5497 1334 5538 non
1366 5481 1611 5538 exaudit
1637 5483 1860 5552 iratus;

201 5576 256 5626 et
281 5588 526 5632 rursus:
571 5591 695 5632 non
726 5573 970 5632 exaudit
1013 5573 1328 5647 propitius,
1362 5571 1607 5628 exaudit
1634 5571 1864 5643 iratus;

171 5667 390 5730 .parcit
431 5666 748 5740 propitius,
796 5680 918 5721 non
972 5665 1164 5737 parcit
1213 5663 1436 5729 iratus;
1497 5665 1554 5719 et
1607 5677 1864 5718 rursus:

1942 3167 2065 3209 non
2098 3151 2432 3208 crediderat
2465 3154 2581 3207 Deo
2614 3166 2758 3206 vero
2789 3165 2913 3206 non
2943 3147 3317 3222 deciperetur
3344 3163 3382 3203 a
3404 3145 3560 3201 falso
3590 3161 3604 3212 ;

1942 3242 2127 3300 lauda
2152 3258 2294 3313 ergo
2325 3246 2382 3298 et
2408 3241 2577 3298 istius
2604 3240 2896 3313 justitiam
2925 3237 3218 3307 falsitatis,
3269 3239 3327 3294 et
3369 3234 3488 3306 dic,
3543 3237 3610 3291 ut

1944 3332 2148 3389 dixisti
2179 3333 2240 3388 in
2276 3331 2455 3389 laude
2485 3330 2770 3398 libidinis,
2803 3330 2948 3403 quia
2974 3329 3120 3385 nihil
3150 3343 3222 3384 ea
3249 3330 3450 3401 potest
3475 3325 3604 3382 lau-

1943 3424 2205 3479 dabilius
2252 3421 2554 3490 aestimari,
2616 3419 2664 3476 si
2720 3419 3034 3494 iniquitate
3081 3417 3274 3474 multa
3301 3418 3433 3488 [al.,
3461 3413 3604 3487 ulta]

1945 3513 2273 3570 commissa
2321 3515 2431 3574 est,
2495 3510 2543 3566 si
2599 3510 2924 3566 vindicavit
2980 3507 3264 3581 injuriam
3318 3505 3438 3563 Dei.
3518 3507 3603 3575 Et,

1943 3603 2088 3676 quia
2118 3601 2202 3657 ita
2231 3599 2601 3656 consortium
2631 3599 2863 3671 peccati
2909 3612 3035 3653 non
3081 3595 3315 3666 habuit,
3374 3599 3440 3651 ut
3478 3591 3607 3650 ofﬂ-

1944 3692 2105 3748 cium
2136 3689 2496 3746 vindicantis
2549 3691 2900 3756 assumeret,
2951 3687 3158 3743 omnia
3208 3685 3338 3741 haec
3390 3698 3605 3740 secun-

1944 3781 2093 3838 dum
2124 3785 2256 3838 tuos
2282 3779 2661 3836 acutissimos
2693 3794 2908 3834 sensus
2933 3780 3089 3833 recte
3115 3776 3415 3842 dicuntur,
3459 3775 3516 3829 et
3543 3772 3606 3828 in

1941 3873 2101 3930 illius
2132 3869 2436 3927 immundi
2483 3870 2724 3942 spiritus
2774 3867 2973 3925 laude.
3027 3870 3178 3938 Ergo
3229 3863 3606 3940 praeconium

1944 3959 2140 4016 laudis
2170 3960 2302 4030 [al.,
2334 3957 2521 4030 vocis]
2559 3962 2693 4025 tuae,
2744 3956 2806 4013 in
2848 3956 3027 4012 simili
3059 3970 3264 4024 causa,
3299 3957 3404 4011 aut
3439 3967 3606 4009 men-

1945 4049 2079 4104 daci
2110 4047 2293 4104 redde
2334 4045 2586 4119 spiritui,
2631 4049 2734 4103 aut
2777 4045 3120 4103 contumaci
3158 4043 3295 4102 tolle
3349 4041 3602 4100 libidini.

1947 4137 2100 4203 Quid
2130 4135 2288 4207 fugis
2320 4135 2399 4192 ad
2428 4135 2922 4193 obscurissimam
2961 4135 3036 4192 de
3085 4135 3293 4192 anima
3331 4132 3609 4209 quaestio-

1949 4243 2086 4284 nem
2114 4226 2174 4283 in
2207 4225 2488 4300 paradiso
2507 4226 2536 4283 ?
2580 4227 2658 4284 ab
2689 4227 2894 4284 animo
2923 4227 3170 4301 quidem
3198 4226 3375 4301 coepit
3406 4224 3608 4300 elatio,

1948 4321 2004 4372 et
2025 4315 2102 4372 ad
2121 4320 2489 4390 praeceptum
2510 4317 3076 4388 transgrediendum
3097 4317 3237 4375 inde
3259 4315 3608 4385 consensio;

1948 4411 2194 4480 propter
2213 4407 2379 4479 quod
2397 4406 2624 4462 dictum
2643 4411 2731 4463 est
2745 4423 2782 4464 a
2799 4413 3076 4481 serpente
3097 4425 3110 4464 :
3136 4408 3327 4464 Eritis
3350 4409 3503 4463 sicut
3527 4404 3615 4460 dii

1952 4500 2119 4572 (Gen.
2149 4513 2226 4559 ιιι,
2262 4501 2338 4567 5),
2371 4497 2477 4552 sed
2502 4501 2817 4570 peccatum
2848 4495 2995 4552 illud
3022 4498 3208 4556 homo
3234 4501 3390 4553 totus
3406 4495 3616 4572 imple-

1951 4589 2031 4646 vit
2055 4607 2069 4656 ;
2093 4593 2235 4644 tunc
2260 4591 2351 4642 est
2379 4601 2520 4643 caro
2553 4585 2712 4643 facta
2734 4586 2987 4660 peccati,
3020 4586 3194 4660 cujus
3222 4585 3366 4642 vitia
3397 4600 3616 4641 sanan-

1952 4683 2048 4735 tur
2076 4677 2205 4732 sola
2234 4674 2623 4732 similitudine
2651 4675 2847 4732 carnis
2873 4676 3124 4750 peccati.
3158 4678 3227 4732 Ut
3247 4691 3390 4749 ergo
3415 4679 3471 4731 et
3491 4674 3618 4730 ani-

1955 4783 2058 4824 ma
2088 4772 2145 4823 et
2173 4779 2334 4829 caro.
2372 4766 2594 4838 pariter
2635 4769 2960 4839 utrumque
2989 4766 3277 4839 puniatur
3307 4765 3421 4822 nisi
3451 4765 3619 4840 quod

1957 4857 2226 4914 nascitur
2269 4856 2644 4913 renascendo
2713 4854 3085 4926 emendetur,
3161 4855 3430 4932 profecto
3516 4861 3623 4913 aut

1958 4953 2284 5019 utrumque
2305 4945 2578 5002 vitiatum
2601 4962 2674 5003 ex
2689 4944 2935 5002 homine
2955 4945 3224 5015 trahitur,
3249 4951 3354 5002 aut
3372 4944 3624 5003 alterum

1961 5038 2022 5094 in
2053 5037 2236 5093 altero
2284 5041 2578 5109 tanquam
2628 5037 2689 5094 in
2741 5035 2949 5093 vitiato
3005 5051 3148 5092 vase
3199 5037 3623 5112 corrumpitur,

1964 5127 2068 5184 ubi
2099 5125 2332 5183 occulta
2356 5126 2585 5197 justitia
2617 5125 2835 5182 divinze
2873 5124 3022 5197 legis
3066 5125 3409 5184 includitur.
3471 5124 3630 5192 Quid

1968 5221 2172 5274 autem
2217 5214 2438 5272 horum
2488 5215 2561 5273 sit
2607 5230 2840 5280 verum,
2880 5215 3160 5273 libentius
3215 5215 3383 5272 disco
3440 5231 3631 5288 quam

1971 5306 2128 5376 dico,
2157 5320 2234 5362 ne
2266 5307 2529 5364 audeam
2559 5305 2775 5363 docere
2801 5305 2970 5380 quod
2998 5305 3201 5362 nescio
3231 5325 3244 5362 :
3287 5306 3402 5362 hoc
3429 5309 3635 5362 tamen

1973 5397 2098 5453 scio
2130 5396 2191 5452 id
2221 5396 2438 5452 horum
2470 5411 2602 5452 esse
2630 5409 2842 5452 verum
2864 5395 3032 5469 quod
3051 5394 3202 5452 ﬁdes
3221 5410 3368 5451 vera
3388 5394 3639 5469 antiqua

1976 5483 2291 5554 catholica,
2319 5501 2442 5559 qua
2462 5483 2723 5542 creditur
2743 5489 2801 5542 et
2820 5485 3104 5544 asseritur
3124 5483 3413 5556 originale
3429 5499 3642 5559 pecca-

1975 5581 2127 5646 tum,
2150 5589 2275 5632 non
2307 5591 2436 5632 esse
2459 5575 2782 5631 convicerit
2802 5573 3046 5630 falsum.
3073 5577 3190 5632 Ista
3209 5573 3360 5630 ﬁdes
3391 5589 3516 5630 non
3543 5589 3646 5632 ne-

1984 5671 2174 5738 getur,
2194 5672 2251 5723 et
2267 5665 2384 5723 hoc
2408 5664 2576 5740 quod
2600 5665 2676 5722 de
2697 5663 3089 5736 animalatet;
3109 5668 3214 5721 aut
3237 5680 3307 5723 ex
3330 5663 3452 5722 otio
3473 5663 3648 5724 disci-

278 5756 298 5780 '
328 5755 458 5814 Haec
485 5771 523 5816 a
552 5754 1006 5818 Levanensibus
1034 5753 1466 5830 praetermissa,
1500 5753 1675 5827 quasi
1701 5755 1763 5812 in
1793 5759 2025 5825 textum
2057 5754 2215 5818 male
2243 5755 2611 5832 irrepserint.
