3950 6434
304 312 432 370 1271
1418 316 1474 370 S.
1515 312 1887 370 PRUDENTII
1922 312 2297 377 TRECENSIS
2334 319 2656 379 EPISCOPI
3609 316 3754 370 1272

297 442 423 509 tur,
461 440 567 495 aut
598 438 771 512 (sicut
800 438 917 496 alia
945 439 1135 496 multa
1162 438 1225 496 in
1254 439 1370 497 hac
1402 439 1545 511 vita)
1595 438 1723 495 sine
1776 438 1983 495 salutis
2002 444 2050 496 Α
2078 444 2359 503 ostendat
2380 444 2641 515 edocuit,
2672 459 2798 500 non
2827 441 2975 516 quid
3000 440 3257 514 mystica
3280 437 3441 495 ﬁctio
3470 437 3755 494 mentire‘

301 527 441 587 labe
470 529 750 585 nescitur.
792 528 972 599 Magis
1005 528 1165 585 enim
1196 529 1536 586 curandum
1571 534 1678 598 est,
1736 529 1856 584 sive
1902 528 1966 584 in
2078 535 2176 588 tur
2219 535 2498 593 asseruit.
2553 532 2818 590 Dilucide
2879 530 3105 605 quippe
3151 527 3464 602 perdocuit
3512 526 3576 583 in
3630 526 3757 581 hac

304 616 597 692 PaI‘VUIiS,
632 617 757 673 Sive
784 617 848 673 in
875 617 1229 687 grandibus,
1270 618 1334 675 in
1376 634 1499 692 C1110
1553 618 1757 675 anima
1797 633 1970 674 sane-
2079 625 2317 681 mortali
2344 626 2466 682 vita
2495 623 2874 695 degentibus,
2918 623 3288 695 peccatoque
3331 633 3495 673 sesse
3536 615 3759 673 volun-

306 711 406 765 tur
442 706 662 765 auxilio
691 721 879 779 quam
908 704 1032 779 quo
1062 707 1269 764 vitiata
1301 708 1376 764 sit
1402 708 1616 766 merito
1643 726 1656 765 :
1705 725 1843 781 qua
1881 711 1972 764 ta-
2081 715 2229 771 tarie
2257 715 2735 790 inquinantibus,
2760 714 2925 785 justo
2953 710 3057 768 Dei
3077 709 3306 782 judicio
3335 723 3585 781 poenam
3611 705 3759 762 alte-

310 812 453 854 men
482 796 534 851 si
560 795 759 851 vitiata
778 794 1119 864 negabitur,
1156 813 1262 853 nec
1294 797 1625 855 sanabitur.
1651 796 1802 854 Illud
1829 812 1974 853 sane
2081 806 2207 861 rius
2239 808 2490 879 peccati,
2520 806 2614 862 vel
2644 805 2848 873 unius,
2878 802 2974 859 vel
3003 801 3271 875 plurium
3299 798 3586 856 retribui:
3620 797 3758 871 qui-

313 903 420 943 cur
448 884 689 953 dixeris,
718 886 1055 955 excogitare
1080 900 1205 942 non
1233 887 1422 959 potui,
1449 888 1511 944 in
1531 904 1601 944 eo
1628 887 1797 961 quod
1817 902 1979 943 com-

2174 912 2198 951 s
2224 897 2429 953 caecati
2458 897 2521 953 in
2547 895 2899 953 barathrum
2933 893 3065 964 jure
3090 890 3205 947 sibi
3229 888 3502 945 debitum
3531 888 3759 960 perdu-

313 974 661 1033 memorasti
685 974 907 1032 dixisse
928 977 1305 1049 Apostolum,
1329 984 1381 1034 et
1407 979 1662 1035 tenebris
1683 978 1974 1034 obtectum
2085 989 2300 1040 cantur
2324 1002 2338 1051 ;
2372 1001 2483 1041 nec
2514 987 2718 1041 tamen
2744 981 2983 1038 excludi
3012 997 3114 1036 eas
3139 994 3370 1053 poenas,
3403 978 3626 1050 quibus
3658 976 3761 1031 vel

314 1065 440 1138 [al.,
473 1065 801 1138 oppletum]
852 1066 1134 1136 insipiens
1179 1084 1284 1123 cor
1329 1083 1532 1125 eorum
1578 1068 1833 1141 (Rom.1,
1864 1066 1975 1138 21),
2085 1074 2181 1130 hic
2213 1074 2639 1147 temporaliter,
2672 1073 2763 1129 vel
2792 1072 2910 1128 illic
2943 1068 3297 1126 aternaliter
3338 1072 3393 1123 et
3441 1067 3648 1124 anima
3696 1070 3762 1120 et

314 1154 609 1212 Addidisti
634 1155 796 1211 enim
825 1157 1166 1213 notandum
1196 1174 1325 1214 esse
1366 1158 1659 1231 quoniam
1690 1157 1978 1231 insipien-
2088 1180 2337 1237 corpore
2364 1163 2711 1236 puniantur.
2746 1160 2998 1218 Proinde
3019 1158 3313 1216 sententia
3342 1156 3529 1212 sancti
3552 1160 3758 1225 Augu-

316 1245 463 1302 tiam
483 1261 732 1302 causam
760 1245 922 1302 dicat
947 1247 1222 1303 omnium
1246 1248 1567 1304 malorum.
1596 1251 1713 1304 Hoc
1734 1247 1984 1320 quidem
2091 1253 2226 1308 stini
2251 1269 2325 1308 ex
2356 1252 2732 1325 psalmo'vu,
2768 1267 2959 1323 quam
2990 1246 3485 1317 suffragatricem,
3529 1248 3594 1300 ut
3642 1242 3763 1298 tibi

318 1334 541 1392 dixisse
570 1335 925 1409 Apostolum
949 1351 1074 1392 non
1106 1338 1248 1393 satis
1275 1342 1528 1409 constat,
1558 1338 1663 1394 sed
1694 1353 1815 1393 non
1845 1334 1985 1391 inde
2089 1341 2345 1410 videtur,
2381 1342 2463 1397 tui
2488 1340 2705 1398 erroris
2732 1339 3013 1405 adhibes,
3053 1336 3283 1393 veritati
3329 1335 3527 1409 potius
3570 1332 3762 1403 favet,

322 1424 662 1480 contendo:
716 1428 779 1480 tu
822 1424 1024 1497 potius
1076 1441 1182 1481 cur
1228 1427 1342 1481 hoc
1388 1426 1606 1482 dixeris
1637 1442 1863 1499 quaero.
1896 1428 1987 1480 An
2092 1447 2279 1504 quam
2323 1430 2604 1487 convenit
2655 1429 2921 1486 falsitati.
2982 1427 3130 1483 Dicit
3173 1426 3336 1482 enim
3379 1425 3648 1493 (August.
3696 1423 3766 1476 in

324 1513 474 1570 forte
504 1513 649 1586 quia
687 1513 923 1586 parvuli
956 1530 1080 1570 non
1120 1519 1274 1571 recte
1314 1515 1594 1572 dicuntur
1616 1515 1983 1589 insipientes,
2086 1521 2249 1590 psal,
2281 1536 2355 1575 v11
2389 1536 2578 1593 prope
2618 1519 2782 1590 1111.):
2835 1517 3267 1588 [[ntelligamus
3308 1513 3631 1584 unicuique
3660 1511 3777 1566 ho-

325 1603 472 1678 quia
497 1603 773 1659 nondum
802 1603 1109 1677 sapientia
1139 1611 1397 1679 possunt
1435 1622 1563 1662 esse
1610 1605 1930 1680 participes
1960 1604 1988 1659 ?
2094 1608 2242 1663 mini
2273 1608 2635 1681 supplicium
2661 1607 2787 1661 ﬁeri
2816 1606 2890 1660 de
2923 1608 3170 1678 peccato
3205 1618 3336 1669 suo,
3388 1607 3446 1657 et
3480 1602 3610 1671 ejus
3662 1599 3779 1654 ini-

328 1692 469 1749 Ideo
498 1692 734 1748 nullum
754 1693 984 1749 malum
1014 1694 1097 1750 eis
1117 1694 1318 1751 inesse
1348 1696 1432 1751 vis
1460 1696 1641 1765 credi,
1671 1695 1837 1769 quod
1859 1709 1987 1749 esse
2095 1699 2387 1770 quitatem
2413 1698 2476 1753 in
2506 1712 2753 1770 poenam
2786 1694 3069 1756 converti,
3114 1709 3225 1748 nec
3269 1696 3555 1764 putemus
3598 1689 3781 1745 illam

331 1797 712 1854 consequens
741 1781 1066 1854 arbitraris,
1091 1783 1140 1839 si
1169 1784 1469 1840 malorum
1500 1785 1775 1841 omnium
1804 1798 1992 1840 causa
2026 1807 2068 1865 Β
2099 1786 2589 1858 tranquillitatem
2618 1791 2675 1841 et
2703 1782 3005 1840 ineffabile
3033 1782 3240 1837 lumen
3270 1779 3372 1836 Dei
3415 1779 3490 1833 de
3527 1795 3590 1833 se
3626 1794 3743 1850 pro
3764 1807 3786 1817 -

333 1870 678 1943 insipientia
705 1874 814 1927 est.
838 1871 974 1939 Sed,
1006 1872 1058 1927 si
1087 1872 1489 1946 disputatione
1522 1874 1914 1930 subtilissima
1937 1877 1996 1929 et
2099 1876 2250 1932 ferre
2282 1876 2443 1931 unde
2474 1880 2720 1948 peccata
2748 1873 3096 1946 puniantur,
3120 1871 3227 1927 sed
3251 1870 3384 1941 ipsa
3411 1872 3664 1941 peccata
3687 1868 3795 1921 sic

335 1960 751 2017 elimatissima
780 1977 936 2034 opus
969 1965 1058 2017 est
1103 1966 1168 2019 ut
1205 1963 1468 2019 sciamus
1521 1968 1721 2020 utrum
1765 1963 1994 2036 primos
2101 1965 2405 2036 ordinare,
2459 1969 2525 2020 ut
2569 1980 2707 2037 qua
2757 1962 3001 2019 fuerunt
3042 1960 3481 2016 delectamenta
3535 1954 3793 2012 homini

334 2049 614 2107 homines
641 2049 982 2122 insipientia
1003 2051 1298 2123 superbos
1319 2069 1397 2109 an
1418 2051 1769 2125 insipientes
1792 2066 1997 2124 super-
2101 2054 2397 2129 peccanti,
2467 2054 2583 2110 sint
2650 2054 3053 2109 instrumenta
3135 2047 3388 2106 Domino
3451 2042 3790 2119 punienti.]

336 2138 442 2196 bia
469 2138 705 2206 fecerit;
730 2154 913 2211 nunc,
936 2144 1181 2212 propter
1198 2140 1262 2196 id
1287 2142 1453 2214 quod
1474 2142 1627 2197 inter
1648 2158 1761 2198 nos
1781 2140 1995 2211 agitur,
2105 2147 2148 2217 -ι-
2178 2144 2405 2211 Quibus
2436 2144 2636 2201 verbis
2665 2142 2841 2201 addis
2874 2159 2887 2197 :

339 2229 477 2302 quis
504 2228 745 2299 ignorat
771 2244 984 2285 omnes
1014 2229 1311 2299 homines,
1335 2231 1682 2305 quicunque
1703 2231 2001 2304 sapientes
2686 2245 2927 2288 JOANNBS
2967 2244 3188 2285 scorus.

340 2322 514 2388 ﬁunt,
565 2335 639 2374 ex
683 2318 1106 2391 insipientibus
1151 2319 1295 2388 ﬁeri,
1347 2321 1463 2376 nisi
1504 2321 1654 2377 forte
1702 2321 1887 2393 aliqui
1927 2334 2001 2374 ex
2182 2321 2352 2392 (Cap.
2386 2321 2472 2386 l6,
2498 2334 2666 2375 num.
2700 2322 2789 2386 18,
2819 2321 2963 2374 sect.
2996 2317 3073 2388 6.)
3121 2320 3162 2368 Θ
3210 2313 3479 2371 Pulchre
3537 2311 3797 2384 quidem

342 2404 727 2484 praconibus
767 2406 1120 2475 Mediatoris,
1169 2424 1397 2479 magna
1448 2410 1576 2481 ejus
1625 2409 2004 2480 multumque
2109 2415 2289 2481 atque
2330 2410 2636 2479 praeclare
2676 2408 2984 2477 deﬁniens,
3030 2420 3153 2461 non
3205 2420 3326 2461 esse
3369 2405 3497 2461 alia
3544 2403 3796 2457 instru-

344 2496 586 2555 insolita
615 2496 824 2567 gratia,
856 2497 934 2553 ad
960 2497 1320 2570 sapientiam
1348 2513 1473 2554 non
1521 2513 1595 2555 ex
1640 2496 2005 2571 insipientia,

2111 2503 2312 2555 menta
2341 2497 2687 2569 torquenda:
2716 2495 3059 2565 impietatis,
3098 2498 3326 2565 praeter
3370 2492 3544 2548 illam
3582 2490 3801 2559 ipsam

347 2586 456 2645 sed
486 2601 560 2642 ex
586 2584 840 2642 infantia
869 2586 1120 2643 transire
1143 2585 1463 2660 potuerint.
1518 2586 1688 2653 Quod
1715 2587 1763 2642 si
1792 2590 2010 2641 natura
2114 2587 2497 2656 impietatem.

351 2677 482 2734 sine
505 2674 625 2732 ﬁde
655 2674 989 2733 Mediatoris
1018 2674 1149 2732 ﬁeri
1186 2690 1364 2748 posse
1414 2675 1788 2741 contenditis,
1839 2689 2010 2730 arca-

350 2782 501 2823 num
528 2763 694 2821 virus
724 2763 990 2838 panditis
1013 2763 1258 2819 haresis
1283 2767 1513 2818 vestra.
1538 2763 1690 2819 Nihil
1718 2762 1878 2819 enim
1901 2777 2012 2818 vos

354 2868 534 2924 agere
563 2856 817 2925 apparet
839 2856 1006 2908 tanta
1034 2851 1385 2909 defensione
1433 2856 1491 2909 et
1529 2852 1712 2909 laude
1756 2856 2013 2923 natura,

353 2943 491 3001 Nisi
526 2947 593 2997 ut
624 2940 901 2997 Christus
947 2942 1142 3013 gratis
1183 2946 1456 2997 mortuus
1497 2942 1571 2997 sit
1620 2943 1774 3014 (Gal.
1810 2958 1869 3011 11,
1904 2941 2014 3013 2t),

358 3031 531 3103 cujus
559 3046 672 3087 nos
701 3028 960 3086 dicimus
983 3030 1184 3102 ﬁdem,
1201 3046 1333 3102 qua:
1347 3046 1461 3101 per
1484 3031 1859 3089 dilectionem
1881 3046 2018 3101 ope-

2786 2687 3088 2730 CORRBCTIO
3097 2712 3111 2727 .

2190 2767 2234 2835 σι-
2261 2766 2499 2831 Verum,
2530 2763 2660 2818 hac
2688 2762 2916 2832 dicens,
2948 2758 3263 2818 excludere
3311 2757 3550 2814 conaris
3599 2755 3799 2812 etiam

2121 2867 2370 2926 poenam
2398 2851 2553 2921 ignis
2577 2850 2804 2916 aterni,
2856 2850 2920 2906 in
2946 2865 3070 2922 quo
3102 2848 3151 2904 si
3172 2847 3377 2904 nullus
3410 2844 3664 2916 ardebit,
3706 2844 3801 2901 ad

2124 2941 2271 3014 quid
2290 2947 2681 3011 prwparatus
2713 2940 2953 2996 diabolo
2997 2943 3056 2994 et
3086 2937 3320 3009 angelis
3365 2937 3493 3006 ejus
3538 2934 3797 3006 (Matt/1.

2126 3047 2265 3099 xxv,
2297 3031 2410 3102 t1),
2442 3028 2765 3103 impiisque
2785 3026 3137 3085 hominibus
3160 3042 3198 3083 a
3220 3029 3340 3082 Deo
3367 3023 3563 3094 fuerit,
3588 3021 3684 3079 vel
3707 3022 3806 3078 ad

358 3121 542 3214 ratur
573 3114 732 3183 (Gal.
764 3130 825 3185 v,
857 3113 931 3214 (ξ),
965 3114 1146 3214 etiam
1175 3119 1397 3171 natura
1437 3115 1862 3189 insipientibus
1896 3114 2021 3187 opi-
2050 3156 2092 3214 C
2128 3119 2275 3193 quid
2304 3118 2367 3175 in
2389 3135 2528 3175 eum
2556 3118 2830 3175 mittendi
2862 3119 3025 3188 sunt,
3056 3131 3306 3188 prorsus
3335 3112 3565 3172 nescire
3585 3127 3682 3169 me
3705 3110 3803 3214 te:

361 3204 559 3262 talari.
609 3206 760 3260 Sunt
786 3202 948 3259 enim
977 3203 1085 3277 qui
1114 3207 1281 3261 tanta
1310 3204 1506 3261 cordis
1534 3204 1855 3262 obtusitate
1880 3220 2022 3261 nas-

2130 3213 2279 3266 teor.
2322 3207 2439 3264 Sed
2466 3223 2543 3263 ne
2579 3207 2656 3264 de
2682 3206 2998 3280 pramissa
3024 3203 3341 3275 augustini
3361 3201 3654 3260 sententia
3678 3199 3806 3257 tibi

368 3298 605 3364 cuntur,
636 3297 703 3351 ut
731 3292 1047 3350 similiores
1075 3292 1400 3367 pecoribus
1458 3310 1647 3368 quam
1673 3294 2024 3352 hominibus
2132 3296 2482 3366 blandiaris,
2514 3296 2794 3370 quamvis
2815 3293 3088 3368 superior
3119 3293 3199 3350 ad
3222 3296 3441 3350 cuncta
3468 3289 3804 3357 sufﬁceret,

366 3400 497 3442 esse
518 3383 876 3453 videantur;
928 3398 1193 3456 quorum
1241 3386 1420 3441 tanta
1450 3382 1757 3457 fatuitatis,
1804 3401 1940 3458 qua
1965 3384 2028 3440 in
2134 3402 2438 3461 ponamus
2467 3389 2526 3442 et
2547 3384 2798 3443 alteram
2821 3383 3030 3457 ipsius,
3058 3399 3197 3456 qua
3215 3385 3388 3439 tuam
3407 3379 3662 3437 debellet
3677 3377 3808 3435 im-

365 3473 483 3532 illis
506 3472 798 3530 naturalis
827 3474 1099 3544 apparet,
1142 3487 1267 3528 non
1300 3473 1553 3545 potestis
1596 3472 1788 3530 ullum
1833 3473 2030 3530 dicere
2135 3475 2420 3550 pietatem
2444 3493 2458 3545 ;
2486 3475 2569 3532 ait
2594 3475 2821 3548 quippe
2850 3474 2914 3530 in
2940 3472 3093 3529 libro
3113 3488 3225 3528 suo
3245 3471 3350 3544 qui
3373 3474 3462 3527 est
3479 3469 3555 3525 de
3576 3467 3723 3525 Fide
3747 3472 3812 3523 et

367 3562 673 3629 meritum,
709 3560 816 3635 qui
841 3560 1079 3617 nullum
1093 3576 1229 3617 esse
1247 3560 1445 3617 dicitis
1482 3561 1774 3634 originale
1815 3580 2031 3636 pecca-

369 3653 524 3708 tum.
549 3648 693 3715 Quis
717 3653 921 3705 autem
946 3663 1070 3704 non
1098 3648 1366 3721 quotidie
1390 3650 1606 3723 probet
1642 3651 1912 3719 (testibus
1941 3667 2032 3707 re-

369 3738 487 3796 bus
513 3736 820 3809 humanis)
844 3735 1171 3811 parvulum
1190 3736 1357 3810 prius
1383 3738 1531 3795 nihil
1556 3755 1788 3813 sapere,
1815 3738 2035 3796 deinde

373 3825 698 3884 crescendo
725 3841 889 3883 vana
914 3841 1147 3899 sapere,
1178 3829 1236 3882 et
1259 3830 1491 3900 postea,
1508 3827 1558 3883 si
1574 3828 1655 3885 ad
1670 3827 2034 3901 sapientium

373 3920 597 3975 sortem
621 3915 897 3990 pertinet,
927 3919 1093 3972 recta
1123 3930 1337 3988 sapere
1357 3919 1537 3989 atque
1558 3917 1641 3974 ita
1677 3916 1757 3974 ab
1785 3916 2037 3974 infantia

373 4005 458 4064 ad
475 4004 836 4079 sapientiam
858 4020 968 4079 per
990 4004 1394 4079 insipientiam
1415 4005 1682 4063 mediam
1699 4006 2032 4081 pervenire.

375 4097 750 4170 Quapropter
776 4095 1049 4152 humana
1074 4098 1312 4163 natura,
1362 4111 1499 4169 qua
1537 4097 1700 4168 jacet
1725 4096 1787 4152 in
1816 4112 2036 4169 parvu-

372 4178 468 4256 lis,
543 4184 639 4240 cui
692 4181 978 4240 laudibus
1026 4182 1240 4240 vestris
1290 4183 1680 4254 Salvatorem,
1738 4187 2033 4258 tanquam

374 4288 529 4329 sana
555 4272 647 4341 sit,
671 4271 973 4341 invidetis,
1002 4271 1528 4344 quemadmodum
1557 4274 1722 4347 prius
1745 4275 2035 4348 proferat,

372 4360 753 4433 insipientia,
796 4375 984 4432 quam
1029 4359 1338 4433 sapientia
1388 4360 1651 4419 fructum
1694 4363 1930 4435 videtis,
1980 4368 2038 4421 et

371 4446 594 4506 radicis
620 4448 751 4520 ejus
777 4448 991 4506 vitium
1018 4448 1222 4506 videre
1249 4464 1376 4507 non
1402 4450 1600 4522 vultis,
1652 4456 1757 4509 aut
1799 4451 2033 4519 videtis,

375 4537 545 4613 quod
572 4538 748 4611 pejus
776 4541 886 4607 est,
919 4542 976 4596 et
1001 4538 1286 4612 negatis.]

445 4629 489 4699 -j-
520 4627 579 4686 Si
596 4643 773 4686 aures
792 4627 1199 4700 intelligentia
1219 4633 1276 4687 et
1295 4629 1557 4688 veritatis
1586 4635 1688 4688 tua
1714 4631 1827 4688 sibi
1846 4633 2042 4705 pervi-

375 4717 544 4776 cacia
569 4733 696 4776 non
724 4718 1108 4788 obstruxerit,
1155 4718 1583 4793 perspicaciter
1611 4720 1816 4778 videre
1867 4726 2038 4794 potes

372 4810 776 4869 vanissimum
800 4814 859 4866 te
886 4808 1162 4867 laborem
1179 4809 1456 4880 subiisse,
1488 4811 1909 4885 nequidquam
1938 4810 2036 4868 tri-

369 4900 546 4970 visse,
573 4899 793 4957 frustra
821 4897 1162 4966 insudasse,
1207 4903 1275 4956 ut
1312 4899 1541 4957 diceres
1567 4900 1648 4958 ad
1688 4901 2035 4958 exercitium

368 4994 591 5048 nostra
623 4989 1025 5061 intelligentia
1056 4990 1246 5046 Deum
1273 5005 1651 5063 procurasse,
1685 4997 1743 5047 et
1781 4991 1846 5047 in
1886 4991 2036 5048 Scri-

372 5078 566 5152 pturis
590 5078 730 5148 suis,
758 5078 902 5135 etin
925 5079 1346 5136 tractatoribus
1365 5096 1596 5150 earum,
1629 5084 1697 5137 ut
1725 5080 2039 5138 audientes

371 5168 521 5227 tales
545 5168 917 5225 locutionum
945 5170 1182 5240 modos,
1212 5170 1519 5242 evigilaret
1556 5176 1761 5227 nostra
1790 5170 2041 5227 intentio

375 5257 456 5316 ad
484 5256 940 5327 intelligendum
968 5259 1116 5332 quid
1139 5259 1201 5315 in
1232 5260 1316 5317 eis
1339 5261 1666 5334 mysticum
1691 5259 1894 5329 lateat,
1916 5276 2040 5316 non

372 5348 523 5422 quid
546 5347 874 5404 verborum
891 5347 1145 5422 simplex
1169 5350 1514 5423 superﬁcies
1539 5348 1834 5407 ostendat.
1866 5349 2042 5406 Vide-

370 5437 509 5494 licet
536 5441 604 5493 ut
624 5439 956 5508 prwscisse,
988 5442 1045 5496 et
1065 5441 1531 5511 praedestinasse
1579 5442 1769 5495 Deum
1818 5455 2036 5511 poenas

354 5534 483 5599 pro
509 5542 630 5583 non
645 5529 981 5599 praescisse,
1025 5534 1085 5587 et
1120 5546 1241 5587 non
1274 5531 1734 5603 prwdeslinasse
1763 5527 2038 5599 accipere

350 5606 724 5673 debeamus.
761 5620 909 5675 Ecce
938 5617 1149 5678 doctor
1191 5620 1467 5688 eximius,
1510 5618 1623 5675 sub
1661 5616 1909 5675 nomine
1937 5616 2037 5673 Ju-

348 5700 662 5784 _lianijam
690 5705 829 5762 inde
859 5711 1068 5767 contra
1091 5714 1147 5766 te
1179 5726 1386 5782 agens,
1418 5710 1586 5767 omni
1607 5707 1843 5765 sublato
1868 5705 2033 5762 locu-

372 5786 605 5846 tionum
641 5791 802 5862 fuco,
837 5797 985 5867 quid
1025 5798 1348 5858 verborum
1390 5800 1646 5875 simplex,
1677 5793 2026 5873 superficies

2140 3563 2435 3638 Operibus
2459 3564 2529 3637 (c.
2556 3568 2644 3632 l5)
2669 3580 2683 3620 :
2708 3560 2930 3637 [Neque
2951 3560 3099 3617 illud
3116 3560 3215 3617 hic
3238 3558 3505 3633 proderit
3521 3558 3651 3629 [al.,
3673 3554 3811 3612 dici

2139 3653 2235 3709 hic
2290 3651 2550 3726 poterit],
2594 3652 2656 3708 in
2695 3667 2819 3724 quo
2865 3648 3137 3707 nonnulli
3185 3649 3434 3722 seipsos,
3476 3646 3809 3712 seducunt,

2138 3741 2343 3813 ignem
2372 3744 2663 3799 aternum
2691 3740 2944 3811 dictum,
2988 3753 3113 3795 non
3158 3737 3359 3811 ipsam
3384 3750 3634 3811 panem
3663 3734 3812 3806 [al.,

2142 3830 2645 3904 combustionem]
2671 3833 2996 3886 aternam:
3043 3844 3152 3901 per
3180 3827 3385 3898 ignem
3414 3825 3661 3899 quippe,
3695 3822 3811 3897 qui

2142 3924 2398 3976 aternus
2425 3920 2554 3987 erit,
2589 3919 2946 3975 transituros
2995 3916 3363 3974 arbitrantur
3414 3931 3519 3972 eos
3574 3912 3810 3986 quibus

2141 4012 2386 4082 propter
2413 4007 2601 4064 ﬁdem
2628 4011 2933 4064 mortuam
2963 4022 3071 4079 per
3099 4005 3304 4076 ignem
3322 4003 3680 4078 promittunt
3717 4016 3811 4057 sa-

2140 4097 2345 4153 lutem.
2383 4098 2452 4152 Ut
2473 4094 2747 4152 videlicet
2772 4094 2901 4168 ipse
2926 4093 3082 4165 ignis
3114 4097 3369 4149 aeternus
3404 4092 3499 4162 sit,
3546 4088 3808 4147 combu-

2143 4185 2255 4243 stio
2285 4201 2428 4243 vero
2457 4200 2690 4255 eorum,
2719 4184 2783 4240 id
2811 4188 2899 4241 est
2925 4182 3195 4257 operatio
3219 4181 3401 4253 ignis,
3446 4195 3573 4236 non
3619 4178 3700 4235 sit
3746 4176 3810 4233 in

2143 4292 2245 4332 eos
2275 4278 2517 4343 aterna,
2547 4290 2687 4331 cum
2733 4277 2791 4330 et
2835 4273 2950 4330 hoc
2979 4270 3323 4346 praevidens
3356 4268 3649 4326 Dominus
3676 4271 3809 4324 tan-

2142 4381 2329 4439 quam
2369 4363 2659 4421 Dominus
2708 4365 3065 4419 sententiam
3109 4377 3283 4417 suam
3321 4360 3404 4416 ita
3448 4355 3810 4415 concluserit

2143 4455 2386 4511 dicens:
2412 4453 2511 4510 Sic
2540 4454 2712 4510 ibunt
2736 4453 2837 4509 illi
2874 4453 2936 4507 in
2977 4449 3441 4507 combustionem
3474 4453 3805 4513 aeternam;

2064 4515 2110 4571 θ
2134 4547 2295 4618 justi
2321 4550 2523 4602 autem
2566 4544 2631 4599 in
2679 4542 2866 4598 vitam
2910 4546 3201 4599 wternam
3249 4538 3490 4612 (Matth.
3523 4553 3662 4605 xxv,
3693 4535 3802 4605 46).

2146 4635 2262 4691 Erit
2289 4650 2431 4704 ergo
2455 4637 2680 4689 aeterna
2709 4630 3068 4698 combustio,
3102 4629 3255 4685 sicut
3295 4626 3476 4699 ignis,
3528 4629 3587 4681 et
3613 4640 3720 4681 eos
3745 4622 3804 4678 in

2144 4723 2311 4780 illam
2340 4724 2529 4779 ituros
2559 4720 2788 4776 Veritas
2817 4719 2987 4785 dicit,
3015 4733 3280 4791 quorum
3317 4731 3440 4773 non
3467 4714 3676 4780 ﬁdem,
3704 4708 3805 4767 sed

2144 4813 2313 4870 bona
2339 4827 2525 4887 opera
2537 4808 2800 4866 defuisse
2825 4806 3192 4882 declaravit.]
3238 4809 3280 4877 -ι-
3318 4804 3531 4862 Confer
3547 4802 3642 4860 his
3661 4797 3805 4859 tanti

2150 4902 2337 4960 Patris
2363 4899 2713 4968 sententias,
2745 4903 2804 4955 et
2830 4914 2973 4954 eum
3001 4901 3107 4953 aut
3145 4911 3446 4966 vacarem,
3495 4893 3548 4950 si
3576 4895 3803 4949 contra-

2150 4993 2241 5049 ria
2269 4991 2508 5047 sibimet
2533 4988 2653 5062 ipsi
2680 5004 2807 5044 non
2853 4987 3022 5056 dixit,
3072 4985 3430 5058 comproba,
3478 4986 3579 5039 aut
3640 4994 3804 5036 men-

2151 5082 2329 5155 dacii,
2407 5082 2459 5136 si
2522 5095 2695 5136 secus
2753 5077 2973 5134 dixisse
3031 5075 3380 5138 conviceris,
3448 5086 3651 5143 argue.
3728 5070 3804 5123 Ne

2153 5188 2294 5243 ergo
2342 5166 2821 5243 compugnantia
2875 5166 3028 5221 inter
3096 5182 3157 5221 se
3205 5164 3481 5237 posuisse
3526 5157 3804 5243 fallaciter

2151 5241 2552 5330 contingatur,
2600 5256 2877 5312 dicamus
2921 5252 3247 5325 unicuique
3300 5249 3531 5308 homini
3591 5241 3802 5320 suppli-

2152 5349 2311 5404 cium
2339 5346 2469 5403 ﬁeri
2492 5345 2568 5402 de
2597 5348 2847 5418 peccato
2901 5357 3033 5412 suo,
3075 5347 3133 5396 et
3174 5341 3306 5411 ejus
3338 5337 3713 5411 iniquitatem
3747 5330 3801 5386 in

2148 5453 2401 5511 poenam
2431 5434 2717 5502 converti,
2743 5449 2882 5489 cum
2916 5431 3252 5487 secundum
3281 5445 3354 5486 ea
3379 5444 3516 5501 qua
3543 5440 3721 5499 supra
3736 5433 3801 5476 ex

2150 5527 2353 5582 verbis
2384 5526 2572 5599 ipsius
2619 5523 2799 5580 latius
2842 5521 3190 5595 posuimus,
3250 5522 3528 5592 peccator
3577 5514 3801 5588 propter

2145 5620 2394 5688 peccata
2451 5611 2865 5688 pracedentia
2910 5609 3309 5666 deterioribus
3364 5605 3637 5673 traditur,
3676 5610 3804 5674 quo-

2144 5687 2282 5763 rum
2321 5687 2532 5762 merito
2577 5703 2657 5760 ad
2697 5701 3004 5757 interitum
3049 5698 3447 5771 pertrahatur,
3505 5698 3610 5751 aut
3661 5687 3798 5765 pOSi,

2158 5794 2318 5855 hanc
2372 5795 2558 5853 vitam
2610 5790 2824 5849 merito
2882 5802 3303 5862 perversorum
3336 5790 3585 5845 actuum
3612 5788 3777 5857 peri)"
