3950 6378
115 277 255 331 1273

110 398 233 456 tuis
271 395 636 459 cruciatibus
666 399 1021 454 coarctetur.
1058 401 1128 455 Ut
1153 399 1271 455 hoc
1305 399 1378 456 sit
1409 399 1461 455 ei
1515 396 1798 470 iniquita-

115 495 238 545 tem
266 486 329 543 in
350 501 602 559 poenam
633 486 919 550 converti,
953 487 1120 559 quod
1145 492 1234 544 est
1262 487 1476 544 merito
1506 486 1790 559 iniquita-

113 577 187 634 tis
211 576 404 649 pomis
427 575 626 631 addici
651 593 664 630 :
695 575 1094 650 dicanturque
1115 578 1517 635 instrumenta
1536 575 1791 631 Domino

111 664 408 740 punienti,
441 664 588 737 quia
629 664 869 721 illorum
913 667 1408 740 compensatione
1435 667 1630 737 justas
1661 681 1792 738 pte-

112 771 230 811 nas
273 752 544 810 retribuit
592 755 996 825 promerenti:
1049 755 1145 812 vel
1192 759 1368 823 certe,
1402 755 1549 828 quia
1595 769 1794 827 paenae

113 848 423 916 perpetuae
445 842 773 898 animabus
806 847 860 900 et
882 845 1242 918 corporibus
1269 844 1490 918 pariter
1509 843 1793 913 inﬂigun-

116 938 235 1000 tur,
259 933 376 988 sint
401 937 650 1005 peccata
680 933 860 988 etiam
883 950 1080 1008 pcena:
1111 935 1560 1005 animarum,ut
1582 949 1792 988 eorum

111 1022 246 1093 jugi
276 1020 692 1078 recordatione
738 1037 1035 1096 cassaque
1067 1023 1438 1095 paenitudine
1470 1028 1794 1095 torquean-

115 1116 246 1168 tur:
279 1112 362 1168 ita
409 1114 548 1167 uta
596 1112 953 1184 corporibus
1007 1113 1162 1181 ignis
1210 1113 1416 1169 aeterni
1450 1111 1792 1169 combustio

114 1201 460 1258 nullatenus
508 1201 818 1258 avellatur.
851 1205 999 1259 Nam
1048 1203 1214 1259 illam
1271 1201 1790 1275 tranquillitatem,

118 1295 175 1346 et
205 1290 507 1346 ineffabile
539 1289 746 1346 lumen
791 1291 913 1358 Dei,
955 1307 1357 1365 nequaquam
1387 1292 1463 1347 de
1497 1308 1579 1353 se,
1613 1291 1672 1346 id
1708 1295 1794 1346 est

117 1380 193 1435 de
216 1395 328 1436 sua
357 1379 713 1449 substantia,
737 1395 985 1437 necesse
1003 1386 1092 1438 est
1116 1382 1383 1455 proferre
1402 1382 1496 1438 vel
1520 1380 1790 1450 gladium

115 1469 207 1525 vel
239 1469 442 1539 ignem
471 1469 566 1524 vel
597 1485 822 1542 aquam
853 1470 948 1526 vel
977 1471 1208 1544 aliquid
1238 1469 1592 1543 hujusmodi
1632 1469 1793 1525 unde

113 1562 368 1631 peccata
397 1558 746 1630 puniantur,
780 1559 929 1632 quin
957 1576 1066 1631 per
1115 1560 1248 1634 ipsa
1276 1564 1528 1634 peccata
1559 1559 1643 1614 sic
1670 1575 1793 1631 pce-

115 1663 230 1703 nas
260 1646 498 1703 ordinat
539 1651 605 1703 ut
642 1664 752 1720 per
787 1664 860 1705 ea
912 1649 1456 1722 (quemadmodum
1507 1645 1789 1717 diximus)

115 1739 331 1811 puniat
353 1744 739 1795 contumaces
763 1757 777 1808 ;
807 1740 991 1812 unde,
1017 1758 1156 1797 cum
1177 1741 1464 1813 quaedam
1488 1737 1792 1812 superﬂue
1823 1766 1864 1822 Β

116 1827 502 1884 disseruisses
521 1832 579 1884 et
607 1828 688 1884 ad
716 1828 993 1886 ultimum
1024 1829 1424 1886 conclusisses
1448 1847 1462 1884 :

697 1949 945 1990 JOANNES
987 1951 1216 1992 SCOTUS.

189 2024 358 2096 (Cap.
397 2027 483 2091 t6,
515 2037 686 2079 num.
723 2028 808 2091 t9,
857 2027 1002 2079 sect.
1041 2025 1117 2094 7.)
1149 2028 1188 2077 Θ
1216 2023 1455 2091 Merito,
1484 2022 1788 2098 inquiens,

110 2112 462 2181 perniciosa
508 2111 606 2168 hic
645 2111 900 2168 dulcedo
931 2111 1221 2177 libidinis,
1253 2113 1384 2168 illic
1432 2117 1702 2169 vertetur
1725 2111 1790 2166 in

119 2200 591 2258 amaritudinem
640 2201 908 2270 ultionis,
940 2206 1028 2270 ut,
1057 2203 1201 2273 quia
1246 2202 1345 2258 hic
1373 2201 1613 2258 domum
1643 2201 1792 2256 divi-

118 2306 212 2346 nae
235 2290 565 2361 largitatis,
581 2290 692 2348 hoc
709 2295 793 2348 est
817 2289 1065 2347 liberum
1088 2292 1420 2348 voluntatis
1441 2291 1786 2359 arbitrium,

120 2380 284 2452 quod
301 2383 386 2436 est
405 2381 713 2436 naturalis
736 2380 1152 2451 intelligentiae
1175 2396 1415 2448 munus,
1434 2379 1499 2436 id
1525 2385 1609 2437 est
1629 2395 1790 2436 men-

121 2470 195 2524 tis
227 2469 407 2536 acies,
438 2483 618 2542 quam
660 2469 954 2527 Conditor
979 2469 1252 2526 omnibus
1281 2470 1652 2541 generaliter
1689 2469 1790 2524 do-

120 2559 292 2614 navit
346 2557 428 2614 ad
453 2573 515 2614 se
556 2557 966 2630 quaerendum,
998 2557 1394 2630 diligendum,
1433 2557 1785 2628 fruendum,

119 2648 184 2702 in
215 2659 360 2703 usus
390 2647 785 2717 turpitudinis
813 2652 1050 2704 mutare
1077 2648 1474 2718 superbiendo
1503 2647 1790 2720 nequissi-

121 2751 216 2791 me
264 2737 558 2804 voluerat,
591 2737 722 2792 illic
765 2751 841 2792 ne
886 2737 1129 2793 omnino
1167 2737 1440 2794 veritatis
1484 2736 1792 2793 honestate

119 2825 398 2894 fruatur,
420 2826 751 2894 justissime
772 2826 1015 2895 perdat,
1040 2832 1117 2897 et,
1144 2841 1210 2883 eo
1239 2841 1483 2884 carcere
1509 2827 1794 2897 iniquita-

126 2915 199 2969 tis
213 2915 478 2984 propriav
497 2916 562 2970 in
587 2930 702 2987 quo
727 2915 824 2972 hic
843 2930 904 2972 se
928 2915 1123 2984 ipsum
1143 2916 1498 2986 incluserat,
1518 2915 1792 2972 tenebras

127 3009 367 3060 mternae
417 3005 780 3075 ignorantia:
821 3003 1331 3061 inextricabiliter
1355 3005 1796 3075 pwnaliterque

127 3107 247 3148 non
273 3093 472 3148 evitet.

804 3177 1124 3220 CORRECTIO.

193 3253 228 3319 1-
252 3253 430 3308 Miror
460 3267 586 3319 cur,
615 3251 698 3308 tui
727 3251 971 3320 oblitus,
998 3268 1122 3309 non
1150 3252 1371 3308 videris
1414 3251 1580 3326 quod
1627 3251 1795 3309 initio

123 3341 310 3412 hujus
355 3339 668 3412 pericopes
725 3340 983 3396 dixeris:
1031 3343 1348 3412 felicitatis
1386 3343 1706 3408 notionem,
1739 3347 1795 3398 et

124 3433 458 3499 scientiam,
515 3435 695 3502 atque
751 3432 1059 3488 veritatem
1112 3433 1242 3489 illic
1305 3435 1494 3490 inesse
1539 3433 1792 3499 miseris,

120 3520 501 3591 proindeque
529 3519 726 3577 abesse
773 3519 849 3577 ab
887 3522 970 3577 eis
999 3523 1322 3590 miseriam,
1353 3527 1441 3589 ut,
1475 3537 1596 3594 qua
1622 3527 1796 3578 natu-

128 3625 199 3665 ra
228 3626 353 3666 non
377 3611 724 3680 puniretur,
757 3627 878 3666 non
915 3613 1140 3681 punita
1169 3627 1292 3669 non
1341 3618 1488 3669 esset
1527 3613 1792 3669 miseria.

131 3699 449 3763 Quomodo
472 3699 633 3756 enim
658 3699 743 3756 eis
765 3699 938 3756 inerit
967 3699 1238 3770 felicitas,
1267 3701 1318 3772 ej
1330 3717 1518 3774 usque
1545 3701 1795 3758 scientia

131 3791 184 3842 et
211 3789 401 3858 notio,
431 3788 481 3844 si
520 3790 736 3844 mentis
783 3789 974 3845 aciem
1015 3789 1403 3862 perdiderint,
1435 3795 1493 3847 et
1517 3791 1796 3848 tenebras

132 3881 366 3934 aeternae
433 3877 785 3948 ignorantiae
832 3879 1314 3936 inextricabiliter
1361 3880 1795 3954 paenaliterque

131 3983 250 4024 non
280 3968 635 4026 evitaverint
661 3969 688 4024 ?
741 3972 858 4026 Aut
903 3970 1065 4026 enim
1094 3970 1213 4026 illic
1243 3971 1328 4027 eis
1357 3971 1606 4028 felicitas
1637 3971 1795 4042 ejus-

131 4073 244 4129 que
279 4057 532 4115 scientia
556 4059 761 4126 deerit,
789 4063 848 4115 et
877 4060 1052 4116 stabit
1101 4061 1268 4133 quod
1298 4060 1452 4131 aisti,
1485 4067 1549 4116 ut
1580 4061 1794 4117 mentis

133 4149 312 4204 aciem
364 4149 652 4219 perdant,
699 4154 755 4206 et
815 4151 1088 4206 tenebras
1141 4157 1379 4207 aeterna:
1432 4153 1797 4220 ignorantiae

133 4235 638 4295 inextricabiliter
685 4240 1127 4310 paenaliterque
1162 4255 1284 4295 non
1317 4240 1554 4296 evitent.
1588 4243 1701 4294 Aut
1747 4237 1794 4294 si

135 4322 378 4383 felicitas
407 4327 658 4399 ejusque
698 4326 947 4384 scientia
993 4326 1107 4382 illis
1155 4328 1414 4399 affuerit,
1441 4343 1551 4384 nec
1576 4328 1795 4384 mentis

136 4412 322 4471 aciem
356 4415 632 4488 perdent,
665 4431 776 4471 nec
827 4415 1108 4472 tenebras
1158 4421 1393 4474 aeternae
1437 4417 1791 4487 ignorantiae

129 4499 617 4560 inextricabiliter
663 4504 1098 4578 pmnaliterque
1129 4506 1448 4578 patientur.
1483 4505 1616 4575 Sed,
1650 4506 1794 4578 quia

137 4591 328 4647 omnis
357 4592 608 4650 felicitas
642 4593 982 4650 infelicibus
1027 4593 1432 4665 subtrahetur,
1462 4611 1674 4652 verum
1704 4600 1796 4652 est

137 4679 274 4750 quia
302 4683 586 4740 tenebras
618 4688 854 4740 aeternae
885 4684 1241 4755 ignorantia:
1293 4684 1798 4741 inextricabiliter-

139 4782 250 4837 que
315 4771 754 4845 paenaliterque
823 4773 1250 4840 sustinebunt;
1319 4774 1400 4831 ita
1467 4778 1669 4830 tamen
1733 4778 1798 4830 ut

140 4871 270 4914 cum
319 4862 405 4916 eis
445 4860 602 4930 ignis
655 4862 861 4917 aeterni
910 4861 1391 4919 combustionem
1441 4878 1796 4936 corpoream

139 4957 256 5000 non
283 4949 524 5004 evitent.
557 4948 689 5005 Jam
723 4965 863 5006 vero
893 4950 1198 5006 sententiae
1238 4950 1482 5007 Patrum
1514 4951 1796 5022 Augusti-

140 5031 199 5086 ni
226 5039 402 5109 atque
434 5038 718 5108 Gregorii,
751 5054 908 5111 quas
956 5037 1396 5094 conﬁrmationi
1448 5045 1563 5095 tua;
1607 5040 1796 5095 hiere-

143 5133 271 5178 scos
317 5126 671 5194 adhibuisti,
705 5127 927 5200 quibus
975 5127 1306 5184 caecitatem
1360 5126 1560 5183 cordis
1613 5127 1798 5183 inclu-

144 5207 490 5288 sionemque
538 5216 770 5289 peccati
827 5216 1117 5273 veraciter
1166 5216 1520 5282 docuerunt,
1578 5221 1636 5271 ut
1692 5231 1799 5288 per

143 5309 242 5352 eas
267 5304 696 5378 suppliciorum
727 5322 940 5378 pmnas
969 5304 1334 5375 excluderes,
1360 5321 1606 5377 prorsus
1638 5305 1800 5377 quis-

145 5387 272 5455 (Ιυὶε
318 5395 412 5465 pie
461 5393 732 5463 advertit,
785 5395 1120 5451 secundum
1168 5395 1506 5468 superiores
1557 5411 1796 5450 eorum-

147 5471 277 5531 dem
332 5483 650 5539 sententias
722 5482 1000 5539 facillime
1068 5483 1296 5539 videbit
1363 5482 1509 5555 quia
1571 5498 1799 5555 nequa-

149 5573 323 5630 quam
349 5574 646 5628 tormenta
671 5587 808 5644 quae
843 5571 1198 5644 corporibus
1228 5571 1615 5644 corporaliter
1640 5572 1801 5626 exhi-

150 5645 373 5726 bentur,
429 5661 782 5729 ademerint,
815 5661 1148 5732 scdpaanas
1170 5678 1305 5733 quae
1357 5661 1592 5715 czecatis
1635 5677 1800 5716 men-

152 5734 302 5797 tibus
324 5745 480 5816 justo
511 5751 613 5808 Dei
655 5751 883 5822 judicio
931 5749 1027 5807 hic
1073 5751 1308 5809 interim
1359 5749 1550 5807 solent
1585 5749 1796 5821 ingeri.

1086 273 1177 330 DE
1214 269 1902 331 PREDESTINATIONE
1941 273 2218 333 CONTRA
2253 277 2302 333 Ι.
2340 275 2632 333 SCOTUM.

3437 277 3574 337 1274

1907 397 2162 456 ﬁdeliter
2207 400 2634 458 intimaverint.
2669 402 2937 467 Quorum
2969 401 3366 472 Augustinus,
3393 401 3456 458 in
3501 403 3573 459 li-

1903 485 2016 544 bro
2047 488 2122 545 de
2151 507 2296 548 vera
2324 491 2586 561 Regione
2678 505 2804 546 non
2839 493 2904 546 ut
2931 506 2969 547 a
3000 493 3053 546 te
3092 489 3386 547 mendace
3415 492 3574 564 posi-

1902 579 2032 634 tum
2079 584 2204 648 est;
2267 579 2374 637 sed
2439 584 2504 636 ut
2555 595 2634 636 an
2693 579 2834 653 ipso
2883 579 3282 636 sincerissime
3342 584 3574 636 constat

1902 665 2151 738 editum,
2184 672 2471 726 tractasse
2501 668 2897 740 dignoscitur.

1977 757 2146 830 (Cap.
2205 763 2290 828 16,
2361 774 2532 814 num.
2595 762 2687 830 20,
2757 761 2898 814 sect.
2963 761 3016 826 8,
3072 757 3145 814 de
3209 772 3351 814 vera
3417 758 3575 815 Reli-

1902 846 2096 915 gione,
2134 863 2186 904 c.
2220 849 2336 919 52.)
2366 848 2653 920 [Cavendi
2685 853 2824 904 sunt
2856 864 2999 918 ergo
3036 847 3348 904 inferiores
3375 847 3570 916 inferi,

1901 934 1965 990 id
1994 939 2083 990 est
2112 941 2248 1008 post
2274 938 2432 993 hanc
2462 937 2649 994 vitam
2679 953 2875 1010 pcenaa
2908 937 3233 1008 graviores,
3266 936 3372 992 ubi
3405 937 3574 994 nulla

1901 1028 2100 1095 potest
2155 1041 2283 1080 esse
2336 1026 2835 1083 commemoratio
2885 1026 3167 1093 veritatis,
3216 1025 3362 1100 quia
3407 1025 3574 1082 nulla

1901 1108 2311 1178 ratiocinatio;
2344 1111 2478 1167 ideo
2509 1110 2676 1168 nulla
2699 1110 3260 1184 ratiocinatio,quia
3288 1126 3413 1166 non
3435 1126 3572 1166 eam

1902 1197 2208 1269 perfundit
2252 1199 2461 1256 lumen
2490 1216 2700 1256 verum
2749 1201 2934 1272 (quod
2978 1201 3286 1256 illuminat
3340 1216 3571 1258 omnem

1905 1285 2201 1344 hominem
2232 1291 2560 1346 venientem
2590 1291 2654 1345 in
2686 1290 2846 1346 hunc
2867 1289 3182 1361 mundum)
3205 1291 3406 1356 (Joan.
3435 1306 3473 1356 ι,
3494 1289 3572 1361 9),

1903 1391 2091 1448 quare
2131 1379 2484 1448 festinemus
2527 1385 2582 1435 et
2613 1380 2986 1437 ambulemus
3017 1396 3150 1434 cum
3182 1379 3305 1435 dies
3351 1384 3573 1448 praesto

1903 1472 2008 1537 est,
2031 1483 2105 1522 ne
2134 1485 2240 1524 nos
2272 1469 2528 1526 tenebrae
2559 1469 3071 1539 comprehendant
3099 1469 3292 1539 (Joan.
3323 1483 3425 1531 xu,
3456 1467 3572 1538 35),

1901 1554 2253 1613 festinemus
2279 1576 2316 1615 a
2345 1559 2616 1616 secunda
2645 1564 2836 1615 morte
2866 1557 3126 1626 liberari,
3155 1557 3259 1614 ubi
3290 1573 3457 1614 nemo
3490 1563 3574 1614 est

1902 1649 2008 1717 qui
2049 1665 2275 1704 memor
2303 1651 2380 1704 sit
2408 1651 2522 1706 Dei
2535 1665 2560 1706 .'
2589 1654 2646 1706 et
2674 1649 2754 1705 ab
2782 1647 3042 1717 inferno,
3065 1647 3172 1704 ubi
3198 1663 3368 1705 nemo
3395 1649 3576 1716 conﬁ-

1903 1735 2129 1791 tebitur
2157 1743 2272 1794 Deo
2296 1739 2485 1794 (Psal.
2519 1754 2603 1806 v1,
2636 1738 2708 1810 6).

1977 1825 2089 1881 Sed
2130 1825 2331 1882 miseri
2369 1825 2666 1894 homines,
2700 1826 2924 1900 quibus
2973 1825 3215 1896 cognita
3257 1823 3572 1893 vilescunt,

1904 1918 1962 1969 et
2013 1916 2384 1973 novitatibus
2439 1917 2722 1974 libentius
2775 1917 3020 1972 discunt
3073 1931 3263 1988 quam
3329 1917 3572 1971 norunt.

1903 2019 2042 2060 cum
2093 2007 2354 2075 cognitio
2415 2007 2488 2064 sit
2539 2007 2676 2064 ﬁnis
2724 2005 3016 2073 discendi,
3063 2009 3120 2062 et
3173 2003 3400 2078 quibus
3439 2003 3574 2060 vilis

1900 2099 1989 2149 est
2018 2095 2271 2153 facilitas
2326 2097 2600 2166 actionis,
2631 2097 2914 2154 libentius
2968 2099 3200 2153 certant
3238 2111 3437 2167 quam
3471 2094 3576 2150 vin

1900 2187 2064 2251 cunt,
2125 2201 2265 2242 cum
2321 2185 2571 2242 victoria
2637 2186 2712 2242 sit
2774 2185 2913 2242 ﬁnis
2980 2182 3272 2253 certandi,
3326 2187 3384 2238 et
3427 2181 3564 2255 qui-

1896 2271 2014 2328 bus
2063 2274 2195 2330 vilis
2244 2281 2332 2332 est
2381 2275 2649 2348 corporis
2695 2275 2874 2346 salus,
2907 2273 3143 2331 malunt
3169 2273 3334 2330 vesci
3371 2287 3560 2345 quam

1899 2361 2121 2430 satiari,
2191 2368 2245 2420 et
2310 2365 2546 2421 malunt
2627 2364 2741 2421 frui
2824 2363 3184 2434 genitalibus
3243 2359 3556 2430 membris,

1897 2465 2085 2522 quam
2108 2451 2338 2507 nullam
2367 2452 2544 2508 talem
2567 2453 3034 2509 commotionem
3059 2451 3210 2525 pati:
3243 2449 3557 2506 inveniun-

1899 2543 1993 2594 tur
2016 2540 2196 2597 etiam
2227 2542 2330 2614 qui
2357 2541 2589 2598 malunt
2611 2542 2874 2598 dormire
2902 2557 3090 2610 quam
3119 2555 3244 2596 non
3271 2537 3558 2614 dormitag

1899 2645 2000 2698 re;
2054 2647 2193 2686 cum
2244 2609 2444 2687 omnis
2495 2631 2654 2687 illius
2703 2609 3030 2688 voluntatis
3072 2631 3179 2703 [al.
3229 2609 3573 2700 voluptatis]

1899 2719 2038 2776 ﬁnis
2082 2721 2155 2776 sit
2201 2737 2325 2776 non
2356 2721 2603 2786 esurire,
2629 2737 2700 2778 ac
2745 2720 2924 2787 sitire,
2957 2725 3014 2776 et
3054 2735 3179 2776 non
3229 2717 3574 2774 desiderare

1904 2810 2318 2882 concubitum,
2351 2816 2408 2866 et
2436 2827 2561 2866 non
2611 2827 2742 2867 esse
2788 2826 3037 2884 corpore
3082 2808 3348 2876 fatigato.
3382 2807 3574 2872 Quare

1904 2899 2010 2972 qui
2041 2900 2194 2954 ﬁnes
2222 2902 2386 2972 ipsos
2408 2899 2773 2972 desiderant,
2791 2900 2960 2972 prius
2991 2897 3332 2954 curiositate
3348 2897 3572 2962 carent,

1905 2993 2343 3056 cognoscentes
2388 3003 2524 3043 eam
2556 3003 2686 3043 esse
2731 2991 2958 3044 certam
3001 2985 3407 3055 cognitionem
3435 2998 3572 3054 quas

1903 3075 2064 3131 intus
2095 3080 2204 3144 est,
2235 3078 2294 3130 et
2330 3090 2402 3130 ea
2443 3074 2815 3147 pertruentcs
2859 3078 3160 3146 quantum
3202 3072 3265 3126 in
3309 3070 3424 3126 hac
3453 3069 3574 3125 vita

1903 3168 2170 3237 queunt:
2203 3163 2422 3219 deinde
2453 3162 2758 3235 accipiunt
2779 3161 3030 3219 actionis
3055 3160 3571 3231 facilitatem,per-

1902 3254 2132 3310 vicacia
2156 3252 2373 3325 posita,
2398 3251 2650 3308 scientes
2663 3252 2956 3322 majorem
2973 3266 3102 3307 esse
3119 3248 3571 3319 facilioremque

1904 3343 2214 3400 victoriam
2247 3357 2370 3398 non
2397 3341 2668 3397 resistere
2698 3338 3068 3397 animositati
3097 3338 3486 3410 cujusquam,
3514 3337 3573 3391 et

1904 3435 2018 3491 hoc
2043 3438 2341 3506 quantum
2370 3432 2432 3486 in
2462 3431 2577 3488 hac
2605 3430 2729 3486 vita
2750 3438 2982 3503 queunt
3009 3446 3023 3483 :
3057 3428 3320 3485 sentiunt
3343 3429 3572 3499 postre-

1903 3536 2006 3576 mo
2035 3520 2216 3577 etiam
2246 3519 2509 3593 quietem
2542 3519 2810 3592 corporis
2851 3517 3214 3575 abstinendo
3244 3515 3323 3571 ab
3353 3515 3448 3570 his
3479 3529 3571 3570 re-

1901 3611 2017 3668 bus
2048 3611 2174 3666 sine
2202 3610 2427 3683 quibus
2471 3609 2570 3679 agi
2617 3609 2746 3665 haac
2797 3609 2916 3665 vita
2957 3611 3173 3680 potest.
3210 3609 3293 3662 Ita
3320 3609 3572 3676 gustant

1901 3716 2076 3772 quam
2107 3701 2308 3757 suavis
2338 3705 2421 3756 est
2450 3700 2734 3755 Dominus
2764 3697 2952 3770 (Psal.
2985 3711 3190 3756 xxxiii,
3223 3694 3298 3765 9),
3332 3709 3442 3748 nec
3463 3692 3574 3747 erit

1903 3791 1988 3847 eis
2019 3789 2275 3845 dubium
2304 3788 2453 3862 quid
2481 3792 2618 3861 post
2666 3787 2824 3844 hanc
2855 3785 3038 3842 vitam
3082 3785 3351 3840 futurum
3391 3779 3482 3842 sit,
3516 3785 3574 3836 et

1901 3878 2283 3954 perfectionis
2315 3893 2440 3932 suae
2467 3877 2608 3946 ﬁde,
2641 3891 2766 3948 spe,
2793 3880 2849 3931 et
2872 3873 3157 3930 charitate
3188 3870 3568 3936 nutriuntur;

1901 3972 2040 4042 post
2061 3969 2218 4023 hanc
2238 3969 2441 4022 autem
2463 3965 2651 4020 vitam
2674 3969 2729 4020 et
2759 3962 3018 4033 cognitio
3039 3959 3398 4033 perficietur,
3425 3957 3572 4030 quia

1904 4073 1980 4114 es:
1997 4061 2174 4125 parte
2197 4069 2360 4110 nunc
2409 4054 2670 4108 scimus:
2715 4067 2850 4107 cum
2889 4057 3086 4106 autem
3136 4048 3360 4105 venerit
3409 4045 3572 4117 quod

1902 4147 2238 4218 perfectum
2268 4149 2374 4210 est,
2398 4157 2519 4198 non
2550 4142 2664 4198 erit
2689 4156 2766 4197 ex
2787 4146 2965 4210 parte
2989 4141 3046 4209 (Ι
3071 4140 3211 4195 Cor.
3242 4152 3370 4202 xm,
3403 4135 3481 4205 9),
3515 4137 3574 4189 et

1903 4252 2020 4309 pax
2049 4234 2248 4290 omnis
2286 4231 2497 4289 aderit.
2531 4235 2682 4288 Num
2717 4229 2877 4287 enim
2927 4230 3034 4294 [al.
3068 4227 3292 4299 autem]
3323 4225 3443 4282 alia
3474 4222 3569 4279 lex

1904 4325 1967 4380 in
2005 4321 2295 4379 membris
2334 4321 2484 4377 meis
2515 4323 2814 4393 repugnat
2843 4318 2959 4389 legi
2990 4317 3209 4374 mentis
3238 4331 3388 4400 mete
3416 4331 3430 4382 ;
3464 4309 3575 4400 sed

1904 4411 2182 4470 liberabit
2228 4427 2342 4466 nos
2391 4410 2466 4466 de
2515 4423 2769 4483 corpore
2799 4407 3006 4464 mortis
3036 4407 3220 4477 hujus
3249 4399 3441 4475 gratia
3470 4399 3574 4456 Dei

1904 4519 2012 4576 per
2034 4504 2240 4558 Jesum
2268 4499 2564 4556 Christum
2586 4497 2909 4553 Dominum
2941 4501 3220 4552 nostrum
3247 4494 3435 4564 (Rom.
3465 4505 3572 4558 vn,

1903 4599 1994 4662 23,
2025 4594 2139 4664 24),
2165 4591 2312 4664 quia
2357 4606 2432 4646 ex
2473 4603 2699 4658 magna
2745 4592 2915 4660 parte
2959 4582 3403 4641 concordamus
3429 4593 3574 4634 cum

1905 4681 2274 4742 adversario,
2307 4678 2457 4733 dum
2502 4693 2642 4732 cum
2693 4675 2791 4731 illo
2837 4691 3048 4730 sumus
3075 4674 3138 4730 in
3167 4671 3302 4727 via:
3347 4674 3404 4726 et
3450 4673 3574 4727 tota

1905 4770 2152 4838 sanitas,
2211 4773 2266 4825 et
2319 4765 2486 4822 nulla
2543 4763 2896 4834 indigentia,
2957 4767 3014 4818 et
3069 4760 3238 4818 nulla
3300 4758 3573 4828 fatigatio

1905 4858 2097 4916 aderit
2142 4855 2416 4929 corpori:
2471 4854 2619 4926 quia
2672 4851 3070 4922 corruptibile
3131 4850 3242 4906 hoc
3301 4853 3571 4920 tempore

1908 4953 2089 5020 atque
2132 4946 2343 5002 ordine
2393 4959 2503 4998 suo
2545 4959 2669 5015 quo
2721 4940 3078 4997 resurrectio
3123 4937 3322 4996 carnis
3369 4938 3572 4994 futura

1905 5043 2012 5104 est,
2058 5037 2348 5092 induetur
2395 5032 2850 5101 incorruptione
2899 5030 2943 5103 (ι
2987 5031 3126 5087 Cor.
3159 5047 3247 5097 xv,
3285 5029 3393 5101 t3).
3442 5031 3571 5083 Non

1906 5127 2127 5184 mirum
2159 5131 2361 5184 autem
2392 5123 2439 5178 si
2467 5122 2584 5178 hoc
2613 5120 2854 5177 dabitur
2881 5119 2974 5176 his
3003 5121 3104 5193 qui
3132 5121 3193 5176 in
3233 5117 3570 5188 cognitione

1907 5216 2100 5273 solam
2143 5215 2453 5270 veritatem
2486 5215 2712 5282 amant,
2745 5214 2803 5266 et
2847 5210 2909 5266 in
2953 5211 3186 5266 actione
3237 5207 3431 5264 solam
3470 5221 3575 5277 pa-

1907 5321 2060 5374 cem,
2095 5308 2152 5359 et
2187 5303 2248 5358 in
2293 5316 2543 5373 corpore
2589 5299 2781 5354 solam
2825 5297 3180 5354 sanitatem:
3232 5296 3348 5351 hoc
3379 5293 3442 5348 in
3486 5293 3569 5347 eis

1908 5393 2068 5450 enim
2095 5391 2432 5465 perficietur
2461 5393 2599 5462 post
2627 5389 2783 5443 hanc
2803 5389 3014 5457 vitam,
3035 5386 3200 5459 quod
3231 5385 3293 5440 in
3315 5385 3431 5439 hac
3449 5381 3573 5438 vita

1907 5482 2046 5556 plus
2079 5481 2353 5550 diligunt.

1983 5571 2093 5637 Qui
2112 5586 2254 5640 ergo
2276 5569 2432 5625 male
2455 5571 2704 5624 utuntur
2715 5570 2879 5622 tanto
2897 5564 3113 5620 mentis
3130 5563 3292 5619 bono
3314 5566 3380 5618 ut
3405 5564 3574 5616 extra

1910 5677 2045 5716 eam
2075 5659 2330 5716 visibilia
2359 5659 2552 5728 magis
2592 5660 2898 5729 appetant,
2930 5654 3152 5726 quibus
3183 5653 3256 5708 ad
3293 5649 3572 5721 concupi-

1915 5749 2137 5809 scenda
2191 5753 2248 5807 et
2310 5746 2616 5819 diligenda
2660 5743 3054 5813 intelligiban
3109 5742 3572 5800 commemorari
