3950 6428
360 368 496 435 1278

1457 360 1515 420 S.
1556 352 1924 417 PRUDENTH
1962 348 2344 416 MCBNSIS
2381 354 2692 416 EPISOOPI
2777 357 2781 361 ’

3657 358 3787 414 me

358 492 1028 563 debuerunt,dabuntur
1045 489 1130 546 eis
1148 488 1470 546 exteriores
1487 482 1778 555 tenebrae;
1795 483 2013 539 harum
2044 482 2091 535 A
2126 481 2184 537 si
2213 496 2395 539 nemo
2424 483 2681 540 exterius
2720 485 3013 539 accuset?
3041 482 3153 548 Qui
3180 495 3320 538 cum
3340 481 3650 554 iudicante
3671 484 3788 538 Deo

358 588 585 666 quippe
629 582 866 643 initium
908 582 1000 638 est
1041 580 1240 637 carnis
1271 576 1611 654 prudentia,
1645 578 1703 666 et
1726 584 2016 666 sensuum

359 662 786 752 corporearum
809 670 1206 739 imbecillitas,
1242 674 1297 726 et
1321 668 1426 743 qui
1455 663 1883 752 certaminibus
1911 662 2017 752 de-

355 750 668 832 lectantur,
700 761 1124 819 alienabuntur
1143 772 1179 816 a
1201 770 1372 832 pace,
1403 761 1461 814 et
1492 753 1746 811 summis
1768 750 2019 809 difﬁcul-

356 854 576 915 tatibus
599 851 1103 926 implicabuntur:
1135 848 1373 906 initium
1402 846 1564 904 enim
1586 857 1841 901 summm
1865 840 2018 897 ditii-

354 943 589 1003 cultatis
618 942 711 998 est
737 937 963 996 bellum
994 941 1174 1011 atque
1206 935 1527 994 contentio.
1557 935 1621 989 Et
1642 932 1758 988 hoc
1788 928 2016 1000 signiﬁ-

353 1046 490 1091 care
538 1030 795 1088 arbitror
840 1026 1010 1102 quod
1064 1027 1339 1099 ligantur
1387 1025 1468 1082 eis
1514 1036 1732 1080 manus
1760 1026 1815 1077 et
1841 1019 2018 1089 pedes

352 1121 597 1195 (Matth.
640 1135 776 1187 xxu,
812 1118 920 1191 i3),
951 1116 1014 1174 id
1062 1121 1151 1174 est
1197 1115 1449 1173 facilitas
1500 1112 1700 1169 omnis
1750 1109 2019 1166 aufertur

351 1210 683 1286 operandi;
715 1213 772 1266 et
799 1204 905 1282 qui
931 1207 1091 1264 sitire
1113 1211 1170 1263 et
1200 1206 1424 1263 esurire
1452 1202 1681 1269 volunt,
1714 1203 1771 1256 et
1799 1199 1861 1255 in
1891 1197 2019 1254 libi-

351 1300 559 1361 dinem
608 1297 946 1368 ardescere,
975 1300 1035 1354 et
1070 1292 1407 1366 defatigari,
1438 1295 1503 1349 ut
1532 1291 1784 1348 libenter
1813 1287 2014 1355 edant,

351 1392 409 1447 et
436 1390 671 1459 bibant,
702 1391 760 1443 et
789 1384 1218 1451 concumbant,
1256 1387 1313 1438 et
1350 1378 1673 1446 dormiant,
1703 1381 1913 1434 amant
1934 1376 2019 1431 in-

350 1476 701 1550 digentiam,
727 1473 895 1549 quod
924 1477 1014 1530 est
1039 1471 1276 1529 initium
1300 1482 1682 1527 summorum
1714 1466 2014 1523 dolorum.

349 1564 693 1627 Perﬁcietur
717 1580 860 1636 ergo
880 1563 941 1619 id
962 1562 1130 1638 quod
1146 1564 1374 1631 amant,
1403 1563 1469 1616 ut
1498 1558 1582 1616 ibi
1611 1559 1697 1615 eis
1712 1558 1789 1614 sit
1809 1557 2016 1627 plora-

354 1664 449 1714 tus
469 1663 524 1714 et
543 1653 770 1713 stridor
792 1653 1059 1711 dentium
1081 1651 1460 1723 (Matth.xm,
1480 1650 1566 1721 50)
1593 1667 1605 1704 :
1631 1647 1834 1722 plures
1856 1645 2017 1701 enim

351 1748 492 1803 sunt
512 1742 617 1819 qui
645 1739 772 1801 haec
797 1740 1003 1799 omnia
1023 1742 1167 1798 vitia
1185 1739 1364 1796 simul
1384 1738 1660 1809 diligunt,
1683 1739 1741 1793 et
1754 1748 2016 1809 quorum

2131 573 2191 628 in
2230 570 2472 630 malitia)
2522 588 2649 629 suis
2693 572 2957 629 caecitate
3004 572 3378 645 relinquitur,
3410 572 3589 646 quasi
3634 570 3789 629 intra

2129 662 2519 734 semetipsum
2540 662 2857 731 clauditur,
2871 677 2947 718 ne
2973 660 3249 718 evalendi
3276 661 3480 717 locum
3507 661 3784 729 inveniat,

2124 765 2308 823 quem
2328 751 2596 808 invenire
2616 751 3311 807 minimemeretur.Nam
3336 765 3497 824 saepe
3513 749 3788 806 nonnulli

2124 840 2283 896 exire
2304 854 2341 897 a
2361 841 2565 913 pravis
2584 840 2817 897 actibus
2834 840 3084 913 cupiunt
3108 858 3121 896 :
3143 839 3418 912 sed,quia
3436 839 3788 896 eorumdem

2127 933 2372 985 actuum
2389 930 2656 1002 pondere
2675 934 3048 1003 premuntur,
3064 929 3124 985 in
3143 926 3318 986 malae
3335 928 3787 986 consuetudinis

2126 1034 2363 1075 carcere
2392 1019 2626 1088 inclusi,
2647 1034 2685 1076 a
2713 1020 3046 1093 semetipsis
3076 1019 3236 1076 exire
3260 1033 3385 1075 non
3412 1023 3698 1092 possunt;
3731 1018 3789 1074 et
3894 1064 3895 1073 χ

2124 1108 2373 1182 quidem
2400 1109 2609 1182 culpas
2630 1111 2908 1183 proprias
2928 1109 3141 1182 punire
3164 1109 3606 1183 cupientes,hoc
3617 1106 3789 1181 quod

2124 1203 2283 1254 recte
2311 1215 2375 1254 se
2404 1213 2581 1268 agere
2630 1201 2951 1265 mstimant,
2999 1200 3059 1256 in
3102 1198 3480 1271 gravioribus
3526 1196 3788 1271 peccatis

2127 1290 2232 1356 [al.
2245 1333 2258 1359 ,
2278 1288 2582 1358 graviores
2600 1287 2834 1365 culpas]
2854 1293 3111 1357 vertunt,
3130 1288 3316 1361 ﬁtque
3336 1287 3520 1343 modo
3544 1286 3788 1342 misera-

2126 1374 2250 1436 bili.
2274 1378 2525 1450 utquod
2548 1380 2769 1434 exitum
2802 1383 3019 1451 putant
3046 1379 3161 1434 hoc
3197 1377 3598 1433 inclusionem
3625 1376 3788 1432 inve-

2126 1467 2313 1524 niant.
2347 1468 2440 1524 Sic
2465 1468 2737 1524 videlicet
2773 1469 3063 1540 reprobus
3110 1468 3319 1535 Judas,
3353 1482 3492 1523 cum
3533 1469 3786 1521 mortem

2126 1553 2243 1611 sibi
2271 1550 2480 1612 contra
2517 1562 2832 1628 peccatum
2882 1556 3076 1612 intulit
3114 1556 3356 1627 (Matth.
3383 1569 3571 1624 xxvu,
3603 1554 3677 1622 ti),
3710 1554 3786 1610 ad

2126 1649 2361 1701 aeternas
2392 1646 2600 1701 mortis
2627 1645 2923 1718 supplicia
2952 1645 3238 1718 pervenit,
3271 1649 3329 1700 et
3355 1644 3531 1716 pejus
3553 1643 3630 1699 de
3656 1658 3790 1716 pec-

2125 1738 2257 1790 cato
2289 1733 2583 1806 paenituit,
2616 1748 2803 1806 quam
2852 1734 3141 1807 peccavit.
3190 1733 3455 1803 [Dicatur
3502 1746 3692 1803 ergo:
3723 1732 3791 1788 Si

349 1835 472 1891 vita
500 1838 589 1890 est
626 1837 917 1906 spectare,
951 1830 1331 1901 contendere,
1364 1826 1755 1893 manducare,
1786 1822 2011 1885 bibere,
2045 1846 2088 1902 Β
2124 1825 2436 1881 incluserit
2464 1826 2782 1893 hominem,
2813 1826 3021 1881 nullus
3051 1830 3132 1880 est
3170 1827 3274 1895 qui
3301 1824 3577 1892 aperiat;
3620 1822 3789 1894 quia,

348 1920 769 1993 concumbere,
801 1918 1085 1990 dormire,
1118 1922 1176 1976 et
1211 1920 1275 1974 in
1321 1917 1683 1987 cogitatione
1723 1929 1836 1969 sua
1865 1911 2015 1967 nihil

350 2010 516 2070 aliud
537 2026 725 2086 quam
754 2009 1185 2085 phantasmata
1206 2023 1343 2081 quas
1360 2006 1437 2062 de
1456 2005 1558 2062 tali
1581 2004 1701 2059 vita
1726 2002 2017 2071 colligunt

350 2100 704 2174 amplexari,
736 2104 793 2156 et
835 2113 908 2155 ex
932 2108 1143 2155 eorum
1175 2093 1412 2153 fallacia
1452 2090 1892 2166 superstitionis
1922 2090 2015 2145 vel

346 2184 670 2263 impietatis
686 2187 925 2259 regulas
944 2187 1148 2257 ﬁgere,
1165 2184 1388 2259 quibus
1408 2181 1790 2255 decipiuntur
1813 2183 1870 2234 et
1886 2179 2016 2253 qui.

349 2278 464 2337 bus
491 2276 806 2345 inhaerent,
831 2277 1065 2334 etiamsi
1087 2275 1166 2331 ab
1194 2273 1488 2331 illecebris
1518 2270 1714 2328 carnis
1745 2286 1807 2326 se
1830 2268 2011 2326 abstid

347 2381 491 2425 nere
521 2371 846 2436 conentur;
877 2365 1023 2439 quia
1050 2379 1177 2421 non
1196 2363 1350 2419 bene
1370 2366 1621 2418 utuntur
1644 2358 1868 2415 talento
1899 2356 2014 2413 sibi

348 2454 695 2526 commisso,
726 2452 788 2511 id
818 2459 911 2511 est
934 2454 1152 2510 mentis
1180 2452 1328 2519 acie,
1351 2464 1477 2525 qua
1503 2450 1781 2506 videntur
1798 2461 2013 2503 omnes

347 2546 452 2620 qui
479 2545 638 2603 docti
668 2547 771 2603 aut
799 2542 1017 2600 urbani
1046 2547 1150 2600 aut
1178 2541 1352 2599 faceti
1379 2538 1791 2603 nominantur,
1817 2536 2010 2592 excel-

344 2634 505 2705 lere;
547 2633 653 2691 sed
680 2632 910 2690 habent
937 2644 1074 2689 eam
1116 2632 1183 2688 in
1227 2629 1477 2686 sudario
1527 2627 1861 2697 obligatum
1885 2625 2007 2696 [al.,

350 2719 624 2794 ligatam]
649 2725 755 2779 aut
782 2719 843 2777 in
872 2725 1029 2777 terra
1067 2716 1368 2784 obrutam,
1397 2716 1461 2772 id
1499 2718 1591 2770 est
1630 2711 1920 2769 delicatis.
1954 2714 2013 2764 et

345 2809 670 2884 superﬂuis
700 2809 882 2866 rebus
913 2813 1019 2865 aut
1036 2809 1284 2865 terrenis
1313 2802 1744 2879 cupiditatibus
1772 2798 2009 2856 involu-

341 2902 470 2956 tam
497 2903 555 2955 et
583 2911 981 2972 oppressam:
1007 2896 1392 2967 Ligabuntur
1418 2908 1563 2963 ergo
1590 2893 1681 2949 his
1709 2904 1925 2946 manus
1955 2895 2010 2944 et

340 2987 538 3059 pedes,
572 2994 628 3044 et
653 2987 972 3043 mittentur
998 2985 1061 3042 in
1095 2985 1370 3043 tenebras
1402 2982 1751 3041 exteriores:
1786 2978 1872 3034 ibi
1895 2980 2011 3035 erit

336 3076 618 3148 ploratus
645 3080 701 3133 et
725 3075 953 3131 stridor
975 3074 1241 3131 dentium
1273 3074 1436 3145 (Luc.
1458 3087 1540 3141 1x,
1569 3068 1681 3141 20),
1711 3081 1837 3124 non
1866 3066 2010 3140 quia

2125 1914 2277 1969 sicut
2326 1928 2506 1969 nemo
2557 1914 2790 1969 obsistit
2840 1912 3099 1983 largitati
3143 1912 3433 1981 vocantis,
3464 1911 3544 1966 ita
3585 1910 3794 1966 nullus

2124 1999 2335 2055 obvias
2362 2001 2603 2071 justitiaa
2626 2002 3051 2073 relinquentis;
3079 2001 3384 2057 includere
3408 2000 3609 2072 itaque
3639 1999 3789 2054 dici-

2128 2092 2220 2142 tur
2250 2087 2358 2159 [al.
2386 2089 2485 2144 Dei
2529 2091 2641 2161 est]
2686 2091 2903 2146 clausis
2950 2105 3073 2147 non
3115 2089 3367 2161 aperire.
3399 2088 3564 2145 Unde
3607 2091 3667 2143 et
3709 2087 3789 2143 ad

2124 2179 2366 2249 Moysen
2402 2178 2618 2235 dicitur
2665 2179 2739 2235 de
2784 2181 3130 2237 Pharaone:
3174 2179 3304 2250 Ego
3348 2177 3655 2234 obdurabo
3684 2192 3789 2234 cor

2123 2268 2251 2335 ejus
2281 2268 2498 2338 (Exod.
2532 2285 2611 2333 IV,
2638 2270 2689 2341 7)
2717 2288 2729 2326 :
2766 2269 3069 2325 obdurare
3104 2269 3332 2341 quippe
3360 2282 3468 2341 per
3489 2266 3789 2339 justitiam

2122 2355 2338 2412 dicitur
2381 2359 2535 2414 Deus
2580 2358 2830 2431 quando
2884 2374 2989 2414 cor
3029 2358 3360 2431 reprobum
3398 2372 3507 2429 per
3532 2355 3787 2426 gratiam

2120 2459 2245 2500 non
2275 2445 2537 2511 emollit;
2593 2446 2847 2503 recludit
2893 2447 3098 2519 itaque
3145 2446 3458 2503 hominem
3507 2461 3691 2518 quem
3724 2445 3786 2501 in

2122 2549 2372 2590 suorum
2419 2551 2676 2607 operum
2722 2535 3026 2607 tenebris.]
3057 2535 3532 2593 Manifestissime
3573 2534 3787 2591 beatus

2122 2624 2440 2695 Gregorius
2465 2642 2601 2683 eam
2632 2626 3029 2684 inclusionem
3058 2642 3183 2699 qua
3211 2627 3274 2683 in
3298 2627 3414 2683 hac
3430 2626 3552 2684 vita
3580 2639 3790 2699 pecca-

2120 2720 2282 2771 tores
2328 2717 2540 2773 caacari
2578 2717 2875 2788 adsolent,
2904 2718 3225 2790 prtemissa
3269 2718 3562 2775 sententia
3590 2716 3791 2775 decla-

2118 2803 2294 2860 ravit.
2326 2804 2500 2870 Quod
2526 2806 2974 2863 circumstantia
3018 2808 3221 2878 ejusce
3265 2806 3570 2863 sententiae
3603 2805 3786 2863 indu-

2118 2891 2378 2948 bitanter
2428 2894 2864 2961 demonstrant,
2921 2911 3185 2967 quorum
3243 2895 3587 2952 clausulam
3638 2894 3789 2966 adji-

2120 2981 2397 3038 ciendum
2442 2982 2608 3049 duxi,
2635 2999 2759 3056 quo
2803 2983 3049 3040 evidens
3098 2983 3247 3057 quid
3294 2984 3357 3040 in
3408 2984 3793 3056 praecedente

2120 3071 2414 3128 sententia
2441 3072 2716 3137 senserit,
2745 3072 2871 3129 ﬁat.

339 3162 475 3253 ipsa
521 3160 878 3253 dilexerunt,
907 3162 1044 3253 quis
1074 3161 1256 3253 enim
1302 3161 1419 3219 hoc
1464 3160 1694 3253 diligat,
1729 3156 1836 3213 sed
1863 3155 2011 3253 quia
2037 3190 2083 3253 ο
2191 3160 2506 3253 Gregorius
2546 3161 2914 3253 (Moralium,
2943 3161 2982 3217 l.
3014 3176 3075 3216 x1
3105 3177 3240 3235 cap.
3274 3161 3349 3232 5).
3384 3160 3590 3253 [Quasi
3619 3161 3789 3253 enim

339 3248 441 3312 illa
458 3269 594 3328 quae
610 3250 948 3311 dilexerunt
962 3250 1127 3308 initia
1148 3250 1402 3308 istorum
1415 3252 1647 3317 sunt,et
1669 3245 2008 3303 necessario
2043 3245 2074 3253 '
2120 3248 2352 3320 aperire
2382 3249 2542 3305 hanc
2590 3248 2992 3305 inclusionem
3023 3264 3163 3305 cum
3194 3253 3360 3306 Isaac
3384 3250 3791 3323 primogenita

339 3340 653 3401 dilectores
684 3356 830 3399 suos
880 3341 957 3399 ad
984 3340 1101 3398 ista
1128 3340 1508 3414 perducunt;
1547 3337 1653 3411 qui
1682 3336 1846 3392 enim
1878 3346 2007 3389 ma~

340 3431 429 3504 gis
455 3435 664 3489 amant
691 3429 775 3489 ire
805 3444 991 3504 quam
1032 3429 1248 3501 redire,
1282 3433 1387 3486 aut
1423 3427 1757 3501 pervenire,
1787 3424 1852 3480 in
1879 3423 2008 3479 lon-

340 3518 659 3592 ginquiora
700 3516 974 3576 mittendi
1022 3522 1181 3586 sunt,
1217 3519 1509 3586 Quoniam
1557 3528 1699 3574 caro
1746 3520 1908 3585 sunt,
1954 3519 2011 3571 et

337 3608 587 3679 spiritus
609 3605 948 3676 ambulans,
983 3614 1037 3665 et
1068 3624 1187 3664 non
1226 3612 1528 3664 revertens
1566 3605 1758 3675 (Psal.
1793 3618 2007 3674 Lxxvu,

340 3697 449 3771 39).
480 3696 591 3764 Qui
616 3712 756 3754 vero
784 3697 939 3754 bene
967 3701 1217 3754 utuntur
1235 3696 1331 3752 vel
1349 3697 1496 3769 ipsis
1526 3694 1800 3768 quinque
1827 3693 2011 3749 sensi-

338 3784 455 3844 bus
505 3788 774 3861 corporis
815 3787 894 3844 ad
943 3785 1245 3843 credenda
1289 3789 1347 3842 et
1393 3783 1788 3858 praedicanda
1826 3796 2011 3855 opera

339 3876 461 3949 Del,
494 3880 551 3933 et
575 3875 961 3933 nutriendam
992 3875 1342 3932 charitatem
1372 3874 1567 3948 ipsius
1583 3872 1682 3928 vel
1703 3871 1935 3928 actione
1956 3875 2013 3927 et

337 3964 699 4037 cognitione,
750 3964 829 4023 ad
876 3964 1325 4039 paciﬁcandam
1380 3966 1661 4021 naturam
1722 3977 1897 4017 suam
1953 3966 2011 4018 et

338 4053 828 4128 cognoscendum
862 4058 1070 4123 Deum,
1107 4054 1333 4111 intrant
1355 4053 1417 4110 in
1445 4052 1737 4124 gaudium
1772 4051 2009 4107 Domini

339 4144 449 4201 sui.
483 4146 807 4218 Propterea
837 4144 1152 4209 talentum,
1180 4143 1351 4216 quod
1389 4142 1548 4199 male
1588 4141 1775 4197 utenti
1818 4139 2009 4196 aufer-

336 4236 456 4300 tur,
482 4232 566 4288 illi
594 4232 773 4289 datur
807 4232 913 4305 qui
957 4230 1191 4288 talentis
1240 4232 1509 4305 quinque
1557 4229 1712 4287 bene
1741 4246 1889 4286 usus
1918 4234 2011 4287 est

338 4320 579 4395 (Matth.
612 4334 755 4386 xxv,
786 4322 901 4391 29),
933 4335 1058 4377 non
1090 4320 1235 4393 quia
1277 4320 1586 4378 transferri
1632 4324 1832 4393 potest
1872 4335 2010 4377 acu-

337 4420 481 4466 men
522 4408 941 4479 intelligentite,
975 4410 1083 4466 sed
1129 4409 1212 4467 ita
1259 4408 1663 4481 signiﬁcatum
1692 4412 1784 4465 est
1823 4424 2007 4483 posse

338 4494 455 4553 hoc
484 4494 756 4554 amittere
785 4497 1179 4569 negligentes,
1213 4503 1271 4556 et
1293 4498 1512 4573 impios
1545 4497 1918 4569 ingeniosos,
1950 4503 2007 4554 et

339 4585 419 4643 ad
449 4601 585 4643 eam
613 4587 927 4659 pervenire
952 4586 1285 4659 diligentes,
1318 4592 1375 4644 et
1402 4587 1555 4661 pios,
1588 4587 1868 4661 quamvis
1915 4588 2005 4643 in-

339 4673 517 4747 genio
549 4674 859 4733 tardiores.
895 4679 1020 4734 Non
1047 4678 1207 4734 enim
1256 4677 1467 4734 datum
1519 4681 1607 4733 est
1647 4675 1795 4732 illud
1823 4676 2010 4733 talen-

336 4768 468 4822 tum
497 4762 551 4821 ei
582 4764 684 4836 qui
716 4771 1027 4840 acceperat
1056 4768 1180 4825 duo
1213 4767 1419 4837 (habet
1457 4768 1618 4823 enim
1648 4768 1705 4822 et
1733 4767 1870 4831 hoc,
1901 4767 2008 4840 qui

339 4852 471 4926 jam
495 4848 559 4909 in
588 4850 823 4912 actione
874 4857 931 4912 et
981 4856 1043 4912 in
1072 4855 1414 4927 cognitione
1440 4855 1594 4912 bene
1623 4854 1786 4927 vivit)
1819 4855 1925 4911 sed
1954 4855 2009 4912 ei

336 4942 443 5016 qui
486 4949 800 5018 acceperat
848 4944 1138 5019 quinque.
1172 4946 1453 5002 Nondum
1502 4945 1665 5002 enim
1701 4944 1886 5001 habet
1930 4945 2009 5001 ad

339 5034 576 5087 internas
606 5033 1077 5107 contemplanda
1121 5030 1407 5091 idoneam
1437 5033 1654 5091 mentis
1686 5035 1876 5090 aciem
1902 5034 2009 5106 qui

337 5116 672 5175 visibilibus
715 5124 973 5192 tantum,
1021 5122 1085 5179 id
1132 5128 1220 5180 est
1273 5122 1729 5196 temporalibus,
1778 5123 2004 5192 credit;

335 5208 562 5265 habere
605 5213 822 5281 potest,
877 5211 983 5283 qui
1024 5212 1244 5269 horum
1297 5213 1576 5269 omnium
1630 5211 2008 5269 sensibilium

338 5297 529 5354 Deum
560 5297 851 5356 artiﬁcem
898 5298 1126 5369 laudat,
1161 5306 1217 5358 et
1254 5318 1394 5358 eum
1425 5301 1751 5374 persuadet
1777 5301 1917 5372 ﬁde,
1951 5305 2009 5358 et

337 5390 571 5460 spectat
599 5403 728 5460 spe,
770 5391 827 5445 et
852 5388 1076 5461 quaerit
1112 5390 1420 5448 charitate.
1455 5390 1771 5462 Gregorius
1803 5395 2005 5448 autem

336 5470 399 5530 in
426 5474 581 5533 libro
610 5492 669 5532 χι
699 5477 1030 5549 Moralium,
1060 5494 1194 5552 cap.
1231 5484 1283 5536 5.

409 5565 500 5635 [Si
509 5567 824 5623 incluserit
837 5567 1365 5633 hominem,nullus
1382 5574 1467 5626 est
1481 5570 1589 5641 qui
1601 5570 2001 5642 aperiat(Job.

338 5664 439 5719 xu,
478 5650 565 5725 14)
590 5671 602 5709 :
631 5655 776 5727 quia
805 5656 1004 5712 omnis
1035 5656 1221 5714 homo
1248 5674 1356 5731 per
1380 5657 1440 5714 id
1473 5660 1639 5731 quod
1671 5659 1829 5716 male
1861 5658 2002 5731 agit,

344 5739 494 5808 quid
513 5741 629 5796 sibi
647 5742 812 5798 aliud
827 5760 1016 5815 quam
1037 5746 1416 5803 conscientiae
1443 5765 1566 5804 suae
1593 5764 1896 5805 carcerem
1922 5748 2006 5805 fa-

339 5822 439 5888 cit,
455 5828 524 5883 ut
540 5825 704 5884 hunc
720 5830 938 5887 animus
958 5832 1063 5901 [al.
1089 5834 1298 5904 animi]
1310 5840 1510 5894 reatus
1526 5842 1779 5910 premat,
1797 5838 2006 5897 etiam-

2117 3336 2244 3393 filio
2273 3337 2475 3405 voluit,
2497 3354 2636 3395 cum
2664 3339 2827 3395 hunc
2857 3340 3021 3396 fratri
3052 3354 3400 3413 praeponere
3430 3338 3785 3396 benedicen-

2120 3427 2200 3483 do
2221 3431 2478 3484 conatus
2510 3433 2635 3497 est;
2670 3429 2777 3485 sed
2801 3428 2991 3486 ﬁlium
3021 3444 3205 3503 quem
3245 3433 3414 3503 pater
3437 3429 3646 3497 voluit,
3674 3429 3790 3485 Do-

2120 3518 2324 3573 minus
2351 3518 2713 3591 reprobavit,
2746 3523 2805 3575 et
2831 3535 3016 3592 quem
3048 3523 3337 3576 Dominus
3382 3519 3585 3588 voluit,
3618 3523 3792 3592 pater

2118 3607 2301 3663 etiam
2330 3608 2597 3665 nolendo
2625 3609 2959 3666 benedixit:
3008 3614 3073 3667 ut
3097 3609 3200 3682 qui
3227 3609 3356 3682 jam
3385 3609 3793 3683 primogenita

2120 3696 2283 3752 fratri
2326 3711 2435 3769 pro
2464 3712 2607 3755 esca
2630 3698 3007 3766 vendiderat,
3037 3698 3580 3772 primogenitorum
3607 3698 3791 3754 bene-

2118 3784 2445 3841 dictionem
2492 3800 2615 3842 non
2647 3786 2960 3860 acciperet,
2993 3802 3183 3860 quam
3214 3802 3286 3843 ex
3317 3787 3600 3860 cupidine
3629 3787 3790 3859 gulae

2117 3873 2459 3945 reliquisset
2483 3892 2496 3943 ;
2524 3875 2629 3947 qui
2658 3880 2894 3932 terrena
2916 3876 3213 3943 ambiens,
3237 3876 3483 3947 fugitiva
3504 3890 3789 3950 sequens,

2117 3962 2471 4019 hiereditare
2497 3964 2747 4037 cupiens
2777 3964 3281 4037 benedictionem,
3300 3965 3657 4040 reprobatus
3676 3969 3786 4022 est.

2119 4056 2247 4109 Non
2275 4053 2437 4109 enim
2486 4053 2709 4110 invenit
2749 4055 3113 4126 poenitentia;
3144 4055 3386 4125 locum;
3432 4070 3790 4129 quanquam

2120 4157 2259 4197 cum
2316 4142 2602 4216 lacrymis
2663 4143 3007 4217 inquisisset
3066 4160 3237 4214 eam;
3312 4146 3457 4218 quia
3514 4145 3794 4202 videlicet

2120 4231 2381 4288 fructum
2430 4247 2554 4288 non
2597 4233 2825 4290 habent
2865 4233 3129 4290 lamenta
3176 4250 3313 4308 quin
3362 4236 3612 4293 strident
3649 4250 3793 4291 cum

2122 4323 2350 4391 gemitu
2397 4322 2740 4379 desiderare
2789 4324 3076 4396 peritura.
3106 4325 3348 4398 Aperire
3389 4325 3591 4398 itaque
3622 4328 3793 4381 Isaac

2065 4476 2070 4481 ξ
2118 4426 2231 4467 nec
2259 4410 2382 4467 ﬁlio
2412 4412 2623 4484 potuit,
2659 4428 2841 4484 quem
2894 4414 3050 4469 Deus
3093 4415 3479 4487 omnipotens
3501 4415 3666 4487 justo
3691 4414 3792 4486 ju-

2120 4500 2278 4556 dicio
2319 4500 2381 4556 in
2430 4512 2552 4557 suas
2609 4501 2853 4558 malitia;
2894 4517 3129 4559 carcere
3173 4503 3455 4575 inclusit].
3482 4504 3517 4570 ἰ’
3549 4503 3681 4571 Sed,
3712 4517 3794 4559 ne

2122 4590 2529 4646 contentiosus
2545 4591 2894 4665 obstrepere
2911 4592 3162 4666 deligas,
3189 4592 3509 4650 videamus
3541 4594 3793 4650 alteram

2120 4680 2251 4750 ejus
2282 4679 2642 4736 sententiam
2673 4696 2747 4737 ex
2775 4682 3025 4739 homilia
3066 4682 3392 4753 Evangelii,
3425 4698 3549 4756 qua
3576 4696 3791 4757 poenas

2124 4768 2392 4836 corporis
2439 4785 2759 4842 corporeae
2803 4770 3063 4841 judicari
3111 4771 3315 4828 nullus
3361 4772 3649 4843 ambigat.
3697 4772 3791 4829 Ait

2120 4857 2290 4913 enim
2329 4859 2645 4928 Gregorius
2674 4859 2917 4930 (Homil.
2950 4861 3060 4933 38).
3096 4863 3422 4933 [Ligantur
3445 4864 3586 4919 tunc
3608 4861 3791 4933 pedes

2119 4953 2175 5003 et
2201 4961 2417 5003 manus
2473 4948 2713 5015 (Matth.
2742 4965 2886 5018 xxu,
2921 4953 3002 5019 i3)
3046 4966 3155 5023 per
3183 4951 3619 5009 districtionem
3663 4967 3793 5008 sen-

2118 5037 2337 5108 tentias,
2367 5038 2473 5110 qui
2505 5038 2688 5095 modo
2720 5054 2756 5096 a
2785 5041 2985 5112 pravis
3021 5041 3307 5114 operibus
3352 5042 3522 5113 ligari
3582 5040 3791 5098 nolue-

2114 5130 2257 5182 runt
2303 5138 2411 5199 per
2457 5127 2935 5185 meliorationem
2962 5129 3113 5186 vitae.
3145 5130 3246 5187 Vel
3276 5135 3437 5188 certo
3475 5136 3619 5189 tunc
3646 5131 3793 5203 ligat

2120 5231 2323 5288 poena,
2357 5232 2513 5289 quos
2545 5217 2730 5274 modo
2759 5234 2795 5274 a
2820 5218 2997 5275 bonis
3027 5219 3314 5293 operibus
3345 5219 3525 5292 ligavi
3568 5221 3747 5294 culpa
3774 5239 3789 5287 ;

2116 5305 2302 5378 pedes
2328 5304 2495 5361 enim
2526 5306 2632 5379 qui
2662 5306 2901 5363 visitare
2927 5323 3156 5378 aegrum
3204 5309 3537 5380 negligunt,
3570 5324 3792 5367 manus

2118 5409 2253 5466 quae
2301 5394 2453 5450 nihil
2497 5395 2906 5466 indigentibus
2952 5397 3242 5468 tribuunt,
3302 5415 3337 5456 a
3394 5399 3559 5456 bono
3615 5414 3790 5474 opere
3886 5402 3894 5425 ‘

2113 5484 2242 5555 jam
2302 5498 2374 5539 ex
2423 5484 2732 5542 voluntate
2782 5485 2981 5557 ligata
3036 5492 3192 5544 sunt.
3245 5488 3359 5555 Qui
3425 5504 3570 5559 ergo
3632 5505 3790 5547 nunc

2119 5577 2332 5646 sponte
2361 5573 2626 5644 ligantur
2655 5575 2717 5630 in
2763 5575 2928 5643 vitio,
2964 5581 3106 5633 tunc
3149 5576 3211 5634 in
3262 5577 3558 5652 supplicio
3604 5579 3794 5650 ligan-

2115 5666 2213 5719 tur
2240 5662 2456 5719 invite:
2491 5662 2645 5720 bene
2674 5667 2878 5721 autem
2910 5664 3128 5722 dicitur
3158 5667 3331 5740 quod
3369 5670 3432 5724 in
3472 5670 3792 5726 exteriores

2120 5753 2391 5809 tenebras
2401 5756 2771 5825 projiciatur
2782 5767 2804 5827 ,°
2841 5754 3151 5813 interiores
3169 5756 3395 5832 quippe
3415 5758 3693 5816 tenebras
3713 5758 3793 5814 di-

2129 5844 2326 5899 cimus
2354 5842 2683 5903 caecitatem
2735 5845 2956 5918 cordis,
2990 5847 3307 5906 exteriores
3333 5862 3476 5907 vero
3519 5849 3795 5907 tenebras
