3950 6376
207 283 346 340 127⁸7

205 503 384 555 natus
414 497 673 571 quisque
700 509 824 552 non
862 495 920 551 in
957 496 1287 566 interiores,
1321 496 1426 552 sed
1450 496 1513 552 in
1549 494 1872 552 exteriores

203 586 486 645 tenebras
529 585 800 646 mittitur,
843 585 992 657 quia
1029 585 1145 641 illic
1188 586 1408 642 invitus
1459 584 1771 658 projicitur
1811 582 1872 638 in

199 681 445 733 noctem
464 673 900 740 damnationis,
923 675 1028 746 qui
1049 675 1142 730 his
1157 680 1373 748 sponte
1391 674 1602 730 cecidit
1620 673 1682 728 in
1697 671 1871 728 eieci-

199 770 391 824 tatem
417 763 635 821 cordis.
668 764 782 821 Ubi
793 766 972 834 ﬂetus
993 777 1237 837 quoque
1277 771 1330 821 et
1357 764 1586 820 stridor
1602 763 1870 818 dentium

204 871 340 912 esse
365 853 732 928 perhibetur,
751 857 816 909 ut
837 852 1174 909 illicdentes
1200 854 1509 921 strideant,
1526 852 1632 926 qui
1668 851 1765 906 hic
1793 850 1870 907 de

204 943 497 1001 edacitate
512 942 882 1013 gaudebant;
898 941 1014 999 illic
1029 942 1188 998 oculi
1212 943 1494 1008 deﬂeant,
1508 941 1614 1014 qui
1642 941 1738 996 hic
1762 955 1870 1012 per

198 1033 438 1090 illicitas
483 1032 1006 1105 concupiscentiae
1054 1031 1461 1089 versabantur
1502 1031 1561 1087 in
1592 1031 1864 1087 mundo:

199 1128 508 1196 quatenus
522 1122 761 1190 singula
781 1138 1042 1194 qumque
1064 1123 1342 1178 membra
1356 1121 1650 1194 supplicio
1667 1121 1869 1192 subja-

199 1217 397 1279 ceant,
428 1228 563 1286 quae
583 1213 683 1268 hic
713 1212 965 1283 singulis
1005 1213 1349 1285 quibusque
1391 1211 1548 1267 vitiis
1596 1209 1868 1281 subjecta

201 1304 586 1376 serviebant].
609 1305 652 1375 -ι-
683 1303 845 1358 idem
869 1303 931 1357 in
961 1303 1307 1371 Moralibus,
1340 1303 1441 1359 lib.
1474 1318 1576 1371 xu,
1609 1316 1745 1373 cap.
1773 1305 1862 1356 20.

275 1392 616 1466 [Superbire
647 1393 806 1448 enim
838 1392 1088 1448 minime
1118 1392 1446 1457 debuisset,
1471 1389 1702 1447 etiamsi
1757 1404 1866 1445 an-

200 1495 422 1536 norum
457 1497 701 1537 suorum
723 1495 1043 1536 numerum
1063 1486 1292 1538 certum
1322 1481 1543 1536 habere
1572 1480 1868 1553 potuisset

1179 283 1270 338 DE
1303 276 1985 338 PRIEDESTINATIONI
2011 281 2297 342 CONTRA
2323 286 2370 346 Ι.
2407 289 2682 349 εοοτυλί

209 413 496 466 aeternam
545 408 788 463 noctem
826 405 1259 464 damnationis.
1307 410 1470 463 Tunc
1510 420 1657 475 ergo
1704 404 1880 459 dam-

3504 304 3642 362 ωε

1985 422 2137 477 quas
2163 411 2329 481 fecit,
2357 415 2473 471 hoc
2501 418 2768 476 maxime
2801 420 2981 477 nobis
3011 423 3521 485 considerandum
3555 435 3643 488 est

1982 498 2147 568 quia,
2178 517 2315 560 cum
2349 506 2514 563 mala
2543 509 3000 582 committimus,
3041 513 3173 570 sine
3195 529 3384 573 causa
3413 518 3490 574 ad
3518 533 3642 576 me-

1982 589 2240 679 moriam
2251 593 2415 652 bona
2436 601 2638 654 nostra
2655 603 2956 658 transacta
2966 609 3642 679 revocamus,quoniam

1978 677 2043 735 in
2064 686 2507 755 perpetratione
2528 689 2829 746 maiorum
2859 692 3026 749 nulla
3051 693 3234 750 debet
3261 677 3393 752 esse
3418 695 3641 757 fiducia

1980 767 2283 828 bonorum
2315 778 2771 847 praeteritorum.
2803 781 2917 836 Sed
2964 783 3154 854 quaeri
3197 786 3396 856 potest
3434 790 3638 845 utrum

1974 858 2159 928 justo,
2193 869 2519 937 postquam
2560 868 2862 932 ceciderit,
2909 870 3369 942 praedicandum
3399 874 3511 943 sit;
3559 891 3637 934 an

1980 952 2037 1004 et
2064 950 2420 1024 priusquam
2450 957 2646 1023 cadat,
2675 958 2982 1028 invigilare
3013 961 3370 1032 praedicator
3394 963 3636 1034 debeat,

1977 1051 2054 1093 ne
2087 1039 2163 1094 ad
2190 1054 2399 1097 casum
2427 1045 2668 1114 veniat;
2696 1048 2908 1119 procul
2936 1047 3124 1104 dubio
3181 1054 3239 1106 et
3275 1051 3635 1126 priusquam

1977 1127 2174 1185 cadat.
2206 1133 2354 1185 Nam
2385 1134 2693 1205 sequitur:
2723 1137 2792 1192 Si
2817 1143 3017 1194 autem
3051 1145 3119 1195 tu
3171 1143 3635 1203 annuntiaveris

1967 1220 2136 1288 justo
2163 1226 2230 1275 ut
2253 1236 2373 1277 non
2402 1231 2602 1293 peccet
2641 1229 2868 1295 justus,
2895 1234 2953 1284 et
2978 1230 3085 1285 ille
3124 1245 3247 1286 non
3271 1235 3634 1300 peccaverit,

1976 1310 2181 1365 vivens
2208 1313 2386 1376 vivet,
2415 1314 2558 1384 quia
2587 1318 2973 1373 annuntiasti
3001 1321 3089 1375 ei:
3145 1326 3212 1374 tu
3265 1328 3467 1379 autem
3498 1327 3634 1380 ani-

1972 1408 2133 1450 mam
2165 1401 2330 1452 tuam
2366 1398 2637 1455 liberasti
2663 1400 2899 1467 (Ezech.
2949 1418 3030 1468 ni,
3060 1405 3148 1471 21,
3193 1406 3351 1477 eto.).
3403 1407 3460 1462 Si
3489 1424 3635 1480 ergo

1975 1483 2334 1554 praedicator
2360 1486 2497 1543 ideo
2520 1489 2790 1546 animam
2816 1506 2990 1548 suam
3011 1492 3304 1565 liberavit,
3332 1495 3478 1567 quia
3501 1497 3634 1568 jus-

198 1575 284 1635 ut,
314 1571 507 1628 sciens
549 1575 847 1644 quantum
878 1572 1116 1639 viveret,
1174 1571 1478 1644 praesciret
1524 1569 1772 1642 quando
1800 1586 1864 1626 se
1973 1576 2035 1628 to
2053 1587 2130 1628 ne
2161 1579 2437 1645 peccaret
2475 1579 2875 1644 annuntiavit,
2906 1596 3047 1636 cum
3073 1583 3273 1652 justus
3311 1584 3391 1639 ad
3419 1601 3634 1657 pecca-

199 1660 282 1716 ab
312 1660 568 1718 elatione
595 1665 949 1717 removeret.
972 1665 1059 1726 At,
1093 1665 1418 1734 postquam
1442 1675 1712 1732 praesens
1742 1659 1864 1715 vita
1973 1667 2101 1717 tum
2132 1664 2523 1734 praedicatore
2540 1671 2771 1724 tacente
2791 1670 3088 1740 ceciderit,
3106 1670 3638 1747 prtedicator,quia

191 1765 436 1822 semper
462 1751 687 1808 incerta
716 1754 992 1817 est,tanto
1025 1767 1262 1821 semper
1311 1765 1472 1806 mors
1519 1748 1862 1820 subripiens
1890 1751 1938 1807 Β
1976 1753 2178 1818 tacuit,
2214 1767 2351 1807 reus
2410 1758 2657 1812 tenetur.
2695 1758 2810 1814 Sed
2840 1760 2997 1831 quis,
3028 1775 3200 1830 rogo,
3233 1767 3506 1818 nostrum
3555 1764 3635 1820 ad

194 1839 391 1894 timeri
413 1839 612 1902 debet,
639 1844 868 1911 quanto
895 1853 1211 1913 nunquam
1242 1839 1554 1912 praevideri
1581 1837 1862 1894 valet.Be-
1974 1841 2103 1895 haec
2151 1841 2408 1900 sufficiat
2458 1849 2520 1900 ut
2549 1860 2672 1900 non
2717 1847 2913 1902 solum
2966 1854 3311 1920 peccatores
3366 1853 3632 1910 studiose

191 1942 270 1982 ne
287 1932 490 1985 autem
520 1928 869 2002 superbiam
901 1929 1070 2001 impii
1094 1928 1480 2001 tyrannidem
1493 1931 1665 1982 vocat
1690 1945 1702 1994 ;
1726 1943 1862 1999 pro-
1972 1929 2274 2002 corripiat,
2306 1932 2414 1987 sed
2440 1933 2621 1988 etiam
2641 1935 2663 2005 j
2674 1936 2818 1992 ustis
2837 1936 3103 2006 invigilet
3131 1954 3205 1994 ne
3230 1939 3495 1997 cadant?
3519 1957 3634 1998 nos

191 2017 325 2091 prie
357 2018 518 2074 enim
551 2024 850 2091 tyrannus
880 2018 1098 2074 dicitur
1123 2019 1226 2090 qui
1260 2018 1320 2073 in
1348 2017 1515 2073 omni
1554 2017 1862 2089 republica
1970 2019 2152 2080 enim.
2186 2019 2547 2077 inﬁrmitatis
2569 2027 2789 2080 nostrae
2809 2027 3054 2096 conscii,
3085 2043 3224 2083 cum
3253 2029 3443 2096 iustos
3472 2029 3634 2086 viros

188 2122 318 2163 non
344 2108 478 2179 jure
508 2107 914 2180 principatur:
942 2107 1047 2162 sed
1081 2108 1392 2163 sciendum
1417 2111 1522 2176 est,
1554 2107 1698 2178 quia
1729 2123 1860 2161 om-
1971 2107 2400 2181 conspicimus,
2424 2110 2752 2168 admonere
2783 2129 2887 2170 eos
2923 2129 3048 2170 non
3100 2117 3529 2188 praesumimus
3565 2123 3632 2176 ut

187 2197 286 2253 nis
317 2197 618 2271 superbus
636 2198 808 2269 juxta
837 2198 1092 2253 modum
1133 2197 1446 2270 proprium
1476 2196 1858 2268 tyrannidem
1966 2199 2209 2270 justitiee
2240 2199 2404 2256 viam
2437 2206 2902 2276 teneant,quam
2925 2205 3069 2277 quia
3098 2210 3300 2262 tenent
3327 2208 3627 2280 videmus,

185 2294 448 2344 exercet.
487 2291 635 2344 Nam
675 2287 840 2360 quod
895 2302 1340 2359 nonnunquam
1402 2287 1554 2342 alius
1598 2287 1660 2340 in
1689 2301 1898 2357 repu-r
1969 2293 2027 2343 et
2054 2293 2260 2343 tamen
2290 2290 2703 2360 praedicatoris
2757 2297 2846 2349 est
2893 2293 3166 2350 debitum
3223 2295 3400 2352 etiam
3427 2298 3628 2367 justos

183 2375 369 2438 blica,
398 2377 514 2432 hoc
545 2379 634 2432 est
660 2392 768 2448 per
811 2381 1124 2448 acceptam
1175 2375 1488 2445 dignitatis
1528 2374 1858 2446 potentiam
1969 2377 2320 2433 admonere.
2348 2379 2512 2435 Unde
2544 2380 2902 2452 praedicator
2917 2385 3193 2453 egregius
3213 2384 3488 2442 dicebat:
3517 2387 3627 2444 Sa-

185 2465 344 2521 alius
362 2465 422 2522 in
436 2465 1005 2539 provincia.aliusin
1021 2465 1511 2531 civitate,aliusin
1527 2464 1860 2536 domopro—
1960 2467 2266 2537 pientibus
2290 2473 2347 2524 et
2378 2469 2798 2539 insipientibus
2819 2473 3052 2529 debitor
3083 2489 3213 2530 sum
3245 2475 3433 2544 (Rom.
3467 2477 3626 2548 ωλι).

179 2555 501 2628 pria,alius
516 2572 622 2630 per
646 2557 929 2613 latentem
946 2557 1276 2628 nequitiam
1299 2556 1411 2611 hoc
1439 2560 1672 2611 exercet
1692 2553 1857 2626 apud

182 2645 328 2701 sein
358 2646 716 2716 cogitatione
736 2662 884 2714 sua;
916 2662 1026 2702 nec
1053 2646 1315 2702 intuetur
1341 2646 1628 2702 Dominus
1660 2659 1855 2717 quan-

183 2737 322 2791 tum
345 2735 602 2809 quisque
646 2735 787 2792 mali
817 2736 1016 2793 valeat
1044 2735 1261 2800 facere,
1295 2736 1400 2792 sed
1430 2740 1727 2808 quantum
1759 2751 1856 2790 ve-

181 2821 256 2878 lit
281 2841 295 2891 ;
325 2826 398 2889 et,
432 2841 570 2880 cum
602 2825 768 2880 deest
794 2829 1058 2898 potestas
1091 2824 1254 2893 foris,
1276 2824 1439 2896 apud
1467 2841 1527 2879 se
1559 2828 1852 2895 tyrannus

181 2915 278 2968 est
310 2912 405 2968 cui
459 2913 744 2986 iniquitas
796 2914 1144 2969 dominatur
1169 2915 1360 2980 intus;
1390 2914 1536 2985 quia
1563 2913 1670 2968 etsi
1701 2917 1856 2968 exte-

179 3002 312 3058 rius
333 3019 457 3060 non
489 3002 678 3072 afﬁgit
723 3004 1057 3076 proximos,
1103 3003 1458 3058 intrinsecus
1502 3008 1705 3058 tamen
1748 3003 1853 3058 ha-

1943 2557 2034 2611 lin
2064 2557 2157 2612 his
2184 2573 2327 2612 vero
2353 2559 2660 2622 omnibus,
2694 2576 2831 2632 quae
2858 2562 2932 2617 de
2951 2562 3114 2632 justo
3146 2563 3223 2620 ad
3249 2563 3626 2636 iniquitatem

1965 2662 2258 2702 converso
2287 2645 2447 2702 dicta
2467 2653 2629 2711 sunt,
2651 2649 2767 2704 hoc
2787 2654 2876 2706 est
2887 2649 3261 2707 laboriosum
3283 2651 3361 2708 ad
3379 2652 3630 2726 loquen-

1963 2736 2135 2804 dum,
2175 2736 2291 2791 hoc
2338 2735 2513 2792 valde
2543 2737 3088 2809 pertimescendum
3138 2740 3305 2812 quod
3338 2743 3627 2799 Dominus

1963 2826 2143 2881 dicit:
2177 2827 2408 2882 Ponam
2439 2827 2869 2896 o/fendiculum
2913 2845 3118 2886 coram
3160 2845 3246 2887 eo.
3293 2831 3385 2887 Ait
3412 2833 3574 2889 enim
3607 2849 3622 2888 :

1962 2915 2033 2970 Si
2051 2928 2369 2971 conversus
2379 2917 2582 2984 justus
2612 2932 2648 2972 a
2667 2919 2913 2986 justitia
2954 2933 3065 2975 sua
3092 2920 3306 2989 fecerit
3335 2921 3626 2993 iniquita-

1963 3009 2100 3074 tem,
2129 3018 2349 3072 ponam
2374 3005 2804 3072 oﬂ'endiculum
2826 3022 3028 3063 coram
3058 3009 3376 3079 eo(Ezech.
3402 3026 3483 3079 m,
3508 3012 3622 3075 20).

173 3090 326 3149 bere
355 3097 716 3166 potestatem
747 3094 974 3166 appetit
994 3097 1060 3148 ut
1087 3092 1317 3152 afﬂigat
1342 3108 1354 3146 :
1404 3094 1460 3147 et
1483 3091 1850 3184 quiacmni-
1877 3127 1920 3184 ο
1963 3092 2282 3184 ξίοεῌθιὶω
2312 3091 2570 3146 dicimus
2598 3094 2763 3165 quia,
2792 3095 2841 3184 si
2874 3095 3251 3184 iniquitatem
3282 3096 3502 3165 fecerit,
3534 3097 3625 3154 of-

171 3187 399 3255 potens
423 3187 576 3238 Deus
607 3182 790 3239 corda
814 3186 1049 3256 pensat,
1074 3182 1204 3252 jam
1255 3181 1315 3236 in
1360 3181 1489 3251 ejus
1520 3180 1708 3236 oculis
1738 3181 1847 3236 im-

167 3272 321 3346 pius
344 3270 480 3326 fecit
525 3271 692 3343 quod
720 3271 1023 3341 cogitavit.
1076 3270 1167 3325 Ad
1198 3270 1313 3325 hoc
1341 3273 1544 3325 autem
1576 3270 1850 3326 conditor

163 3364 387 3416 noster
406 3357 588 3414 latere
615 3374 728 3414 nos
773 3359 960 3414 voluit
989 3359 1175 3414 ﬁnem
1227 3363 1528 3424 nostrum,
1565 3363 1652 3426 ut,
1698 3358 1847 3413 dum

161 3447 384 3504 incerti
412 3464 623 3504 sumus
655 3448 903 3522 quando
931 3448 1288 3513 moriamur,
1321 3463 1562 3520 semper
1593 3447 1671 3503 ad
1688 3463 1850 3503 mor-

165 3541 300 3592 tem
352 3536 547 3608 parati
590 3536 844 3592 inveniri
898 3537 1230 3592 debeamus
1263 3537 1365 3607 [αι.
1423 3535 1845 3605 inveniamur].

170 3623 346 3680 Unde
369 3628 525 3680 recte
555 3631 885 3697 postquam
909 3626 1136 3680 dictum
1167 3629 1255 3680 est
1284 3641 1296 3680 :
1348 3625 1595 3682 Cunctis
1643 3625 1850 3680 diebus

166 3715 301 3770 suis
322 3715 544 3784 impius
571 3715 864 3785 superbit,
897 3715 1194 3784 adjungit,
1245 3720 1300 3771 et
1329 3729 1614 3770 numerus
1661 3730 1850 3770 anno-

170 3819 314 3860 rum
353 3805 620 3861 incertus
649 3811 734 3861 est
767 3806 1118 3876 tyrannidis
1149 3808 1278 3875 ejus
1311 3805 1442 3876 (Job
1486 3821 1589 3870 xv,
1627 3809 1741 3870 20).
1768 3809 1847 3862 Ac

171 3891 224 3948 si
248 3897 452 3964 aperte
483 3893 816 3950 diceretur:
843 3893 962 3949 Cur
986 3894 1162 3966 quasi
1211 3893 1286 3948 de
1318 3898 1478 3949 certo
1523 3893 1845 3959 cxtollitur,

171 3982 350 4053 cujus
371 3982 490 4039 vita
512 3983 625 4039 sub
648 3983 1246 4056 pmnaincertitudini
1277 3988 1512 4039 tenetur
1529 3986 1558 4040 ‘2
1585 3984 1699 4040 Sed
1720 4000 1848 4039 om-

166 4070 451 4144 nipotens
479 4075 630 4129 Deus
661 4089 841 4146 prave
873 4073 1192 4142 agentibus
1222 4087 1346 4127 non
1395 4072 1589 4127 solum
1637 4077 1845 4129 ventu-

164 4175 239 4216 ra
271 4160 566 4233 supplicia
586 4165 872 4229 reservat,
905 4162 1010 4217 scd
1054 4176 1267 4217 eorum
1297 4161 1511 4227 corda,
1536 4161 1634 4216 hic
1663 4161 1842 4217 etiam

165 4247 276 4304 ubi
305 4247 683 4323 delinquunt,
718 4251 914 4323 poenis
964 4251 1253 4323 implicat,
1289 4255 1354 4305 ut
1411 4265 1483 4305 eo
1535 4249 1669 4322 ipso
1718 4266 1842 4322 quo

162 4343 422 4412 peccant
451 4339 805 4412 semetipsos
865 4340 1122 4407 feriant;
1183 4344 1266 4408 ut,
1322 4354 1564 4411 semper
1623 4339 1837 4411 trepidi

164 4443 530 4502 semperque
581 4430 863 4502 suspecti,
891 4430 1054 4486 mala
1081 4429 1160 4486 ab
1191 4429 1321 4486 aliis
1355 4429 1477 4501 pati
1530 4434 1839 4486 metueant

165 4534 311 4591 qua:
341 4534 402 4574 se
430 4518 560 4576 aliis
593 4520 800 4576 fecisse
832 4519 1260 4583 meminerint.]
1281 4520 1323 4589 -ι-
1349 4519 1459 4584 Qui
1484 4523 1687 4574 tamen
1713 4520 1833 4575 evi-

163 4607 379 4663 denter
402 4608 477 4664 de
505 4610 772 4682 peccatis
804 4625 940 4682 quas
961 4613 1100 4664 sunt
1127 4623 1324 4681 paenae
1356 4611 1740 4679 peccatorum
1771 4609 1833 4664 in

167 4697 556 4769 Expositione
581 4698 843 4754 Ezechiel
867 4698 1173 4772 prophetae
1227 4696 1484 4753 Homilia
1526 4698 1612 4768 ll,
1644 4699 1831 4770 partis

167 4787 407 4860 primae,
433 4789 516 4845 ita
545 4789 860 4845 disseruit:

235 4876 374 4948 [Sed
397 4877 476 4933 Et
507 4879 558 4933 si
587 4893 907 4935 conversus
919 4880 1125 4947 justus
1147 4893 1184 4934 a
1203 4880 1448 4947 justitia
1477 4895 1587 4936 sua
1614 4880 1828 4949 fecerit

159 4967 569 5038 iniquitatem,
591 4984 815 5037 ponam
847 4968 1275 5037 o/fendiculum
1326 4983 1527 5025 coram
1583 4984 1666 5025 eo.
1704 4972 1828 5039 Ipse

158 5059 473 5118 morietur,
510 5059 654 5129 quia
683 5074 803 5112 non
825 5057 1210 5113 annuntiasti
1228 5058 1282 5111 ei
1303 5072 1314 5111 :
1355 5058 1417 5112 in
1440 5064 1689 5126 peccato
1718 5073 1823 5114 suo

173 5147 490 5216 morietur,
517 5153 570 5203 et
596 5163 717 5204 non
744 5153 924 5204 erunt
951 5150 1011 5203 in
1062 5147 1347 5203 memoria
1395 5148 1652 5216 justilize
1691 5151 1822 5219 ejus

155 5249 307 5306 quas
330 5235 497 5305 fecit.
530 5236 901 5307 Sanguinem
933 5251 1071 5292 vero
1102 5238 1229 5304 ejus
1267 5236 1340 5292 de
1370 5251 1557 5292 manu
1597 5241 1701 5291 tua
1732 5251 1819 5293 re-

152 5325 392 5394 quiram
418 5323 657 5395 (Ezech.
684 5341 763 5392 ιιι,
795 5326 907 5396 20).
950 5324 1100 5390 Quia
1124 5325 1287 5395 justo
1319 5324 1423 5397 qui
1451 5323 1510 5379 in
1565 5329 1816 5396 peccato

151 5412 450 5480 ceciderit,
485 5414 844 5488 praedicator
890 5414 1089 5482 tacuit,
1141 5415 1270 5486 ejus
1325 5414 1633 5484 sanguinis
1681 5415 1810 5486 [al.,

151 5501 466 5574 sanguine)
516 5520 654 5559 reus
685 5509 940 5568 tenetur,
971 5508 1029 5560 et
1079 5505 1182 5576 qui
1215 5504 1500 5560 sollicitus
1531 5520 1660 5561 esse
1689 5519 1813 5560 non

153 5591 381 5648 studuit
405 5591 466 5648 in
510 5593 959 5666 praedicatione,
1016 5593 1209 5650 factus
1267 5599 1355 5651 est
1391 5595 1694 5667 particeps
1751 5594 1812 5651 in

152 5679 564 5739 damnatione.
597 5684 710 5740 Sed
737 5700 877 5740 cum
901 5684 1144 5740 dicitur:
1181 5687 1241 5740 In
1271 5689 1516 5754 peccato
1563 5699 1669 5740 suo
1695 5699 1812 5740 mo-

151 5771 366 5837 rietur,
424 5777 483 5828 et
523 5787 645 5830 non
692 5775 963 5832 eruntin
1013 5775 1298 5833 memoria
1335 5775 1599 5842 justitiw
1651 5777 1798 5844 ejus,

1863 4490 1910 4545 D

1960 3179 2176 3247 tendit;
2211 3184 2265 3236 et
2287 3195 2499 3236 verum
2527 3186 2616 3237 est
2662 3183 2912 3238 omnino
2964 3181 3133 3255 quod
3185 3181 3476 3242 dicimus:
3518 3201 3627 3243 cur

1958 3269 2159 3326 adhuc
2189 3269 2242 3324 ei
2295 3272 2448 3324 Deus
2491 3271 2876 3343 omnipotens
2929 3273 3364 3341 o/I‘endtculum
3417 3280 3623 3348 ponet,

1957 3375 2142 3432 quem
2168 3359 2298 3429 jam
2326 3358 2511 3431 impie
2532 3359 2748 3428 egisse,
2783 3366 2840 3416 et
2888 3362 3176 3419 cecidisse
3205 3377 3314 3435 per
3349 3361 3628 3436 iniquita-

1959 3454 2078 3504 tem
2111 3463 2297 3521 quam
2355 3449 2742 3521 perpetravit,
2795 3450 3136 3523 conspicit?
3187 3451 3303 3508 Sed
3359 3453 3626 3513 districta

1959 3542 2100 3593 sunt
2119 3537 2548 3610 omnipotentis
2580 3538 2679 3592 Dei
2700 3539 2949 3609 judicia,
2996 3545 3055 3596 et
3099 3541 3206 3612 qui
3243 3547 3624 3614 peccatorem

1958 3627 2065 3682 diu
2096 3630 2402 3700 exspectat
2427 3630 2492 3682 ut
2517 3627 2743 3694 redeat,
2796 3644 2921 3685 non
2956 3630 3229 3686 redeunti
3259 3635 3440 3704 atque
3485 3647 3625 3689 con-

1957 3715 2247 3771 temnenti
2278 3715 2448 3787 ponit
2477 3715 2679 3772 adhuc
2721 3717 2824 3773 ubi
2859 3718 3101 3787 gravius
3142 3719 3456 3789 impingat.
3486 3722 3624 3776 Peo-

1958 3809 2161 3860 catum
2213 3805 2440 3877 quippe
2469 3805 2635 3878 quod
2688 3821 2795 3877 per
2822 3807 3238 3880 paenitentiam
3285 3807 3458 3863 citius
3496 3824 3622 3865 non

1956 3893 2208 3958 deletur,
2242 3897 2348 3948 aut
2374 3897 2690 3965 peccatum
2732 3898 2924 3950 est'et
2981 3911 3171 3952 causa
3220 3897 3473 3968 peccati,
3517 3903 3622 3956 aut

1955 3987 2271 4054 peccatum
2303 3986 2360 4037 et
2387 3996 2572 4053 paena
2627 3983 2880 4054 peccati,
2922 3988 3025 4040 aut
3073 3989 3390 4055 peccatum
3439 3986 3621 4042 simul

1954 4086 2142 4126 causa
2174 4074 2231 4125 et
2259 4085 2442 4142 poena
2486 4071 2762 4142 peccati..
2789 4073 2979 4127 Omne
3027 4073 3190 4129 enim
3239 4073 3405 4145 quod
3451 4074 3620 4147 prius

1953 4159 2366 4225 committitur,
2399 4164 2717 4230 peccatum
2752 4165 2879 4225 est;
2941 4161 3068 4233 sed,
3131 4161 3181 4218 si
3234 4162 3406 4218 citius
3435 4164 3622 4237 poeni-

1951 4248 2136 4303 tendo
2159 4263 2282 4303 non
2310 4247 2576 4317 tergitur,
2601 4249 2770 4318 justo
2797 4249 3025 4320 judicio
3047 4251 3433 4324 omnipotens
3462 4254 3618 4308 Deus

1950 4337 2278 4406 obligatam
2302 4337 2606 4410 peccantis
2630 4337 2734 4408 [αι.
2759 4340 3044 4412 peccatis]
3069 4346 3330 4397 mentem
3353 4342 3536 4398 etiam
3556 4343 3619 4398 in

1951 4427 2193 4499 culpam
2225 4427 2478 4483 alteram
2510 4429 2798 4500 permittit
2831 4429 3066 4496 cadere,
3111 4435 3177 4486 ut
3207 4431 3312 4502 qui
3333 4431 3534 4486 ﬂendo
3560 4437 3620 4487 et

1951 4517 2313 4586 corrigendo
2344 4515 2536 4573 noluit
2586 4517 2883 4574 mundare
2911 4519 3078 4590 quod
3110 4518 3265 4589 fecit,
3298 4525 3616 4590 peccatum

1946 4607 2192 4680 incipiat
2225 4613 2473 4678 peccato
2504 4607 2832 4662 cumulare.
2881 4609 3198 4663 Peccatum
3257 4623 3400 4677 ergo
3449 4609 3617 4679 quod

1944 4696 2313 4769 pmnitenti'e
2344 4696 2611 4752 lamento
2640 4711 2763 4751 non
2795 4696 3063 4767 diluitur,
3092 4704 3412 4769 peccatum
3436 4698 3616 4755 simul

1940 4791 2030 4841 est
2061 4790 2118 4841 et
2133 4801 2318 4842 causa
2344 4785 2575 4857 peccati
2601 4805 2613 4851 ;
2638 4785 2781 4857 quia
2803 4802 2876 4841 ex
2901 4784 3002 4840 illo
3023 4786 3213 4841 oritur
3234 4786 3395 4842 unde
3414 4785 3615 4842 adhuc

1937 4875 2272 4948 peccatoris
2301 4875 2540 4931 animus
2572 4875 2794 4932 arctius
2822 4872 3119 4944 obligetur
3141 4893 3154 4942 ;
3173 4879 3491 4948 peccatum
3515 4891 3616 4933 ve-

1936 4981 2006 5023 ro
2028 4964 2194 5037 quod
2233 4979 2305 5019 ex
2336 4969 2586 5036 peccato
2620 4964 2907 5035 sequitur,
2942 4969 3256 5036 peccatum
3318 4963 3498 5022 simul
3527 4969 3616 5023 est

1936 5061 1994 5111 et
2021 5070 2207 5128 poena
2236 5055 2487 5127 peccati,
2518 5055 2683 5126 quia,
2708 5059 3086 5110 excrescente
3105 5056 3390 5125 csecitate,
3423 5071 3497 5113 ex
3516 5071 3610 5114 re-

1932 5144 2262 5200 tributione
2294 5143 2512 5216 prioris
2540 5143 2732 5215 culpae
2765 5149 3102 5212 generatur,
3156 5150 3220 5201 ut
3251 5146 3430 5218 quasi
3477 5146 3606 5216 jam

1929 5234 2217 5308 quaedam
2247 5234 2364 5289 sint
2409 5233 2469 5289 in
2499 5238 2814 5306 peccatore
2867 5234 3180 5307 supplicia,
3235 5237 3367 5307 ipsa
3419 5235 3611 5289 incre-

1925 5311 2156 5381 imenta
2176 5323 2478 5380 vitiorum.
2524 5323 2611 5380 Fit
2654 5339 2798 5380 vero
2839 5339 3283 5396 nonnunquam
3327 5329 3393 5379 ut
3419 5335 3613 5380 unum

1933 5416 2220 5487 demque
2242 5416 2580 5485 peccatum,
2611 5419 2665 5468 et
2694 5418 3011 5485 peccatum
3060 5412 3151 5476 sit,
3183 5418 3240 5469 et
3263 5427 3447 5486 paena
3467 5428 3610 5486 pec-

1923 5506 2064 5573 cati,
2111 5503 2292 5560 simul
2317 5508 2375 5558 et
2403 5518 2588 5559 causa
2610 5503 3094 5575 peccati.Ponam
3118 5501 3276 5558 enim
3311 5504 3449 5558 ante
3471 5517 3612 5559 ocu-

1923 5596 2012 5651 los
2031 5592 2386 5667 quempiam
2415 5607 2544 5647 rem
2577 5591 2840 5664 proximi
2861 5591 3238 5662 concupisse,
3258 5605 3444 5665 quam
3462 5592 3609 5664 quia

1922 5687 2124 5757 aperte
2157 5696 2281 5738 non
2312 5681 2533 5753 valuit,
2574 5681 2734 5736 furto
2779 5679 3063 5751 diripuit;
3096 5680 3201 5736 sed
3236 5681 3296 5737 in
3342 5679 3478 5736 furti
3508 5696 3609 5738 ac-

1919 5773 2232 5832 cusatione
2263 5771 2507 5844 positus
2547 5785 2611 5828 se
2659 5771 2821 5828 hanc
2860 5767 3183 5849 diripuisse
3207 5770 3608 5844 jurejurando
