3950 6434
1079 65 1104 72 ἦ
1421 55 1529 56 ἦ

412 389 554 444 1279
1515 384 1574 441 S.
1606 383 1974 442 PRUDENTH
2003 377 2397 438 TREGENSIS
2428 379 2740 440 EPISCOPI
3718 380 3848 440 1280

408 510 748 581 denegavit.
783 513 904 567 Huc
929 525 1072 580 ergo
1101 507 1588 578 concupiscentia
1617 511 1935 581 peccatum
1955 505 2064 561 fuit
2095 507 2143 560 A
2177 505 2320 561 dere
2349 505 2702 577 paenitendo
2733 504 2927 561 noluit
2951 503 3057 560 ubi
3077 503 3210 575 jam
3238 503 3682 577 impegit,justo
3712 523 3847 564 eum

409 605 670 658 etcausa
698 599 946 674 peccati,
969 599 1116 673 quia
1154 615 1263 672 per
1292 615 1426 656 eam
1473 598 1746 672 pervenit
1783 596 1863 654 ad
1906 596 2062 668 rapi-

409 706 554 750 nam
580 709 595 759 ;
620 690 820 764 ipsum
848 705 992 745 vero
1012 688 1239 744 furtum
1259 704 1382 761 quo
1411 704 1539 745 rem
1571 687 1954 761 concupitam
1978 684 2066 740 di-

408 779 609 853 ripuit,
641 783 698 835 et
725 782 1040 851 peccatum
1061 777 1115 834 ei
1139 777 1365 834 factum
1395 781 1485 835 est
1513 781 1570 834 et
1605 793 1788 850 paena
1811 774 2064 850 peccati,

407 869 552 942 quia
573 883 646 924 ex
669 865 1056 923 retributione
1075 867 1205 938 jam
1246 882 1370 923 non
1422 882 1712 940 repressae
1752 864 2068 938 concupis-

409 956 617 1014 centiae
646 955 874 1012 factum
902 959 992 1012 est
1021 960 1088 1012 ut
1131 955 1361 1013 veniret
1391 957 1472 1013 ad
1501 956 1748 1024 furtum,
1783 960 1841 1012 et
1887 953 2068 1026 culpa

409 1045 606 1103 cordis
630 1047 1001 1102 excresceret
1023 1044 1086 1100 in
1115 1060 1297 1117 opere
1327 1061 1401 1102 ex
1434 1045 1564 1117 [al.,
1589 1046 1664 1117 et]
1706 1044 1930 1101 ultione
1960 1058 2067 1098 cae-

406 1134 637 1203 citatis;
667 1133 773 1190 sed
801 1133 947 1206 quia
966 1132 1192 1190 furtum
1218 1134 1482 1208 perjurio
1512 1137 1709 1204 tegere
1740 1132 2068 1202 curavit,ex

406 1229 654 1297 peccato
682 1239 924 1280 rursum
969 1229 1289 1296 peccatum
1337 1224 1560 1294 genuit.
1618 1225 1868 1280 Furtum
1925 1236 2068 1290 ergo

406 1315 573 1384 quod
601 1327 675 1368 ex
729 1311 1216 1385 concupiscentia
1266 1312 1579 1384 processit,
1634 1316 1692 1368 et
1735 1309 2068 1384 perjurium

405 1401 672 1474 protulit,
695 1406 1012 1474 peccatum
1047 1417 1078 1457 e
1107 1417 1291 1474 pcena
1319 1401 1550 1474 peccati
1578 1401 1804 1458 factum
1822 1404 1928 1467 est,
1952 1398 2068 1453 cul-

406 1506 500 1563 pae
530 1490 890 1563 praecedenti
934 1496 1272 1564 peccatum,
1321 1496 1379 1548 et
1431 1507 1617 1547 causa
1667 1489 1896 1564 peccati
1950 1487 2069 1543 cul-

404 1595 500 1652 pae
524 1579 941 1652 subsequenti,
975 1580 1120 1652 quia
1145 1579 1219 1635 de
1243 1579 1345 1636 illa
1391 1584 1604 1636 natum
1629 1580 1788 1636 hanc
1846 1577 2067 1648 genuit.

409 1667 583 1732 Quod
611 1669 765 1724 bene
796 1667 1011 1724 Paulus
1029 1668 1354 1740 Apostolus
1383 1669 1460 1725 de
1488 1668 1861 1741 quibusdam
1885 1671 2070 1723 Deum

406 1755 902 1826 intelligentibus,
937 1756 1045 1812 sed
1077 1773 1200 1813 non
1221 1755 2070 1825 honorantibus,insinuatdi-

2171 594 2400 667 judicio
2429 595 2742 668 deserens,
2769 610 2999 669 ponam
3051 594 3105 651 ei
3137 597 3199 650 ut
3227 597 3286 650 et
3333 593 3475 650 alibi
3531 593 3844 668 impingat.

2175 684 2349 750 Quod
2375 688 2578 742 tamen
2594 685 2832 742 Domini
2855 687 3198 756 ponere,est
3215 699 3608 756 nequaquam
3621 685 3702 741 ad
3715 703 3847 760 pec-

2183 773 2450 830 candum
2473 791 2770 846 premere,
2805 774 2912 830 sed
2940 773 3101 831 nolle
3130 789 3168 829 a
3189 776 3439 846 peccato
3463 772 3738 844 liberare;
3768 777 3845 832 si-

2173 867 2276 919 cut
2303 863 2378 919 de
2435 865 2747 922 Pharaone
2773 863 3022 920 dicitur:
3071 863 3204 934 Ego
3233 862 3538 919 indurabo
3569 879 3674 920 cor
3719 867 3846 936 ejus

2174 953 2394 1026 (Exod.
2430 969 2510 1017 1v,
2543 954 2655 1025 21).
2683 957 2812 1010 Non
2841 952 3004 1008 enim
3051 967 3156 1008 cor
3205 951 3515 1024 peccantis
3557 953 3844 1009 Dominus

2175 1041 2476 1112 obdurat;
2509 1043 2615 1099 sed
2663 1042 2968 1099 obdurare
2995 1040 3233 1107 dicitur,
3275 1057 3416 1096 cum
3449 1040 3528 1098 ab
3587 1042 3848 1101 obdura—
3947 1090 3950 1106 .

2173 1131 2334 1188 tione
2365 1147 2489 1188 non
2515 1131 3080 1188 liberat.Misericors
3109 1130 3270 1186 enim
3294 1129 3451 1186 Deus
3483 1134 3719 1204 tempus
3737 1148 3847 1190 no-

2176 1222 2270 1277 bis
2301 1222 2378 1277 ad
2410 1222 2824 1294 paenitentiam
2864 1221 3112 1288 relaxat;
3149 1221 3274 1289 sed,
3302 1237 3444 1276 cum
3473 1223 3607 1293 ejus
3640 1224 3842 1294 gratiae

2176 1312 2528 1384 patientiam
2546 1327 2658 1368 nos
2681 1312 2759 1368 ad
2771 1316 3170 1382 augmentum
3195 1311 3484 1367 vertimus
3512 1312 3842 1385 culpm,hoc

2177 1403 2383 1473 ipsum
2414 1405 2672 1472 tempus,
2704 1401 2871 1474 quod
2905 1401 2986 1456 ad
3011 1399 3390 1473 parcendum
3410 1401 3510 1473 pie
3529 1401 3840 1474 disposuit,

2169 1489 2501 1544 districtius
2521 1490 2599 1546 ad
2625 1489 2965 1545 feriendum
2993 1489 3199 1556 vertit;
3221 1492 3286 1545 ut
3316 1505 3455 1544 cum
3485 1491 3843 1564 revertiquis

2180 1580 2357 1634 etiam
2389 1579 2582 1651 spatio
2602 1579 2887 1652 temporis
2906 1582 3155 1650 accepto
3177 1577 3567 1652 noluerit,per
3591 1580 3708 1636 hoc
3728 1597 3846 1637 ma-

2179 1668 2239 1724 la
2259 1685 2369 1724 sua
2389 1669 2466 1724 ad
2483 1674 2716 1724 reatum
2738 1673 3092 1739 augeat,per
3108 1665 3277 1739 quod
3294 1682 3367 1722 ea
3388 1666 3615 1723 diluere
3630 1666 3842 1741 potuit,

2183 1758 2230 1811 si
2258 1758 2516 1813 converti
2553 1757 2860 1812 voluisset.
2890 1756 3054 1812 Unde
3080 1755 3372 1828 scriptum
3417 1760 3547 1811 est:
3585 1758 3843 1828 Ignoras

407 1859 550 1900 cens
574 1861 588 1900 :
610 1844 758 1901 Cum
781 1846 1188 1916 cognovissent
1214 1848 1547 1910 Deum,non
1571 1847 1720 1902 sicut
1738 1847 1927 1902 Deum
1948 1846 2072 1915 glo-
2105 1862 2144 1914 Β
2187 1848 2472 1917 quoniam
2498 1847 2833 1916 benignitas
2850 1847 2958 1901 Dei
2973 1845 3054 1900 ad
3066 1845 3477 1914 paenitentiam
3494 1850 3550 1902 te
3565 1845 3844 1900 adducit?

406 1934 935 2003 riﬁcaverunt,aut
949 1936 1184 2005 gratias
1215 1935 1595 2006 egerunt,sed
1614 1939 1985 1993 evanuerunt
2010 1935 2071 1988 in
2182 1936 2520 1991 Secundum
2546 1936 2837 1990 duritiam
2901 1941 3099 1990 autem
3133 1939 3295 1990 tuam
3347 1940 3400 1990 et
3439 1949 3542 1990 cor
3565 1934 3845 2002 impaeni-

408 2023 873 2092 cogitationibus
905 2024 1026 2078 suis
1051 2024 1556 2096 (Rom.i,2l).Ecce
1574 2029 1662 2080 est
1686 2028 2001 2095 peccatum
2018 2026 2075 2077 et
2184 2030 2331 2092 lens,
2360 2024 2730 2080 thesaurizas
2762 2025 2872 2080 tibi
2897 2025 3055 2079 iram
3111 2024 3173 2078 in
3199 2023 3293 2078 die
3323 2023 3429 2078 iraa
3455 2029 3507 2078 et
3534 2022 3847 2079 revelatio-

406 2127 594 2168 causa
616 2112 944 2184 peccati,ex
966 2129 1092 2185 qua
1107 2129 1292 2170 causa
1307 2114 1455 2187 quid
1473 2119 1760 2186 sequatur
1775 2112 2068 2184 adjungit:
2180 2114 2273 2168 nis
2291 2114 2452 2182 justi
2461 2113 2691 2183 judicii
2713 2113 2830 2168 Dei
2858 2113 3048 2183 (Rom.
3081 2127 3142 2179 ιι,
3178 2114 3234 2180 4,
3263 2111 3339 2181 5).
3366 2113 3444 2166 De
3473 2109 3845 2180 benignitate

406 2201 486 2256 Et
515 2199 901 2257 obscuratum
932 2212 1013 2258 est
1064 2202 1351 2272 insipiens
1412 2219 1517 2260 cor
1551 2218 1780 2259 eorum:
1811 2202 2071 2258 dicentes
2181 2218 2324 2272 ergo
2353 2201 2784 2275 omnipotentis
2817 2201 2918 2257 Dei
2945 2201 3101 2256 iram
3149 2199 3261 2256 sibi
3291 2200 3353 2256 in
3383 2200 3478 2256 die
3521 2199 3622 2256 irae
3647 2215 3845 2272 repro-

409 2289 563 2346 enim
596 2303 657 2344 se
683 2303 805 2345 esse
831 2291 1148 2362 sapientes,
1166 2292 1342 2347 stulti
1362 2293 1522 2362 [acti
1542 2291 2070 2347 sunt.Etmutave-
2179 2292 2294 2347 bus
2315 2291 2698 2359 thesaurizat,
2725 2291 2889 2364 quia,
2920 2290 3068 2346 dum
3115 2289 3197 2345 ad
3247 2289 3668 2363 paenitendum
3697 2293 3846 2345 tem-

407 2383 552 2434 runt
579 2379 834 2448 gloriam
868 2380 1344 2450 incorruptibilis
1387 2381 1499 2437 Dei
1533 2383 1596 2436 in
1617 2380 2067 2437 similitudinem
2160 2396 2296 2452 —pus
2323 2379 2631 2451 accipitur,
2663 2383 2721 2435 et
2750 2379 2829 2435 ad
2867 2378 3247 2452 peccandum
3280 2379 3614 2449 exhibetur,
3636 2378 3844 2451 ipsum

408 2466 697 2537 imaginis
719 2467 1134 2537 corruptibilis
1147 2467 1488 2535 hominis,et
1510 2470 1910 2533 volucrum,et
1929 2483 2072 2538 qua-

409 2555 826 2624 drupedum,et
845 2558 1208 2626 serpentium
1235 2559 1410 2627 (Ibid.
1437 2561 1528 2626 2t,
1561 2562 1651 2624 22,
1668 2559 1780 2629 23).
1808 2561 1954 2612 Ecce
1980 2560 2072 2611 est

407 2646 725 2715 peccatum
755 2647 813 2701 et
835 2660 1019 2718 pcena
1047 2647 1300 2720 peccati,
1333 2646 1439 2702 sed
1488 2650 1804 2717 peccatum
1849 2645 2072 2700 solum-

406 2732 594 2789 modo
625 2736 683 2790 et
712 2749 894 2806 paena
917 2736 1150 2808 peccati
1174 2741 1349 2806 esset,
1379 2735 1427 2790 si
1460 2749 1581 2789 non
1615 2734 1815 2789 adhuc
1856 2749 1928 2787 ex
1956 2734 2067 2788 hoc

407 2827 658 2895 peccato
678 2827 736 2880 et
765 2823 932 2879 aliud
953 2827 1476 2896 sequeretur.Nam
1502 2826 1640 2894 post
1658 2821 2068 2877 inﬁdelitatem

405 2927 622 2967 eorum
645 2912 922 2970 subditur
941 2931 954 2968 :
972 2914 1236 2982 Propter
1265 2911 1425 2983 quod
1446 2912 1702 2967 tradidit
1733 2911 1869 2966 illos
1910 2911 2067 2966 Deus

405 3001 470 3057 in
497 3000 794 3058 desideria
849 3001 1047 3057 cordis
1095 3015 1319 3072 eorum,
1372 3002 1434 3056 in
1479 3001 1947 3066 immunditiam,
2001 3005 2068 3054 ut

2178 2470 2515 2526 remedium
2547 2470 2754 2539 gratiae
2787 2469 2963 2526 vertit
2986 2470 3045 2525 in
3070 2474 3471 2538 augmentum
3503 2469 3843 2544 culpaa.Un-

2178 2559 2254 2614 de
2282 2563 2338 2615 et
2376 2559 2760 2631 omnipotens
2792 2561 2968 2621 Deus,
2998 2559 3143 2631 quia
3170 2558 3390 2616 collata
3411 2559 3681 2616 remedia
3705 2574 3844 2615 son-

2181 2648 2352 2720 spicit
2381 2648 2458 2702 ad
2482 2647 2671 2718 culpae
2689 2651 3083 2717 augmentum
3108 2647 3490 2720 trahi,ipsam
3506 2648 3847 2718 benignita-

2180 2741 2298 2791 tem
2325 2752 2512 2807 quam
2543 2735 2813 2802 contulit,
2845 2735 2908 2790 in
2945 2735 3157 2806 judicii
3179 2735 3612 2793 districtionem
3642 2736 3840 2793 vertit.

2182 2827 2248 2879 Ut
2278 2824 2416 2878 inde
2455 2825 2583 2893 (aL,
2605 2829 2762 2895 post]
2783 2839 2890 2896 per
2919 2824 3180 2896 amplius
3209 2823 3399 2886 feriat,
3453 2825 3616 2881 unde
3655 2825 3846 2881 modo

2177 2911 2438 2984 amplius
2473 2915 2798 2984 exspectat:
2834 2918 2890 2968 et
2917 2912 3062 2985 quia
3082 2913 3268 2968 homo
3305 2913 3578 2968 deserere
3608 2914 3848 2968 malum

2176 3018 2299 3058 non
2329 3001 2474 3071 vult,
2507 3007 2570 3056 ut
2599 3001 2967 3072 vivat,auget
2996 3001 3157 3057 unde
3183 3000 3494 3057 moriatur.
3550 3001 3666 3057 Sed
3717 3002 3850 3058 sive

407 3091 783 3147 contumeliis
813 3090 1128 3159 afﬁcerent
1158 3105 1414 3160 corpora
1471 3105 1581 3146 sua
1635 3091 1699 3145 in
1741 3089 2065 3159 semetipsis
2171 3091 2370 3162 justus
2401 3090 2463 3145 in
2492 3089 2690 3162 culpa,
2739 3089 2858 3144 sive
2890 3095 3170 3162 peccator
3226 3089 3286 3144 in
3322 3097 3512 3144 morte
3572 3096 3847 3157 corruat,

409 3179 604 3250 (Ibid,
626 3179 736 3250 24).
773 3177 926 3268 Quia
952 3179 1143 3250 igitur
1172 3185 1587 3250 cognoscentes
1602 3180 1812 3242 Deum,
1835 3195 1955 3234 non
1985 3178 2063 3234 si-
2094 3211 2137 3268 α

405 3273 507 3325 cut
535 3269 724 3325 Deum
751 3267 1246 3337 gloriﬁcaverunt
1275 3270 1450 3340 (Ibid.
1483 3270 1594 3341 2t),
1615 3284 1688 3325 ex
1725 3285 1796 3325 eo
1817 3271 2063 3342 peccato

407 3360 466 3418 et
483 3372 670 3413 causa
698 3355 949 3428 peccati,
972 3356 1050 3412 ad
1077 3357 1191 3413 hoc
1219 3373 1464 3430 quoque
1512 3357 1784 3430 perducti
1833 3361 1974 3413 sunt
2003 3361 2066 3412 ut

406 3445 489 3502 ad
509 3443 736 3502 cultum
776 3446 1142 3516 serpentium
1155 3451 1212 3502 et
1239 3445 1555 3503 volucrum
1579 3446 2067 3503 laberentur.Sed

407 3533 554 3604 quia
589 3549 697 3604 per
716 3533 874 3588 hanc
899 3533 1078 3589 etiam
1109 3534 1432 3591 caecitatem
1466 3552 1656 3607 usque
1697 3537 1774 3592 ad
1809 3536 2065 3590 immun-

407 3621 620 3676 ditiam
649 3625 707 3675 et
734 3621 932 3676 carnis
954 3623 1352 3678 contumelias
1373 3624 1735 3694 ceciderunt,
1767 3626 1898 3697 ipsa
1938 3625 2066 3680 inti-

409 3707 666 3766 delitatis
714 3724 924 3765 eorum
971 3710 1209 3768 caecitas
1260 3713 1618 3785 praecedenti
1666 3713 1983 3769 intellectui
2014 3718 2070 3769 et

411 3803 726 3872 peccatum
757 3805 845 3855 est
883 3805 939 3856 et
979 3816 1162 3874 poena
1191 3802 1418 3874 peccati
1449 3820 1461 3870 ;
1507 3801 1895 3874 subsequenti
1925 3818 2067 3858 vero

412 3888 812 3944 immunditise
841 3895 1160 3962 peccatum
1190 3893 1347 3946 facta
1371 3896 1458 3947 est
1489 3895 1548 3948 et
1585 3907 1775 3947 causa
1816 3891 2064 3963 peccati.

410 3976 525 4034 Sed
549 3977 695 4049 quia
718 3978 793 4033 de
824 3979 917 4034 his
959 3979 1022 4034 in
1047 3979 1211 4035 libris
1261 3981 1590 4036 moralibus
1619 3981 1724 4036 diu
1755 3985 2069 4036 tractatum

412 4066 703 4139 est,uobis
725 4084 888 4124 nunc
909 4069 1203 4125 diutiusin
1234 4070 1319 4125 eis
1351 4071 1802 4126 immorandum
1820 4086 1941 4126 non
1960 4076 2065 4126 est.

410 4159 530 4213 Hoc
561 4161 761 4213 autem
785 4157 960 4214 nobis
984 4175 1123 4214 cum
1159 4163 1414 4217 tremore
1445 4160 1953 4216 considerandum
1984 4167 2070 4218 est

411 4246 722 4317 quomodo
735 4247 936 4316 justus
961 4261 1017 4302 et
1045 4249 1429 4321 omnipotens
1476 4252 1658 4319 Deus,
1682 4267 1821 4306 cum
1849 4265 2069 4322 praece-

412 4332 695 4387 dentibus
755 4335 1016 4404 peccatis
1069 4336 1364 4406 irascitur,
1414 4339 1699 4409 permittit
1753 4343 1819 4395 ut
1847 4343 2069 4395 caecata

412 4433 586 4474 mens
616 4419 796 4474 etiam
816 4420 878 4475 in
908 4421 1038 4476 aliis
1058 4422 1296 4479 labatur
1321 4443 1332 4479 :
1369 4425 1534 4481 Unde
1562 4429 1748 4483 Moses
1778 4428 2070 4485 aitzNun-

413 4508 557 4563 dum
574 4509 868 4578 completa
887 4517 1136 4579 peccata
1154 4519 1292 4567 sunt
1310 4514 1799 4571 Amorrhatorum
1819 4517 2070 4587 (Gen.xv

417 4598 525 4669 16).
558 4596 742 4653 David
771 4614 1014 4672 quoque
1041 4600 1202 4657 dicit:
1234 4603 1872 4675 Apponeiniquitatem
1892 4622 2072 4676 super

415 4690 794 4760 iniquitatem
828 4705 1051 4754 eorum,
1078 4698 1142 4746 ut
1173 4708 1293 4747 non
1325 4694 1554 4749 intrent
1584 4695 1645 4750 in
1677 4700 1781 4751 tua
1822 4699 2072 4766 justitia

418 4779 607 4848 (Psal.
632 4795 824 4848 Limn,
854 4781 964 4852 28).
998 4781 1290 4854 Propheta
1319 4782 1500 4839 etiam
1525 4783 1654 4839 aliis
1681 4784 1853 4840 dicit:
1887 4788 2073 4844 Male-

415 4868 666 4932 dictum,
693 4873 746 4924 et
777 4869 1178 4937 mendacium,
1210 4877 1265 4926 et
1295 4870 1700 4936 homicidium,
1733 4880 1784 4931 et
1809 4875 2069 4945 furtum,

416 4963 469 5013 et
487 4957 859 5014 adulterium
882 4959 1420 5023 inundaverant.et
1442 4964 1688 5032 sanguis
1717 4966 2071 5034 sanguinem

421 5047 611 5115 tetigit
643 5047 1003 5117 (Osee.1v,2).
1023 5049 1278 5120 Sanguis
1291 5050 1451 5106 enim
1475 5053 1833 5122 sanguinem
1862 5055 2071 5124 tangit,

420 5133 668 5206 quando
719 5141 967 5206 peccato
1022 5143 1338 5208 peccatum
1397 5139 1658 5209 additur,
1693 5147 1759 5198 ut
1804 5145 1940 5198 ante
1973 5145 2073 5200 Dci

416 5221 628 5278 oculos
658 5223 959 5292 adjunctis
997 5224 1409 5297 iniquitatibus
1457 5229 1664 5286 anima
1711 5237 2070 5288 cruentetur.

417 5309 641 5366 Paulus
674 5311 983 5383 apostolus
1015 5314 1131 5369 ait:
1204 5316 1271 5369 Ut
1328 5319 1620 5386 impleant
1667 5327 1917 5389 peccata
1964 5338 2075 5379 sua

416 5415 646 5470 semper
672 5401 721 5472 (I
747 5401 943 5458 Thess.
981 5418 1038 5470 η,
1080 5404 1183 5474 l6).
1211 5405 1430 5462 Joanni
1456 5423 1702 5480 quoque
1752 5425 1859 5482 per
1888 5415 2078 5482 Ange-

415 5487 541 5544 lum
571 5488 823 5545 dicitur:
883 5490 998 5558 Qui
1032 5499 1222 5554 nocet,
1257 5501 1466 5551 noceat
1493 5497 1716 5566 adhuc,
1775 5505 1830 5556 et
1881 5504 1989 5572 qui
2012 5504 2074 5558 in

418 5579 689 5634 sordibus
720 5580 1138 5649 est,sordescat
1161 5583 1362 5640 adhuc
1382 5584 1590 5654 (Apoc.
1621 5603 1762 5655 xxu,
1795 5589 2075 5660 tl).Unde

422 5665 602 5720 etiam
633 5669 922 5724 Dominus
951 5669 1092 5725 dicit
1117 5689 1129 5726 :
1163 5673 1230 5727 Si
1261 5688 1580 5729 conversus
1601 5677 1806 5744 justus
1829 5693 1866 5735 a
1894 5681 2076 5748 justi-

425 5751 508 5805 tia
537 5768 646 5808 sua
686 5755 898 5823 fecerit
949 5758 1349 5828 iniquitatem,
1379 5777 1601 5829 ponam
1643 5766 2075 5833 o/fendiculum

425 5846 624 5892 coram
650 5853 715 5895 eo
737 5840 970 5908 (Ezech.
1011 5845 1208 5915 ui,20).
1224 5851 1304 5902 Ac
1324 5847 1372 5902 si
1393 5854 1595 5920 aperte
1611 5852 1804 5909 dicat:
1826 5855 1980 5920 Quia
1994 5856 2079 5912 vi-

2179 3179 2538 3253 speculatori
2560 3179 2897 3235 timendum
2937 3184 3029 3235 est
3056 3195 3131 3235 ne
3159 3180 3321 3235 hunc
3360 3195 3435 3234 ex
3464 3195 3575 3234 suo
3603 3179 3846 3237 silentio

2177 3275 2377 3327 reatus
2403 3269 2784 3342 peccantium
2813 3269 3034 3342 pariter
3064 3268 3372 3340 involvat].

2247 3451 2282 3516 1‘
2315 3450 2372 3506 Si
2400 3463 2553 3504 verse
2586 3446 2820 3520 pietatis
2860 3444 3079 3503 affectu
3112 3446 3458 3502 Christianae
3515 3445 3844 3503 humilitati

2176 3540 2432 3594 devotus
2453 3537 2722 3598 anhelas,
2747 3535 2915 3591 nulla
2941 3535 3216 3591 obstante
3234 3534 3604 3605 difﬁcultate,
3629 3540 3845 3607 paten-

2176 3628 2404 3683 tissime
2435 3625 2728 3700 perspicis
2757 3625 3155 3681 inclusionem
3212 3640 3285 3680 ex
3313 3624 3473 3680 beati
3496 3624 3606 3680 Job
3635 3623 3843 3680 verbis

2177 3723 2386 3774 sancto
2445 3715 2728 3784 Gregorio
2775 3714 3148 3782 edissertam,
3181 3730 3305 3770 non
3335 3729 3582 3786 poenam
3613 3711 3845 3782 signiﬁ-

2177 3821 2312 3862 care
2337 3806 2648 3876 gehennae,
2678 3803 2782 3859 sed
2813 3819 2948 3858 eam
2970 3819 3094 3875 qua
3124 3803 3450 3874 reprobi,in
3471 3803 3586 3859 hac
3616 3806 3844 3858 morta-

2176 3895 2334 3951 litate
2395 3893 2518 3948 suis
2561 3891 2972 3965 voluptatibus
3016 3891 3311 3948 lethaliter
3347 3890 3632 3959 faventes,
3670 3891 3840 3962 justo

2180 3984 2280 4039 Dei
2304 3983 2531 4054 judicio
2562 3980 3155 4037 feriuntur.Attamen
3188 3980 3523 4037 Christiana
3563 3985 3616 4036 te
3647 3979 3844 4035 chari-

2177 4078 2295 4129 tate
2324 4073 2624 4128 admoneo
2661 4085 2736 4126 ne
2756 4069 2957 4126 verbis
2978 4070 3138 4126 beati
3165 4069 3500 4140 Augustini,
3519 4069 3748 4142 quibus
3767 4067 3842 4124 de

2179 4163 2372 4236 ptnnis
2403 4161 2730 4234 impiorum
2769 4159 3004 4216 diverse
3060 4159 3122 4214 in
3176 4159 3487 4232 opusculis
3545 4158 3671 4214 suis
3710 4162 3842 4213 tam

2179 4253 2380 4309 multis
2406 4251 2625 4307 sentire
2647 4249 2898 4318 videtur,
2950 4265 3022 4306 eo
3062 4265 3255 4322 usque
3281 4250 3572 4305 inhaereas
3605 4253 3670 4304 ut
3698 4248 3848 4304 veri-

2179 4343 2283 4398 tati
2315 4345 2625 4412 tantopere
2647 4338 3052 4395 contradicas.
3079 4341 3229 4394 Nam
3259 4337 3356 4394 ille
3389 4338 3478 4393 vir
3509 4341 3762 4394 sanctus
3791 4342 3847 4393 et

2178 4431 2390 4486 doctus
2422 4429 2610 4484 multa
2639 4427 2942 4500 prioribus
2975 4442 3096 4485 sua;
3124 4427 3534 4483 conversionis
3562 4425 3843 4498 tempori—

2179 4520 2294 4575 bus
2325 4518 2577 4591 scripsit,
2633 4533 2770 4589 quae
2800 4515 3193 4589 postmodum
3246 4515 3585 4572 necessario
3626 4519 3846 4572 retrac-

2180 4608 2366 4664 tanda
2400 4607 2712 4678 judicavit.
2745 4608 2872 4670 Quo
2911 4620 3164 4660 munere
3196 4604 3441 4677 speciali
3470 4603 3703 4660 caelitus
3738 4604 3842 4660 do-

2179 4705 2357 4755 natus
2388 4698 2561 4770 plura
2589 4695 2947 4757 retractavit,
2981 4695 3267 4768 quaedam
3298 4695 3360 4750 in
3403 4695 3842 4768 posterioribus

2181 4788 2304 4845 suis
2333 4787 2641 4860 opusculis
2671 4785 2945 4842 veracius
2999 4790 3263 4841 scrutata
3314 4785 3614 4855 disseruit,
3645 4784 3842 4859 plera-

2179 4897 2297 4953 que
2327 4877 2709 4936 retractanda
2747 4881 2936 4932 morte
2982 4882 3316 4949 praereptus
3367 4875 3704 4949 dereliquit.
3761 4881 3840 4932 Ac

2180 4985 2288 5041 per
2315 4968 2451 5033 hoc,
2473 4981 2852 5040 quaecunque
2886 4964 2980 5020 vel
3023 4966 3380 5031 retractavit,
3422 4965 3516 5021 vel
3555 4968 3696 5036 post
3747 4965 3841 5020 eli-

2181 5057 2404 5113 matius
2426 5055 2801 5129 proindeque
2825 5055 3098 5111 veracius
3129 5054 3442 5126 exquisivit
3491 5058 3549 5110 et
3578 5053 3836 5126 scripsit,

2183 5145 2492 5218 sequenda
2521 5150 2578 5200 et
2606 5143 2705 5217 pio
2736 5159 2942 5200 amore
2971 5143 3321 5199 veneranda
3350 5147 3530 5215 atque
3577 5141 3840 5198 tenenda

2183 5237 2318 5309 pius
2337 5233 3027 5308 quicunqueintellector
3048 5232 3366 5288 sanissime
3395 5232 3708 5304 judicabit.
3732 5230 3838 5298 Qui

2181 5330 2385 5380 tamen
2405 5339 2722 5396 nunquam
2752 5323 2833 5379 ita
2854 5338 3067 5395 poenas
3095 5322 3292 5378 cordis
3314 5321 3701 5383 adstruxit,ut
3716 5337 3838 5377 cor-

2184 5413 2346 5486 poris
2384 5413 2728 5482 denegaret.
2767 5411 2879 5468 Sed
2913 5415 3092 5483 prout
3121 5410 3514 5467 commodum
3544 5409 3739 5476 duxit,
3765 5407 3835 5463 de
3947 5443 3950 5448 -

2184 5503 2455 5575 utrisque
2485 5502 2707 5574 pariter
2737 5504 2838 5556 aut
2867 5500 2942 5555 de
2965 5499 3251 5556 alterutra
3273 5499 3578 5570 sigillatim
3630 5502 3836 5554 tracta-

2184 5593 2289 5648 vit.
2311 5592 2471 5647 Sicut
2513 5591 2574 5646 in
2616 5589 2772 5645 libro
2819 5605 2877 5645 ιιι
2905 5589 2980 5645 de
3013 5589 3203 5644 libero
3235 5587 3556 5645 voluntatis
3586 5586 3836 5643 Arbitrio

2188 5681 2340 5753 (cap.
2369 5681 2461 5752 20)
2483 5680 2742 5736 breviter
2770 5677 3153 5751 dilucideque
3201 5677 3535 5734 ostenditur
3582 5675 3688 5731 ubi
3719 5675 3833 5730 ait:

2255 5771 2348 5840 [Ut
2367 5775 2566 5825 autem
2588 5768 2663 5824 de
2678 5769 2778 5824 illo
2793 5767 2984 5840 primo
3002 5767 3284 5838 conjugio
3302 5772 3358 5823 et
3373 5783 3507 5823 cum
3523 5764 3835 5835 gnorantia

2184 5862 2404 5914 etcum
2434 5855 2805 5925 diﬂicultate,
2827 5860 3040 5913 etcum
3090 5855 3449 5916 mortalitate
3485 5869 3825 5919 nascamur;
