3950 6378
143 286 272 343 1281

1090 285 1181 340 DE
1219 281 1884 342 PRIEDESTINATIONR
1921 284 2199 344 CONTRA
2234 289 2280 344 J.
2327 287 2634 347 SCOTUM.

3453 297 3588 356 1282

139 409 429 484 quoniam
455 407 540 464 illi
571 423 710 463 cum
739 408 1166 480 peccavissent,
1194 415 1252 466 et
1279 410 1340 466 in
1367 424 1630 466 errorem
1662 412 1719 463 et
1745 409 1803 462 in
1838 411 1885 463 A
1931 411 2144 467 Parum
2173 415 2262 470 est
2278 413 2458 490 nobis
2479 415 2676 472 dicere
2700 433 2712 471 :
2733 414 2873 473 facit
2892 416 3021 472 haec
3045 415 3221 486 Deus,
3243 416 3431 475 donat
3457 419 3588 477 haec

141 514 474 556 aerumnam
507 501 564 554 et
592 497 654 552 in
681 503 957 565 mortem
986 500 1339 572 praecipitati
1395 502 1554 568 snnt,
1601 514 1804 553 rerum

138 587 504 646 moderatori
535 602 778 643 summo
810 589 928 642 Deo
954 587 1282 658 justissime
1307 588 1533 661 placuit
1564 591 1628 642 ut
1657 591 1713 642 et
1742 587 1804 640 in

139 682 272 736 ortu
300 677 566 748 hominis
598 675 1294 749 originaliterappareret
1310 677 1540 748 justitia
1555 675 1805 748 punien-

139 769 236 839 tis,
267 767 330 824 in
359 770 650 841 provectu
677 765 1091 822 misericordia
1119 767 1473 837 liberantis.]
1521 767 1564 837 -ξ-
1590 765 1800 834 (Idem,

139 858 307 924 ibid.,
338 872 474 929 cap.
505 856 623 925 23.)
653 855 826 927 [Quid
856 861 942 911 est
972 859 1132 912 enim
1153 855 1317 912 aliud
1342 855 1515 911 dolor
1530 855 1643 910 nisi
1674 855 1801 927 qui-

138 947 284 1004 dam
313 963 524 1003 sensus
547 945 858 1001 divisionis
887 945 981 1000 vel
1012 946 1410 1017 corruptionis
1439 945 1802 1018 impatiens?

139 1037 313 1092 unde
357 1035 492 1091 luce
523 1034 741 1090 clarius
790 1038 1044 1106 apparet
1067 1049 1254 1106 quam
1284 1035 1355 1090 sit
1384 1035 1483 1090 illa
1510 1034 1713 1090 anima
1743 1033 1803 1088 in

140 1124 232 1179 sui
274 1123 545 1198 corporis
599 1122 986 1178 universitate
1037 1121 1217 1178 avida
1248 1123 1486 1179 unitatis
1517 1125 1574 1178 et
1603 1127 1799 1186 tenax,

137 1228 274 1286 quae
294 1229 406 1270 nec
434 1211 687 1268 libenter
713 1227 824 1266 nec
855 1210 1259 1267 indifferenter
1291 1212 1395 1268 sed
1417 1213 1615 1284 potius
1648 1212 1802 1267 reni-

137 1306 329 1358 tenter
370 1305 428 1358 et
480 1301 836 1357 reluctanter
893 1300 1144 1356 intendit
1179 1303 1310 1372 [al.,
1364 1301 1712 1373 intenditur]
1744 1301 1804 1356 in

139 1407 278 1448 eam
302 1389 651 1465 passionem
707 1390 974 1462 corporis
1004 1390 1094 1444 sui
1146 1407 1268 1463 qua
1299 1391 1430 1460 [al.,
1464 1406 1570 1462 per
1595 1389 1805 1461 quam]

139 1479 272 1552 ejus
302 1479 586 1536 unitatem
621 1483 800 1552 atque
828 1479 1232 1549 integritatem
1284 1479 1645 1535 labefactari
1675 1496 1804 1534 mo-

135 1569 282 1625 leste
328 1568 652 1642 accipit.]-]-
679 1568 842 1624 Idem
899 1569 961 1624 in
993 1568 1146 1624 libro
1178 1569 1252 1624 de
1280 1584 1424 1625 vera
1478 1569 1805 1639 Religione,

137 1673 274 1732 cap.
343 1659 460 1730 41.)
509 1657 686 1731 [Ergo
752 1658 976 1714 mirum
1050 1661 1143 1714 est
1221 1657 1270 1713 si
1355 1657 1553 1714 omnis
1604 1658 1810 1712 anima

136 1763 547 1822 quaecunque,
597 1747 704 1804 ubi
758 1747 833 1803 sit
888 1747 1016 1820 [al.,
1090 1748 1138 1802 si
1198 1747 1465 1803 hominis
1533 1747 1806 1802 animam
1841 1766 1882 1819 Β

135 1837 484 1910 ubicunque
515 1834 625 1912 sit],
656 1840 712 1893 et
731 1836 1172 1910 qualiscunque
1190 1837 1261 1892 sit
1276 1837 1440 1892 omni
1459 1851 1707 1909 corpore
1725 1841 1812 1892 est

141 1926 354 1982 melior
391 1926 596 1982 dicam
648 1925 900 1999 pulchre
930 1926 1215 1993 ordinari,
1248 1930 1305 1981 et
1333 1926 1408 1981 de
1452 1926 1648 1998 pmnis
1680 1927 1810 1996 ejus

136 2015 283 2072 alias
301 2015 781 2090 pulchritudines
809 2015 956 2083 ﬁeri,
991 2031 1133 2072 cum
1161 2015 1245 2071 ibi
1268 2030 1392 2071 non
1425 2015 1515 2081 sit,
1559 2013 1809 2087 quando

132 2105 354 2162 misera
385 2111 492 2174 est,
525 2105 629 2162 ubi
659 2121 786 2162 esse
817 2105 1027 2162 beatos
1068 2105 1257 2167 decet,
1321 2105 1430 2160 sed
1461 2105 1544 2160 ibi
1578 2105 1652 2160 sit
1702 2104 1806 2160 ubi

133 2211 260 2252 esse
299 2196 553 2253 miseros
584 2195 802 2268 decet.]
828 2198 870 2267 -ξ-
900 2197 1065 2252 Idem
1095 2195 1156 2252 in
1206 2193 1422 2252 eodem
1470 2199 1633 2266 (cap.
1690 2197 1804 2265 41).

134 2285 332 2358 [Quod
365 2285 414 2341 si
439 2285 518 2342 ab
548 2301 619 2342 ea
639 2289 809 2358 parte
836 2285 931 2341 cui
961 2284 1263 2341 dominari
1291 2300 1403 2340 nos
1438 2287 1591 2340 Deus
1613 2284 1802 2355 jubet,

135 2379 314 2448 atque
345 2379 412 2431 ut
435 2374 498 2430 in
522 2381 795 2433 nostram
825 2375 1273 2448 possessionem
1319 2373 1708 2429 restituamur
1752 2377 1807 2429 et

134 2464 416 2521 hortatur
469 2468 525 2520 et
579 2463 927 2537 opitulatur,
961 2463 1009 2519 si
1057 2479 1200 2533 ergo
1244 2463 1324 2520 ab
1365 2464 1478 2519 hac
1503 2467 1675 2536 parte
1698 2478 1806 2536 per

133 2553 562 2627 negligentiam
591 2558 648 2609 et
676 2553 1046 2626 impietatem
1077 2553 1167 2608 vir
1197 2552 1473 2608 subditus
1502 2551 1696 2619 fuerit,
1743 2552 1805 2607 id

133 2648 219 2700 est
241 2659 418 2700 mens
439 2648 496 2700 et
519 2643 690 2712 ratio,
720 2643 1086 2716 eritquidem
1103 2643 1289 2699 homo
1317 2643 1505 2715 turpis
1537 2645 1593 2699 et
1617 2641 1803 2696 miser

132 2732 240 2788 sed
270 2731 607 2788 destinatur
629 2731 692 2787 in
721 2731 836 2788 hac
855 2731 998 2798 vita,
1035 2735 1091 2787 et
1122 2735 1261 2804 post
1299 2731 1457 2786 hanc
1488 2731 1676 2786 vitam
1708 2747 1801 2786 or-

131 2819 396 2890 dinatur,
429 2837 552 2894 quo
575 2837 715 2877 eum
744 2821 1057 2887 destinari,
1099 2825 1155 2876 et
1203 2820 1305 2876 ubi
1339 2820 1604 2876 ordinari
1634 2837 1800 2876 sum-

132 2927 269 2967 mus
288 2911 387 2968 ille
410 2915 604 2967 rector
633 2915 690 2966 et
721 2910 1010 2966 Dominus
1036 2909 1310 2981 judicat.]
1344 2910 1510 2966 Idem
1533 2911 1636 2977 ib.,
1663 2925 1798 2982 cap.

137 2999 219 3068 ll,
242 3002 307 3057 in
330 3001 440 3056 ﬁn.
471 3016 604 3073 cap.
647 3001 755 3071 l2.)
785 3000 821 3066 τ
851 3001 1229 3071 Quapropter
1251 2999 1394 3065 vita,
1455 3014 1612 3070 quae,
1639 2997 1797 3053 fruc-

1929 499 2100 565 Deus;
2126 500 2230 555 sed
2257 502 2424 557 solus
2442 502 2572 559 hinc
2592 503 2750 572 facit,
2775 503 2941 560 solus
2960 503 3167 561 donat.
3193 505 3348 571 Quid
3369 506 3532 563 enim
3566 509 3578 563 !

1923 581 2082 638 Facit
2101 584 2230 640 haec
2266 589 2439 654 Deus,
2474 588 2577 643 sed
2613 588 2750 644 facit
2765 589 2892 644 haec
2913 593 2970 644 et
2990 588 3206 662 aliquis
3237 606 3358 646 non
3380 594 3536 649 Deus
3557 593 3586 648 ‘I

1921 671 2082 727 Facit
2110 673 2261 739 haec,
2289 679 2344 731 et
2372 675 2534 732 solus
2565 676 2724 745 facit,
2756 681 2814 734 et
2839 677 2965 734 sine
2991 694 3174 734 causa
3204 679 3317 734 ista
3365 685 3582 753 petun-

1918 764 2011 816 tur
2042 763 2133 817 vel
2164 765 2242 820 ab
2269 766 2619 823 hominibus
2668 767 2763 824 vel
2809 785 2845 824 a
2874 767 3258 824 daemonibus
3288 788 3300 838 ;
3335 774 3392 827 et
3423 788 3586 844 quae-

1915 863 2156 922 cunque
2180 851 2344 910 bona
2365 855 2671 927 accipiunt
2689 855 2914 911 inimici
2936 857 3037 912 Dei
3057 856 3136 913 ab
3160 856 3258 914 illo
3281 859 3589 932 accipiunt

1914 941 1988 1005 et,
2022 955 2160 996 cum
2193 941 2272 996 ab
2302 942 2431 997 aliis
2456 947 2667 1016 petunt
2695 949 2752 1000 et
2774 945 3097 1017 accipiunt,
3121 946 3456 1004 nescientes
3487 949 3568 1006 ab

1912 1026 2013 1082 illo
2034 1029 2357 1102 accipiunt.
2391 1033 2730 1104 Quomodo,
2783 1049 2922 1090 cum
2959 1035 3314 1107 puniuntur,
3361 1042 3418 1093 et
3457 1053 3572 1110 pu-

1917 1119 2042 1171 tant
2072 1133 2136 1172 se
2166 1118 2244 1174 ab
2274 1119 2404 1175 aliis
2430 1121 2604 1188 uniri,
2638 1122 2971 1179 nescientes
2995 1124 3074 1180 ab
3098 1124 3199 1181 illo
3221 1126 3569 1198 punientur.

1919 1203 2008 1259 Sic
2039 1209 2258 1262 etcum
2295 1213 2664 1281 vegetantur,
2692 1211 3038 1285 implentur,
3071 1213 3401 1287 salvantur,
3433 1215 3584 1272 libe-

1916 1299 2144 1350 rantur.
2162 1299 2227 1351 Et
2249 1297 2293 1352 si
2311 1298 2446 1365 hoc,
2476 1299 2832 1368 nescientes,
2855 1301 2951 1356 vel
2978 1302 3329 1359 hominibus
3350 1305 3444 1360 vel
3466 1306 3588 1361 daa-

1917 1384 2202 1440 monibus
2231 1386 2324 1442 vel
2352 1388 2580 1458 angelis
2607 1389 2910 1459 tribuunt;
2939 1407 3063 1447 non
3093 1392 3322 1450 habent
3349 1394 3465 1450 nisi
3497 1396 3579 1451 ab

1917 1471 2017 1528 illo
2048 1489 2232 1544 penes
2260 1491 2446 1547 quem
2475 1481 2740 1550 potestas
2762 1484 2850 1535 est
2869 1480 3150 1552 omnim.]

2541 1587 2766 1642 CAPUT
2803 1588 2960 1643 XVII.

1922 1687 2048 1741 Cur
2093 1691 2248 1745 Deus
2302 1691 2528 1748 dicitur
2549 1695 3012 1763 prwdestinasse
3060 1713 3290 1772 plenas,
3322 1716 3456 1758 cum
3483 1716 3582 1759 eas

2314 1797 2433 1836 non
2449 1783 2647 1852 faciat
2674 1800 2780 1841 nec
2809 1787 3189 1854 praedestinet

1992 1868 2256 1939 Septima
2276 1869 2511 1928 decima
2528 1873 2866 1929 meniarum
2887 1879 3127 1932 tuarum
3143 1877 3327 1936 habet
3342 1880 3579 1938 titulum

2489 2013 2727 2054 JOANNES
2777 2015 2980 2056 SCOTUS
2991 2045 3003 2058 .

1994 2103 2191 2168 (Num.
2223 2100 2290 2174 l).
2325 2106 2364 2154 Θ
2394 2103 2522 2159 Cur
2541 2106 2698 2162 Deus
2719 2105 2963 2164 dicatur
2983 2111 3443 2178 przedestinasse
3461 2130 3582 2185 pce-

1920 2204 2050 2256 nas,
2085 2206 2217 2246 cum
2247 2207 2346 2248 eas
2366 2208 2487 2249 non
2531 2195 2728 2262 faciat
2759 2212 2867 2252 nec
2893 2199 3295 2270 praedestinet,
3323 2205 3580 2272 proinde

1918 2281 2153 2335 ratione
2175 2284 2356 2352 atque
2379 2286 2740 2342 auctoritate
2760 2301 2877 2358 qua
2902 2289 3222 2357 conﬁcitur
3238 2292 3580 2360 ﬁrmissime

1917 2369 2256 2439 tenendum,
2287 2386 2536 2440 prorsus
2564 2375 3023 2445 suppliciorum,
3066 2379 3282 2450 quibus
3313 2384 3573 2452 superba

1916 2458 2189 2527 impietas
2270 2466 2491 2518 wterno
2570 2465 2948 2536 torquebitur
3031 2470 3326 2538 cruciatu,
3403 2474 3576 2530 nullo

1929 2549 2102 2604 modo
2216 2551 2406 2608 Deum
2508 2568 2630 2610 esse
2711 2560 3036 2623 auctorem,
3139 2560 3312 2616 nullo
3399 2563 3571 2618 modo

1914 2652 2118 2694 eorum
2148 2655 2270 2696 esse
2310 2642 2627 2711 factorem,
2679 2645 2852 2700 nullo
2907 2645 3081 2702 modo
3104 2650 3572 2717 prwdestinato-

1912 2743 2059 2784 rem.

2581 2837 2882 2881 CORRBCTIO
2891 2869 2903 2882 .

1982 2907 2017 2971 '1"
2038 2910 2225 2963 Deum
2255 2913 2563 2967 auctorem
2584 2912 3018 2984 suppliciorum
3041 2916 3134 2973 vel
3155 2919 3581 2992 temporalium

1909 2993 2002 3048 vel
2022 2998 2384 3052 aeternorum
2414 3003 2470 3053 et
2503 2999 3077 3071 preedestinatorem,
3112 3009 3236 3060 tam
3265 3009 3582 3065 auctorita-

132 3093 193 3146 tu
215 3089 490 3164 corporis
519 3089 836 3156 delectata,
867 3087 1118 3158 negligit
1146 3091 1356 3156 Deum,
1380 3087 1698 3142 inclinatur
1719 3085 1798 3142 ad
1829 3122 1869 3181 Ο
1908 3085 1964 3181 te
1994 3083 2146 3138 sacri
2171 3083 2413 3156 eloquii,
2455 3102 2643 3158 quam
2674 3087 2993 3146 doctorum
3046 3094 3372 3151 concordia
3425 3097 3569 3152 satis

129 3179 389 3236 nihilum
435 3183 492 3235 et
529 3179 643 3235 ista
671 3184 760 3234 est
781 3177 1066 3250 nequitia.
1101 3179 1220 3233 Hoc
1250 3181 1453 3232 autem
1473 3180 1650 3249 pacto
1678 3175 1801 3231 vita
1834 3169 1868 3181 ν
1908 3169 2388 3229 demonstratum
2422 3180 2528 3230 est.
2566 3176 2680 3232 Sed
2710 3176 2856 3249 'quia
2883 3183 2946 3234 tu
2978 3180 3276 3254 supplicia
3303 3189 3582 3254 peccato-

129 3269 393 3326 carnalis
421 3273 478 3324 et
513 3272 750 3324 terrena
775 3265 1046 3334 efficitur,
1076 3269 1133 3321 et
1183 3265 1262 3322 ob
1287 3265 1404 3321 hoc
1433 3265 1615 3321 etiam
1657 3280 1799 3321 caro

131 3363 185 3416 et
226 3363 393 3415 terra
449 3355 820 3428 nominatur,
876 3358 932 3411 et
986 3355 1262 3428 quandiu
1314 3354 1395 3411 ita
1425 3358 1514 3411 est
1542 3370 1798 3425 regnum

130 3449 229 3505 Dei
283 3462 414 3503 non
461 3445 792 3518 possidebit
844 3445 902 3517 (Ι
928 3444 1064 3501 Cor.
1114 3461 1213 3512 xv,
1250 3444 1359 3515 50),
1395 3448 1451 3500 et
1473 3444 1719 3517 eripitur
1748 3444 1800 3499 ei

130 3537 298 3612 quod
327 3540 515 3593 amat.
542 3535 607 3591 Id
628 3535 788 3591 enim
806 3539 971 3591 amat
994 3535 1163 3608 quod
1184 3538 1242 3590 et
1267 3534 1469 3589 minus
1499 3539 1587 3590 est
1614 3550 1801 3606 quam

130 3628 271 3696 vita,
305 3626 455 3705 quia
486 3641 706 3698 corpus
731 3629 838 3694 est,
864 3628 921 3680 et
941 3628 1186 3697 propter
1214 3623 1415 3696 ipsum
1460 3628 1798 3695 peccatum,

133 3715 301 3788 quod
350 3717 518 3772 amat
561 3714 692 3786 [al..
747 3713 1028 3786 amatur],
1076 3713 1143 3768 ﬁt
1164 3711 1568 3784 corruptibile,
1602 3716 1666 3768 ut
1693 3711 1801 3767 ﬂu-

134 3803 290 3860 endo
352 3803 588 3860 deserat
635 3805 970 3858 amatorem
1023 3817 1224 3864 suum,
1274 3801 1418 3874 quia
1455 3805 1512 3856 et
1564 3800 1659 3855 ille
1687 3800 1803 3856 hoc

133 3893 399 3949 amando
428 3891 690 3948 deseruit
719 3894 937 3947 Deum:
990 3894 1296 3963 praecepta
1326 3889 1487 3947 enim
1539 3890 1669 3960 ejus
1699 3905 1799 3944 ne-

135 3980 585 4052 glexitdicentis
619 3999 631 4049 ;
660 3980 775 4036 hoc
801 3979 1128 4047 manduca,
1178 3984 1236 4035 et
1263 3978 1379 4034 hoc
1422 3978 1566 4035 noli.
1599 3978 1801 4034 Trahi-

135 4074 227 4126 tur
255 4086 403 4141 ergo
445 4070 524 4126 ad
563 4085 801 4143 poenas,
834 4068 980 4142 quia
1037 4067 1344 4138 diligendo
1375 4067 1680 4135 inferiora,
1740 4067 1801 4122 in

135 4164 393 4230 egestate
420 4158 805 4232 voluptatum
831 4173 1102 4228 suarum,
1132 4162 1189 4212 et
1209 4156 1269 4212 in
1298 4155 1606 4212 doloribus
1633 4156 1799 4228 apud

134 4248 352 4305 inferos
376 4248 715 4306 ordinatur.
751 4247 907 4313 Quid
937 4251 1024 4302 est
1057 4245 1218 4302 enim
1248 4245 1422 4301 dolor
1450 4244 1557 4318 qui
1587 4243 1802 4300 dicitur

135 4339 423 4412 corporis,
457 4337 573 4393 nisi
618 4335 921 4410 corruptio
979 4334 1292 4408 repentina
1325 4332 1532 4390 salutis
1561 4333 1692 4404 ejus
1715 4333 1799 4388 rei

134 4443 317 4499 quam
339 4427 501 4484 male
530 4426 776 4494 utendo,
810 4425 1018 4482 anima
1047 4421 1420 4496 corruptioni
1449 4421 1802 4478 obnoxiavit

136 4514 263 4588 [al.,
315 4517 454 4574 fecit
496 4515 892 4588 obnoxiam]?
923 4514 1078 4581 Quid
1108 4517 1197 4570 est
1251 4517 1458 4569 autem
1491 4512 1665 4568 dolor
1693 4511 1799 4585 qui

135 4603 347 4662 dicitur
374 4605 587 4676 animi,
613 4604 728 4661 nisi
744 4619 947 4661 carere
972 4601 1364 4659 mutabilibus
1380 4600 1561 4658 rebus
1581 4601 1804 4674 quibus

137 4691 447 4753 fruebatur
489 4698 593 4751 aut
620 4693 736 4750 frui
763 4709 825 4750 se
855 4709 1032 4766 posse
1065 4691 1460 4766 speraverat?
1493 4694 1550 4746 et
1568 4691 1684 4748 hoc
1714 4705 1807 4764 est

134 4787 321 4841 totum
363 4783 537 4858 quod
582 4783 800 4839 dicitur
846 4782 1097 4850 malum,
1149 4781 1212 4837 id
1242 4784 1335 4838 est
1381 4784 1702 4855 peccatum
1747 4783 1805 4836 et

135 4889 312 4947 paena
329 4873 665 4948 peccati].~]-
700 4871 866 4929 Idem
899 4871 962 4928 in
1001 4870 1239 4945 spalmo
1279 4886 1412 4926 vai
1452 4869 1538 4941 (in
1579 4869 1803 4943 princi-

135 4965 273 5037 pio).

204 5051 224 5125 [
244 5053 386 5120 Quis
413 5057 622 5112 autem
640 5056 917 5111 nostrum
933 5051 1203 5109 dicturus
1229 5053 1318 5106 est
1335 5065 1462 5107 non
1481 5065 1619 5106 esse
1637 5049 1804 5107 illam

137 5141 234 5198 Dei
242 5141 728 5200 benedictionem
740 5143 792 5199 si
803 5141 899 5199 vel
911 5140 1278 5212 agricultura
1289 5139 1342 5196 ei
1353 5139 1617 5196 fructum
1629 5138 1800 5227 ferat,

133 5230 225 5286 vel
240 5231 462 5290 domus
482 5233 779 5307 cujusque
799 5231 1068 5289 abundet
1089 5229 1266 5303 copia
1284 5244 1489 5285 rerum
1505 5232 1804 5301 tempora-

133 5316 558 5396 lium,velipsa
573 5321 844 5395 corporis
875 5320 1043 5377 salus
1069 5323 1174 5377 aut
1201 5323 1494 5387 teneatur,
1525 5333 1602 5374 ne
1633 5317 1804 5374 amit-

137 5411 310 5481 tatur,
335 5416 439 5469 aut
457 5412 686 5470 amissa
711 5417 1022 5485 reparatur
1042 5409 1070 5467 ‘I
1121 5409 1457 5466 fecunditas
1506 5407 1688 5464 etiam
1715 5406 1800 5464 fe-

139 5497 433 5557 minarum
443 5505 522 5569 ,et
536 5505 706 5558 casta
724 5517 801 5557 vo
809 5505 865 5557 ta
875 5499 1029 5556 ﬁlios
1039 5498 1511 5556 desiderantium
1525 5496 1606 5553 ad
1615 5512 1802 5570 quem

138 5589 579 5660 pertinent,nisi
599 5589 682 5648 ad
695 5589 1017 5647 Dominum
1040 5587 1265 5645 Deum?
1284 5587 1396 5654 Qui
1406 5586 1568 5643 enim
1578 5587 1803 5644 creavit

142 5679 384 5749 quando
410 5696 535 5737 non
565 5683 711 5742 erat.
743 5680 870 5753 ipse
891 5679 1077 5752 prolis
1099 5694 1387 5736 successu
1406 5675 1549 5734 facit
1565 5692 1801 5749 perma-

143 5780 282 5826 nere
295 5769 460 5842 quod
477 5769 764 5831 condidit.
773 5769 1066 5829 Facithaec
1087 5771 1263 5842 Deus,
1275 5767 1466 5831 donat
1476 5766 1604 5826 haec
1617 5765 1795 5826 Deus.

1909 3274 2044 3315 rum
2067 3261 2217 3316 nihil
2246 3262 2411 3319 aliud
2436 3281 2626 3337 quam
2650 3271 2901 3339 peccata
2923 3283 3052 3325 esse
3083 3286 3383 3344 susurras,
3441 3289 3581 3347 pec-

1911 3355 2185 3406 catorum
2242 3355 2550 3409 auctorem
2585 3357 2772 3412 Deum
2805 3357 3053 3415 minime
3083 3359 3344 3418 dicimus
3383 3381 3396 3433 ;
3426 3367 3574 3422 atta-

1911 3455 2069 3508 men,
2103 3441 2578 3516 quotiescunque
2619 3445 2710 3500 vel
2741 3446 2840 3501 hie
2885 3447 2980 3503 vel
3035 3449 3153 3506 illic
3182 3457 3431 3524 peccata
3454 3454 3581 3510 suis

1911 3530 2258 3586 auctoribus
2289 3531 2351 3586 in
2377 3549 2625 3606 pmnam
2657 3542 3105 3607 convertuntur,
3141 3543 3481 3600 secundum
3507 3561 3582 3602 ea

1910 3635 2047 3691 quae
2077 3620 2426 3691 praecedens
2453 3621 2616 3681 hunc
2640 3641 2840 3682 sermo
2881 3627 3263 3686 abundanter
3303 3634 3580 3707 exsequi-

1915 3711 2027 3776 tur,
2056 3723 2182 3764 non
2203 3708 2316 3764 nisi
2352 3712 2465 3766 Deo
2496 3711 2734 3769 vindice
2764 3713 2893 3769 fieri
2917 3715 3398 3787 proclamamus.

2485 3817 2725 3859 JOANNES
2777 3820 3000 3861 SCOTUS.

1989 3890 2152 3961 (Cap.
2193 3889 2300 3959 17).
2333 3889 2424 3945 Ea
2456 3895 2678 3956 tamen,
2709 3891 2934 3964 inquis,
2986 3895 3220 3952 ratione
3246 3904 3462 3955 auctor
3488 3915 3576 3956 eo-

1912 3992 2048 4030 rum
2079 3991 2202 4033 esse
2226 3977 2470 4046 dicitur,
2503 3984 2560 4035 et
2586 3981 2809 4050 factor,
2837 3986 2893 4038 et
2912 3985 3403 4056 prmdestinator,
3453 4005 3576 4060 qua

1913 4065 2213 4121 verissime
2263 4066 2533 4122 creditur
2596 4069 2775 4124 totius
2820 4071 3252 4142 universitatis,
3321 4077 3386 4132 in
3458 4093 3579 4149 qua

1913 4158 2052 4208 sunt
2089 4154 2295 4223 factor
2335 4160 2389 4211 et
2431 4156 2768 4213 ordinator.
2807 4159 2903 4215 Ita
2931 4161 3085 4217 enim
3114 4162 3309 4233 (num,
3343 4168 3395 4222 2.
3432 4169 3575 4223 sect.

1919 4242 1967 4312 1)
1999 4243 2290 4300 universa
2319 4250 2610 4302 creatura:
2639 4262 2782 4316 suae,
2818 4255 3142 4323 antequam
3172 4253 3361 4323 ipsam
3409 4272 3578 4313 crea-

1915 4337 2027 4400 ret,
2059 4337 2283 4390 statum
2309 4334 2792 4404 pulchritudinis
2841 4341 3302 4410 praedestinavit
3333 4360 3453 4403 esse
3479 4349 3578 4418 fu-

1918 4428 2144 4491 turum,
2193 4429 2258 4479 ut
2285 4425 2584 4482 malorum
2617 4428 2950 4498 turpitudo,
2975 4445 3156 4502 quam
3172 4449 3292 4490 non
3323 4437 3580 4505 praedes-

1918 4512 2154 4585 tinavit,
2179 4514 2323 4586 quia
2371 4529 2492 4572 non
2518 4529 2646 4572 eam
2677 4517 2956 4577 facturus
3000 4527 3147 4577 esset
3203 4523 3267 4578 in
3299 4526 3576 4584 universo

1917 4603 2114 4673 turpis
2142 4619 2264 4659 non
2288 4609 2454 4674 esset,
2498 4606 2738 4662 malitia
2766 4609 3108 4666 nocentium
3138 4627 3261 4668 non
3311 4621 3572 4687 noceret,

1916 4707 2088 4748 error
2107 4694 2444 4749 errantium
2468 4709 2590 4750 non
2618 4701 2871 4764 erraret,
2926 4698 3166 4756 miseria
3211 4704 3568 4773 torquendo-

1914 4796 2050 4836 rum
2098 4780 2452 4850 felicitatem
2484 4797 2605 4838 non
2639 4783 2914 4841 turbaret
2940 4787 3264 4845 electorum
3290 4805 3313 4857 ,·
3341 4793 3573 4849 nullius

1913 4871 2072 4927 enim
2103 4870 2439 4940 turpitudo,
2474 4873 2567 4928 vel
2593 4873 2831 4930 malitia
2856 4875 2950 4931 vel
2993 4890 3167 4934 error
3195 4894 3298 4936 seu
3330 4881 3574 4940 miseria

1904 4959 2410 5032 prredestinatum
2460 4967 2602 5019 ante
2657 4963 2884 5021 secula
2909 4969 3258 5026 naturalem
3302 4971 3572 5032 ordinem

1913 5048 2305 5108 dehonestare
2330 5051 2721 5122 permittitur.

2581 5155 2885 5202 CORRECTIO
2893 5187 2906 5202 ο

1983 5229 2026 5300 -ξ-
2058 5228 2113 5285 Si
2145 5243 2217 5284 eo
2244 5228 2431 5286 modo
2458 5228 2676 5286 dicitur
2701 5233 2857 5290 Deus
2883 5234 3075 5293 factor
3101 5241 3160 5294 et
3178 5240 3572 5312 praedestina-

1913 5320 2004 5376 tor
2054 5316 2509 5390 suppliciorum,
2557 5335 2682 5392 quo
2737 5322 3048 5382 verissime
3103 5327 3362 5384 creditur
3390 5331 3569 5387 totius

1911 5405 2337 5473 universitatis,
2382 5407 2446 5464 in
2476 5424 2601 5483 qua
2626 5413 2766 5466 sunt
2797 5411 2990 5470 factor
3017 5417 3074 5470 et
3128 5415 3437 5475 ordinator
3463 5436 3567 5478 ve-

1908 5496 2125 5554 raciter
2169 5496 2460 5554 nimirum
2530 5498 2721 5557 factor
2749 5503 2807 5556 et
2843 5503 3304 5575 praedestinator
3353 5523 3566 5567 eorum

1909 5585 2204 5646 dicendus
2216 5589 2324 5655 est,
2345 5587 2491 5661 quia
2504 5588 2812 5654 veraciter,
2844 5590 3034 5650 factor
3048 5596 3104 5650 et
3114 5594 3425 5656 ordinator
3440 5600 3570 5657 uni-

1909 5674 2202 5734 versitatis
2220 5674 2497 5734 habetur.
2522 5678 2674 5745 Quia
2691 5694 2834 5738 vero
2851 5683 2916 5738 tu
2935 5683 3232 5757 supplicia
3250 5702 3375 5744 non
3400 5688 3567 5747 aliud

1913 5781 2103 5840 quam
2132 5769 2384 5840 peccata
2413 5782 2548 5827 esse
2579 5769 2913 5844 contendis,
2963 5787 3088 5834 non
3141 5778 3232 5834 est
3255 5775 3355 5836 hic
3382 5778 3563 5841 nobis
