3950 6444
416 360 552 422 Im

1493 373 1550 429 S.
1591 373 1960 430 PRUIENTII
1996 372 2376 432 TRECENSIB
2413 376 2719 435 lPISCOPl

208 35 2695 125 Ἥ,

410 484 638 579 diutius
658 487 1134 563 immorandum,
1162 494 1455 565 quoniam
1486 496 1633 571 satis
1659 510 1959 571 superque
1986 498 2066 554 de
2090 504 2139 557 Α
2176 499 2292 567 nis,
2322 500 2405 557 ita
2428 506 2584 558 recte
2606 502 2683 560 de
2712 503 2845 576 ipso
2891 502 3010 559 dici
3057 504 3287 574 potest:
3316 501 3543 576 ubique
3572 508 3666 562 est
3691 521 3847 579 prae-

406 573 551 720 bullam
529 579 847 675 tractatum
874 579 938 636 in
975 580 1455 653 praecedentibus
1474 591 1747 657 constat;
1775 587 2067 661 quodque

555 680 623 720 s:

967 811 1203 853 JOANNBS
1242 814 1469 856 SCOTUS.

474 918 643 990 (Cap.
681 922 767 989 17,
794 934 963 978 num.
983 926 1039 987 3,
1064 928 1208 981 sect.
1237 927 1293 981 2.
1326 929 1367 979 Θ
1392 925 1542 984 Cum
1580 942 1724 998 ergo
1748 927 2062 986 audimus:

398 1006 851 1075 predestinavit
873 1011 1030 1069 Deus
1058 1013 1199 1070 illos
1228 1014 1321 1070 vel
1341 1015 1424 1071 ad
1454 1016 1769 1073 interitum
1801 1018 1896 1075 vel
1920 1032 2063 1087 sup-

399 1095 670 1166 plicium,
685 1098 778 1156 vel
792 1113 1145 1167 penas,seu
1162 1103 1639 1173 cruciatum,seu
1653 1106 2065 1178 quoquomodo

400 1185 605 1243 vocari
624 1188 769 1245 total
792 1188 1036 1247 miseria
1063 1205 1187 1262 qua
1216 1196 1526 1263 torquetur
1553 1195 1843 1266 iniquitas
1887 1210 1924 1253 a
1952 1197 2066 1253 sei-

393 1286 529 1341 psa,
558 1275 623 1331 in
649 1277 868 1346 seipsa,
895 1294 1008 1348 per
1030 1281 1306 1350 seipsam,
1341 1296 1464 1338 non
1497 1283 1673 1340 aliud
1721 1284 2068 1355 intelligere

395 1362 678 1431 iubemur
701 1381 883 1438 quam
936 1370 1133 1438 ipsum
1161 1376 1307 1429 ante
1350 1376 1620 1442 tempora
1669 1375 1980 1442 przscisse
2006 1379 2065 1430 et

389 1454 854 1520 prsidestinasse
880 1473 999 1527 quo
1021 1460 1235 1516 ordine
1259 1461 1671 1518 universitatis
1688 1463 1895 1532 futuri
1918 1468 2061 1518 sunt

395 1540 513 1611 illi,
544 1558 689 1613 quos
718 1548 1139 1617 occultissimo,
1176 1550 1513 1618 justissima
1564 1556 1784 1621 tamen,
1825 1552 2065 1620 judicio

396 1635 863 1692 amaritudinem
884 1643 1275 1705 peccatorum
1322 1655 1568 1696 suorum
1600 1642 1823 1697 sentire
1842 1642 2062 1711 permi-

393 1720 490 1791 sit,
513 1723 657 1795 quia
685 1739 778 1781 eos
807 1727 871 1781 in
892 1726 1230 1784 damnabili
1241 1729 1477 1799 origine
1503 1730 1771 1803 reliquit.

1107 1867 1431 1909 CORRBCTIO.

461 1973 504 2043 -1-
529 1971 685 2029 Licet
743 1972 983 2031 diversa
1054 1975 1281 2049 tibique
1344 1976 1601 2034 adversa
1631 1977 1923 2051 proferas,
1954 1980 2058 2053 qui

387 2062 843 2135 przedestinatos
863 2080 975 2137 pro
1018 2081 1143 2123 non
1170 2066 1613 2138 prwdestinatis
1645 2068 2053 2139 adstruxeras,

388 2151 649 2210 multum
673 2153 906 2213 veritati
930 2154 1474 2229 prmdestinationis
1495 2158 1876 2231 approprias,
1900 2174 2055 2232 prae-

387 2244 476 2301 ter
502 2241 607 2300 illa
633 2259 766 2316 quae
796 2259 837 2300 a
863 2243 1105 2301 veritate
1127 2244 1325 2302 aliena
1339 2245 1672 2304 interseris.
1702 2250 1855 2304 Nam
1882 2253 1940 2303 et
1961 2264 2056 2304 ve-

388 2330 531 2389 ritas
558 2332 675 2391 hoc
700 2332 927 2391 clamat
949 2350 962 2388 :
988 2333 1431 2391 Praaordinasse
1462 2337 1673 2404 Deum,
1694 2351 1817 2409 quo
1843 2335 2055 2393 ordine

388 2418 792 2479 universitatis
808 2420 994 2479 futuri
1018 2427 1161 2479 sunt
1175 2421 1285 2494 illi,
1304 2439 1462 2498 quos
1476 2424 1813 2497 justissima
1836 2441 1947 2482 suo
1960 2426 2055 2499 ju-

387 2507 545 2566 dicio
574 2509 1046 2567 amaritudinem
1069 2516 1457 2584 peccatorum
1507 2529 1757 2571 suorum
1806 2515 2051 2588 sentire,

385 2612 511 2657 non
540 2598 630 2672 (ut
650 2599 945 2668 mentiris)
967 2600 1258 2674 permisit,
1290 2600 1399 2658 sed
1417 2605 1484 2659 ut
1522 2618 1735 2663 verum
1762 2606 1850 2658 est
1887 2603 2045 2676 judi-

383 2688 563 2759 cavit,
606 2693 667 2748 et
706 2690 1040 2763 judicando
1080 2689 1406 2763 compellit.
1460 2693 1577 2748 Nec
1637 2691 1702 2748 id
1729 2691 1928 2749 solum
1963 2691 2049 2749 eis

380 2791 562 2849 paena
580 2782 687 2847 est,
710 2778 877 2853 quod
908 2795 1011 2836 eos
1040 2779 1103 2835 in
1133 2779 1469 2836 damnabili
1501 2783 1585 2852 (ut
1612 2779 1786 2850 dicis)
1813 2781 2048 2851 origine

383 2865 644 2939 reliquit,
673 2867 779 2924 sed
806 2868 1041 2925 reddita
1068 2872 1161 2925 est
1188 2868 1275 2926 eis
1293 2868 1474 2926 etiam
1493 2884 1678 2941 poena
1696 2870 1851 2941 ignis
1877 2877 2046 2927 reter-

382 2953 471 3024 ni,
494 2970 621 3031 qua
646 2960 1040 3033 torqueantur
1055 2956 1249 3016 inviti.

951 3098 1193 3141 10AM
1232 3098 1462 3145 scarus.

2178 588 2446 659 scientia,
2479 591 2585 647 sed
2612 608 2737 648 non
2758 592 2983 665 ubique
3004 595 3093 646 est
3118 590 3663 663 praedestinatione.
3689 596 3845 662 Quo-

2174 677 2340 734 niam
2369 679 2475 751 qni
2493 681 2697 738 omnia
2718 681 3033 753 prtescivit,
3064 684 3123 737 et
3140 679 3305 738 bona
3334 685 3392 738 et
3428 681 3618 748 mala,
3647 683 3711 741 id
3750 690 3845 742 est

2173 772 2448 838 peccata:
2472 784 2864 843 nequaquam
2877 768 3323 843 praedestinavit
3335 770 3450 827 nisi
3464 770 3651 837 bona,
3666 772 3731 829 id
3750 779 3845 833 est

2171 856 2650 915 misericordiam
2679 865 2735 916 et
2758 860 3075 931 judicium,
3098 860 3157 916 in
3178 875 3305 932 quo
3334 863 3478 918 sunt
3495 862 3681 920 etiam
3712 879 3837 937 pce-

2170 960 2268 1000 [ιω
2304 962 2442 1019 quae
2471 964 2508 1005 a
2546 965 2732 1005 sensu
2764 949 3118 1021 patientium
3141 948 3319 1005 malae
3350 955 3667 1021 vocantur,
3697 968 3837 1026 quas

2170 1035 2421 1092 omnino
2448 1037 2615 1094 nullo
2644 1043 2860 1112 praeter
2877 1038 3077 1111 ipsum
3107 1042 3352 1096 auctore
3372 1039 3547 1099 ﬁunt.

2250 1185 2579 1260 Postremo,
2602 1189 2768 1263 quod
2794 1187 2941 1246 dicis
2966 1190 3271 1247 veritatem
3296 1190 3565 1250 clamare
3588 1192 3660 1250 de
3688 1191 3831 1264 Deo,

2169 1283 2511 1354 ubicunque
2536 1281 2727 1351 fuerit
2754 1281 3107 1351 prescintia
3134 1280 3219 1337 ibi
3262 1296 3384 1338 esse
3437 1279 3828 1357 habitatione,

2167 1372 2541 1445 proindeque
2558 1370 2893 1441 ubicunque
2907 1371 3096 1440 luerit
3104 1372 3477 1442 praescintia,
3500 1388 3668 1430 neces
3676 1374 3831 1431 sario

2169 1477 2287 1520 esse
2336 1460 2887 1531 praedestinatione,
2946 1459 3100 1516 adeo
3147 1459 3424 1531 regulam
3478 1461 3745 1521 veritatis
3767 1468 3828 1519 et

2166 1550 2405 1624 pietatis
2433 1549 2889 1619 transgreditur,
2923 1554 2984 1604 ut
3014 1549 3408 1623 apertissimis
3437 1551 3828 1609 oraculorum

2167 1641 2508 1697 divinorum
2541 1638 2893 1695 testimoniis
2916 1638 3205 1694 resultare
3231 1639 3480 1698 minime
3499 1638 3828 1714 dubitetur,

2169 1729 2401 1786 dicente
2431 1729 2565 1801 ipsa
2594 1728 2843 1784 Veritate
2862 1745 2876 1782 :
2894 1728 2963 1784 Si
2986 1728 3117 1800 quis
3135 1729 3335 1799 diligit
3358 1745 3472 1799 me,
3499 1745 3831 1787 sermonem

2169 1836 2364 1877 meum
2386 1818 2671 1887 servabit,
2702 1824 2753 1875 et
2780 1819 2969 1875 Pater
3000 1833 3161 1874 meus
3210 1819 3423 1890 diliget
3451 1834 3602 1879 eum.
3639 1828 3697 1879 et
3748 1818 3837 1878 ad

2168 1925 2301 1967 eum
2329 1909 2643 1975 veniemus,
2676 1913 2731 1963 et
2778 1908 3143 1964 mansionem
3167 1906 3334 1977 apud
3357 1922 3491 1964 eum
3517 1909 3825 1979 faciemus

2170 1998 2621 2069 (Joan.nv,23)
2652 2014 2665 2052 :
2702 1999 2768 2052 Et
2794 1996 2937 2053 item
2972 2012 2987 2052 :
3017 1996 3095 2055 Et
3123 2011 3229 2066 ego
3279 1996 3501 2067 rogabo
3548 1997 3833 2070 Patrem,

2165 2095 2222 2146 et
2241 2089 2429 2145 alium
2449 2088 2832 2157 paracletum
2863 2086 3030 2143 dabit
3053 2086 3235 2149 vobis,
3266 2090 3330 2142 ut
3369 2093 3607 2144 maneat
3636 2087 3831 2143 vobis-

2164 2193 2297 2234 cum
2329 2178 2391 2234 in
2411 2182 2700 2234 ztemum
2737 2192 2757 2235 θ
2804 2175 3100 2245 Spiritum
3128 2175 3423 2243 veritatis,
3451 2191 3625 2247 quem
3654 2192 3832 2233 mun-

2162 2268 2275 2324 dus
2304 2283 2426 2323 non
2439 2272 2634 2338 potest
2661 2267 2932 2334 accipere
2952 2280 2975 2335 ;
3003 2265 3147 2338 quia
3178 2280 3298 2322 non
3331 2265 3491 2322 videt
3521 2281 3675 2329 eum,
3709 2281 3821 2323 nec

2159 2359 2271 2415 scit
2300 2373 2433 2414 eum
2464 2374 2477 2413 :
2519 2357 2629 2415 Vos
2645 2362 2845 2414 autem
2875 2357 3239 2426 cognoscetis
3269 2371 3425 2424 eum,
3454 2357 3599 2428 quia
3646 2357 3819 2429 apud

2159 2462 2260 2507 vos
2280 2446 2567 2518 manebit,
2594 2451 2649 2503 et
2679 2447 2743 2502 in
2781 2445 2942 2503 vobis
2972 2445 3085 2501 erit
3120 2445 3321 2517 (Joan.
3346 2461 3469 2509 xvx,
3507 2446 3616 2518 17).
3647 2444 3817 2505 Unde

2157 2540 2214 2593 et
2241 2536 2393 2593 liber
2437 2535 2744 2609 sapientia:
2775 2533 2917 2590 dicit
2950 2550 2963 2587 ε
3022 2533 3314 2600 Quoniam
3346 2536 3410 2591 in
3459 2535 3831 2593 malevolam

2156 2627 2422 2683 animam
2452 2639 2572 2681 non
2593 2624 2866 2682 introibit
2895 2624 3216 2693 sapientia,
3265 2638 3373 2680 nec
3422 2624 3719 2682 habitabit
3750 2626 3818 2680 in

2158 2729 2406 2784 corpore
2434 2714 2667 2771 subdito
2685 2713 2944 2785 peccatis
2977 2712 3144 2784 (Sap.
3176 2727 3217 2781 ι,
3240 2712 3329 2785 4);
3365 2714 3434 2770 Et
3456 2711 3815 2787 Apostolus:

2168 2804 2276 2859 Vos
2305 2808 2504 2859 autem
2533 2803 2599 2857 in
2623 2817 2805 2859 carne
2830 2817 2951 2858 non
2994 2801 3157 2871 estis,
3197 2801 3303 2859 sed
3342 2802 3407 2859 in
3458 2803 3679 2873 spiritu
3708 2814 3733 2874 ;
3773 2798 3835 2861 si

2155 2896 2353 2949 tamen
2370 2892 2636 2961 Spiritus
2660 2892 2766 2946 Dei
2781 2890 3015 2947 habitat
3032 2891 3095 2946 in
3114 2890 3463 2965 vobis,quod
3481 2892 3534 2947 si
3554 2891 3826 2962 Spiritus

2154 2981 2305 3051 ejus,
2363 2980 2471 3052 qui
2512 2980 2824 3037 suscitavit
2867 2983 3073 3036 Jesum
3114 2994 3154 3037 a
3181 2981 3454 3049 mortuis,
3484 2978 3723 3038 habitat
3752 2979 3817 3037 in

2154 3069 2338 3140 vobis,
2363 3070 2470 3142 qui
2486 3070 2799 3126 suscitavit
2815 3070 3020 3126 Jesum
3035 3069 3343 3127 Christum
3372 3084 3409 3126 a
3431 3069 3711 3136 mortuis,
3736 3066 3827 3125 vi-

2154 3159 2419 3229 viﬁcabit
2448 3164 2502 3215 et
2530 3159 2819 3216 mortalia
2857 3173 3113 3230 corpora
3143 3163 3341 3215 vestra
3366 3164 3616 3229 propter
3643 3156 3827 3213 inha-

458 3207 644 3321 ‘EB;
661 3206 2053 3321 17331331523835}?f’ffifi‘ii‘ffi’qﬁiszilfd
2073 3222 2119 3281 θ
2154 3206 3427 3321 zuv'e's'ss;¥zz;s;;'assist:
3449 3206 3593 3313 ἷιὲῐζ
3616 3206 3823 3317 οἷ’ἷῶ.

379 3298 689 3356 notissima
718 3299 1061 3371 differentia
1112 3301 1270 3355 inter
1290 3300 1738 3371 prwscientiam
1784 3304 1843 3355 et
1880 3314 2045 3370 prae-

380 3383 862 3458 destinationem,
885 3391 951 3441 ut
984 3402 1118 3442 cum
1142 3391 1379 3443 tantum
1415 3387 1536 3442 late
1556 3391 1766 3458 pateat
1793 3387 2050 3457 prwdes-

383 3473 597 3530 tinatio
617 3480 911 3546 quantum
935 3475 1318 3543 praescientia
1363 3474 1573 3543 (unum
1605 3478 1826 3548 quippe
1868 3481 2048 3547 atque

379 3559 534 3616 idem
554 3562 820 3617 divinam
842 3562 1112 3631 profecto
1139 3562 1536 3618 substantiam
1593 3564 2042 3637 signiﬁcantes),

376 3648 826 3718 praedestinatio
848 3649 932 3706 ad
953 3665 1023 3706 ea
1043 3655 1278 3706 tantum
1305 3667 1438 3722 quae
1465 3653 1526 3707 in
1557 3651 1707 3709 bono
1731 3659 1871 3708 sunt
1902 3669 2043 3723 per-

381 3738 588 3806 tineat,
632 3739 1016 3811 prazscientia
1069 3752 1206 3795 vero
1238 3739 1322 3795 ad
1349 3738 1505 3795 bona
1553 3741 1836 3813 malaque
1859 3755 1883 3810 ,·
1911 3756 2043 3811 quae

381 3832 579 3885 tamen
629 3827 977 3899 differentia
1002 3843 1123 3883 non
1153 3833 1239 3884 est
1287 3843 1362 3884 ea:
1406 3834 1654 3900 natura,
1694 3829 1799 3885 sed
1824 3843 1900 3885 ex
1929 3845 2041 3885 usu

378 3917 765 3976 locutionum.
796 3918 1303 3986 Quemadmodum
1335 3919 1489 3975 enim
1521 3918 1748 3976 dicitur
1790 3919 1864 3975 de
1884 3920 2033 3975 Deo:

377 4007 592 4081 ubique
638 4014 722 4067 est
763 4010 1106 4080 praesentia,
1162 4009 1268 4065 sed
1295 4024 1416 4066 non
1464 4009 1681 4081 ubique
1722 4015 1806 4065 est
1834 4011 2038 4081 gratia

373 4095 784 4172 habitationis,
805 4097 891 4156 ita
913 4098 986 4155 de
1010 4112 1073 4154 eo
1094 4097 1217 4154 dici
1230 4099 1450 4171 possit;
1471 4097 1689 4173 ubique
1712 4098 2036 4168 pravscien-

374 4187 462 4242 tia
510 4202 631 4243 non
652 4187 868 4261 ubique
885 4186 1420 4258 prwdestinatione
1447 4204 1459 4242 :
1495 4202 1631 4243 cum
1660 4188 2038 4258 apertissime

375 4274 597 4330 veritas
645 4275 865 4332 clamet
915 4275 988 4331 de
1038 4274 1197 4331 Deo:
1243 4275 1583 4349 ubicunque
1637 4277 1794 4333 Deus
1841 4277 2040 4347 fuerit

361 4364 717 4434 praesentia,
745 4363 831 4419 ibi
859 4364 1131 4434 profecto
1164 4366 1277 4420 erit
1308 4364 1684 4422 habitatione
1710 4379 1734 4422 .·
1754 4365 2036 4423 similiter

371 4449 712 4526 ubicunque
726 4452 918 4525 fuerit
943 4452 1351 4527 przscientia,
1385 4456 1714 4513 necessario
1743 4456 1858 4512 erit
1882 4471 2035 4527 pra:-

370 4538 789 4601 destinatione.

1036 4683 1366 4727 ωιιιεοπο.

434 4790 703 4861 fProcul
727 4791 915 4851 dubio
933 4790 1088 4851 falsa
1107 4798 1247 4850 sunt
1271 4809 1413 4869 quae
1464 4792 1834 4867 exsequeris,
1873 4793 2032 4852 sicut

367 4884 643 4958 superius
670 4882 916 4942 abunde
935 4884 1424 4942 monstravimus.
1466 4882 1663 4941 Primo
1686 4884 1854 4959 quod
1873 4900 2031 4958 pras-

366 4972 684 5032 destinatio
712 4977 770 5031 et
809 4973 1187 5048 praescientia
1210 4972 1313 5031 Del
1344 4973 1683 5031 substantia
1710 4988 1839 5031 non
1865 4979 2025 5045 sunt,

365 5062 512 5136 quia
529 5062 776 5121 relative
798 5068 957 5133 sunt,
988 5078 1124 5137 quae
1152 5079 1279 5121 non
1331 5064 1659 5122 ostendunt
1680 5063 2031 5122 essentiam.

365 5150 589 5208 Deinde
613 5152 780 5223 quod
798 5152 1169 5225 praescientia
1183 5160 1240 5211 et
1260 5150 1745 5227 prazsdestinatio
1764 5154 1919 5210 adeo
1936 5153 2029 5209 in-

364 5244 453 5298 ter
507 5256 571 5298 se
619 5239 923 5313 differunt,
961 5245 1029 5298 ut
1051 5244 1430 5315 praescieutia
1453 5244 1554 5299 Dei
1580 5244 1817 5300 dicatur
1841 5236 2023 5299 etiam

361 5330 425 5389 tu
468 5328 567 5388 his
616 5344 759 5405 quas
776 5329 913 5405 ipse
959 5344 1085 5388 non
1115 5330 1271 5400 fecit,
1302 5336 1369 5390 ut
1389 5336 1528 5389 sunt
1551 5334 1844 5405 peccata;
1876 5347 2024 5405 prae-

362 5417 685 5477 destinatio
709 5432 850 5477 vero
878 5419 942 5477 in
960 5418 1053 5477 his
1079 5419 1471 5478 solummodo
1487 5436 1622 5494 qua!
1660 5418 1797 5496 ipse
1836 5420 2027 5477 factu-

360 5522 464 5566 rus
484 5512 615 5566 erat
629 5505 726 5566 vel
748 5507 810 5567 in
831 5507 1177 5568 conditione
1194 5515 1252 5567 et
1271 5508 1650 5568 ordinatione
1670 5524 1896 5575 rerum,
1928 5508 2022 5566 vel

356 5597 420 5655 in
440 5597 728 5656 electione
754 5597 977 5671 gratias,
1002 5596 1095 5657 vel
1112 5600 1177 5657 iu
1197 5598 1703 5657 condcmuatione
1724 5597 2026 5655 inﬂexibiv

357 5687 431 5746 lis
451 5686 685 5764 iudicii,
708 5689 813 5747 sed
840 5705 1160 5764 nunquam
1188 5689 1416 5763 iujusti.
1439 5696 1521 5748 Ac
1550 5691 1795 5765 perhoc
1809 5704 2024 5764 quem-

358 5774 698 5832 admodum
717 5783 881 5835 recte
903 5780 1121 5835 dicitur
1136 5779 1213 5836 de
1232 5780 1387 5837 Deo:
1410 5780 1639 5854 ubique
1658 5785 1748 5838 est
1756 5794 2020 5854 praesen.

357 5860 445 5920 tta
461 5864 793 5933 potestatis,
815 5865 923 5922 sed
946 5878 1074 5923 non
1098 5864 1325 5938 ubiun
1349 5872 1443 5926 est
1470 5869 1662 5939 gratia
1702 5868 2019 5927 habitatio-

2156 3340 2225 3394 Et
2242 3354 2487 3396 rursum
2508 3355 2523 3394 :
2544 3339 2747 3395 Nolite
2771 3339 2993 3408 jugum
3018 3334 3235 3390 ducere
3260 3349 3392 3391 cum
3424 3330 3781 3404 inﬁdelibus
3810 3353 3822 3391 :

2156 3428 2467 3496 Quaenam
2490 3427 2878 3499 participatio
2891 3424 3147 3495 justitzae
3177 3438 3311 3479 cum
3340 3422 3687 3494 iniquitate,
3712 3428 3823 3483 aut

2154 3531 2284 3588 qua
2303 3518 2550 3572 societas
2568 3517 2690 3571 luci
2699 3514 2781 3571 ad
2796 3511 3073 3570 tenebras
3087 3514 3115 3566 Ρ
3130 3527 3262 3583 (μιᾶς
3277 3516 3476 3568 autem
3499 3514 3819 3569 conventio

2154 3604 2383 3662 Christi
2411 3606 2492 3662 ad
2512 3605 2737 3671 Belial,
2759 3607 2864 3660 aut
2888 3617 3020 3675 quae
3039 3616 3188 3671 pars
3215 3600 3388 3671 ﬁdeli
3416 3616 3549 3657 cum
3578 3599 3826 3669 inﬁdeli

2150 3694 2255 3765 qui
2275 3700 2473 3752 autem
2506 3708 2822 3753 consensus
2878 3691 3097 3762 templo
3129 3691 3237 3746 Dei
3263 3705 3397 3748 cum
3428 3688 3605 3745 idolis
3628 3695 3655 3746 ?
3706 3689 3814 3747 Vos

2150 3782 2307 3837 enim
2335 3784 2475 3839 estis
2498 3782 2786 3851 templum
2830 3780 2942 3836 Dei
2995 3780 3116 3836 vivi
3142 3794 3165 3835 .·
3212 3779 3368 3835 sicut
3425 3777 3582 3835 dixit
3627 3778 3816 3847 Deus,

2148 3870 2429 3941 quoniam
2462 3869 2810 3928 inhabitabo
2839 3870 2903 3924 in
2933 3868 3078 3934 illis,
3106 3873 3161 3924 et
3191 3864 3598 3939 inambulabo,
3625 3872 3683 3923 et
3717 3882 3818 3926 ero

2148 3959 2396 4015 illorum
2418 3960 2600 4025 Deus,
2629 3965 2682 4015 et
2706 3960 2825 4029 ipsi
2853 3962 3031 4015 erunt
3081 3957 3233 4014 mihi
3248 3957 3516 4027 populus
3546 3956 3632 4029 (II
3667 3955 3808 4014 Cor.

2146 4064 2233 4117 ω,
2295 4050 2381 4117 14,
2441 4048 2527 4117 15,
2564 4047 2681 4118 16):
2736 4049 2801 4103 Et
2829 4047 3047 4103 iterum
3080 4047 3215 4102 :An
3255 4047 3492 4103 nescitis
3521 4047 3811 4117 quoniam

2144 4136 2412 4193 membra
2442 4141 2636 4193 vestra
2664 4137 2951 4207 templum
2978 4143 3059 4192 est
3092 4136 3358 4205 Spiritus
3386 4135 3583 4192 sancti
3606 4135 3723 4206 qui
3752 4137 3810 4191 in

2146 4226 2305 4286 vobis
2335 4231 2438 4297 est,
2462 4241 2634 4298 quem
2664 4225 2893 4284 habetis
2921 4241 2959 4283 a
2986 4227 3106 4282 Deo
3128 4229 3156 4281 ?
3185 4225 3247 4294 (Ι
3272 4226 3412 4291 Cor.
3439 4241 3501 4281 v1
3526 4226 3643 4291 19.)
3670 4225 3807 4293 Qui-

2142 4316 2259 4372 bus
2288 4314 2574 4372 omnibus
2601 4313 2788 4389 liquet
2840 4315 3031 4371 Deum
3073 4312 3419 4371 nullatenus
3462 4310 3807 4370 inhabitare

2141 4404 2257 4460 nisi
2290 4401 2583 4477 templum
2603 4419 2806 4467 suum,
2834 4402 3131 4477 templum
3156 4418 3300 4459 vero
3330 4401 3460 4473 ejus
3501 4416 3625 4457 non
3679 4416 3803 4458 esse

2142 4492 2259 4550 nisi
2284 4494 2563 4551 membra
2587 4492 2799 4551 Christi
2819 4492 3052 4549 dicente
3073 4491 3287 4548 eodem
3303 4489 3587 4565 Apostolo
3619 4506 3634 4546 :
3668 4490 3804 4548 Nes-

2059 4578 2111 4636 D
2144 4584 2275 4640 citis
2300 4583 2586 4654 quoniam
2613 4597 2871 4652 corpora
2901 4586 3101 4639 vestra
3120 4580 3385 4639 membra
3412 4579 3641 4637 Christi
3662 4582 3802 4636 sunt

2146 4671 2344 4744 (Ibid,
2378 4672 2485 4744 15).
2509 4674 2632 4728 Hoc
2658 4670 2881 4728 clamat
2924 4671 3167 4741 veritas,
3220 4668 3336 4727 hoc
3365 4664 3659 4743 pradicet
3687 4667 3801 4743 pie-

2143 4764 2255 4832 tas,
2280 4761 2469 4816 Deum
2496 4775 2621 4817 non
2648 4758 2923 4816 habitare
2952 4758 3069 4815 nisi
3099 4758 3160 4814 in
3212 4753 3439 4831 templo
3468 4772 3579 4814 suo
3604 4774 3621 4826 ',
3653 4761 3794 4815 tem-

2138 4848 2311 4923 plum
2362 4848 2495 4922 ejus
2544 4863 2670 4905 non
2723 4863 2852 4904 esse
2904 4847 3021 4905 nisi
3045 4851 3293 4905 sanctos
3324 4861 3487 4903 suos.
3509 4844 3660 4901 Hinc
3693 4855 3795 4901 Au-

2138 4937 2417 5008 gustinus
2436 4936 2500 4993 in
2534 4934 2689 4993 libro
2720 4935 2802 4993 ad
2827 4936 3177 4994 Dardanum
3220 4932 3301 4992 de
3346 4933 3670 4995 Prassentia
3700 4927 3794 4990 Dei

2136 5027 2353 5099 (Eipst.
2387 5030 2453 5082 57
2485 5025 2568 5082 ad
2593 5026 2956 5083 Dardanum
2979 5031 3117 5083 ante
3146 5023 3462 5098 medium).

2210 5150 2449 5224 [Verum
2482 5149 2629 5207 illud
2657 5154 2753 5208 est
2783 5150 2979 5209 multo
3428 5147 3600 5223 qmd
3656 5160 3786 5209 cum

2138 5243 2297 5300 Deus
2323 5240 2553 5314 ubique
2576 5240 2651 5297 sit
2674 5244 2853 5309 totus,
2880 5256 3011 5299 non
3054 5244 3265 5299 nmen
3285 5240 3353 5298 in
3379 5239 3669 5298 omnibus
3691 5238 3788 5297 Iw

2131 5330 2284 5388 bitat
2305 5347 2323 5387 :
2343 5343 2469 5387 non
2487 5329 2652 5386 enim
2676 5329 2967 5387 omnibus
2986 5329 3105 5387 dici
3122 5328 3526 5405 potest,un
3545 5328 3630 5387 ait
3642 5334 3789 5400 Lpo-

2132 5421 2342 5490 stolus,
2370 5419 2463 5477 vel
2479 5419 2644 5493 quod
2655 5420 2787 5492 jam
2816 5419 2989 5493 dixit,
3011 5419 3110 5477 vel
3125 5421 3311 5479 etiam
3334 5418 3487 5477 illud
3508 5416 3785 5477 :Nesoitit

2128 5512 2274 5584 quia
2303 5510 2592 5581 templum
2618 5510 2731 5567 Dei
2754 5511 2913 5581 estis,
2937 5515 2997 5568 et
3024 5508 3681 5581 SpiritusDeihabitat
3722 5507 3781 5561 in

2128 5597 3492 5672 vobis?Undeetecontmriodequibusdam
3520 5592 3779 5655 idemdi-

2127 5690 2205 5747 cit
2228 5706 2242 5747 :
2263 5689 2756 5762 Quisquisautem
2770 5689 3070 5762 Spiritum
3086 5690 3315 5748 Christi
3326 5704 3449 5747 non
3472 5689 3672 5755 habet,
3687 5684 3775 5742 hic

2126 5796 2254 5838 non
2304 5786 2390 5836 est
2443 5779 2783 5851 ejusU‘tom.
2839 5781 2987 5852 7m).
3016 5780 3163 5847 Quis
3186 5793 3371 5853 porro
3404 5778 3629 5837 audeat
3652 5773 3771 5849 opi-

2124 5867 2711 5943 natqu
2758 5868 3346 5943 musam
3391 5862 3768 5943 pnis-rn-
