3950 6370
120 275 255 332 1285

1038 277 1160 332 'DE
1199 273 1875 338 PREDISTINATIORI
1908 275 2194 335 CONTRA
2229 278 2279 337 J.
2321 277 2617 338 SCOTUM.

3420 282 3561 341 1286

114 400 318 457 uitatis
342 399 602 470 ignorat,
619 400 787 472 quod
802 400 867 457 in
886 400 1093 474 aliquo
1109 402 1386 460 habitare
1407 404 1597 476 possit
1618 403 1786 457 Pater
1820 402 1870 461 Δ
1901 402 2401 472 quemadmodum
2425 404 2752 474 praesentia
2771 406 2827 459 et
2843 401 3139 463 habitatio
3163 403 3279 460 Dei
3303 419 3427 463 non
3473 411 3558 463 est

115 493 171 545 et
200 489 381 545 Filius
410 488 473 544 in
498 504 622 561 quo
647 504 773 545 non
800 490 1030 548 habitet
1073 491 1324 564 Spiritus
1365 497 1635 557 sanctus,
1681 493 1785 547 aut

114 580 175 634 in
206 578 413 652 aliquo
446 578 698 651 Spiritus
719 585 964 636 sanctus
992 580 1058 636 in
1084 597 1208 654 quo
1236 597 1362 638 non
1413 586 1470 638 et
1501 583 1676 638 Pater
1728 583 1787 637 et

114 668 343 725 Filius?
375 667 543 724 Unde
572 667 897 725 fatendum
927 673 1016 726 est
1044 670 1269 743 ubique
1294 686 1430 726 esse
1460 673 1648 726 Deum
1678 683 1786 741 per

112 757 445 814 divinitatis
471 758 883 830 praesentiam,
917 759 1025 815 sed
1053 775 1179 816 non
1209 759 1435 832 ubique
1462 775 1571 831 per
1617 758 1787 816 habi-

113 847 361 903 ta'ionis
378 846 571 917 gratia
594 864 630 899 li
644 891 657 903 .
679 848 700 899 l
721 852 925 921 ropter
942 848 1101 905 hanc
1117 849 1280 905 enim
1294 848 1733 906 habitationem
1767 864 1782 915 ;

114 933 219 991 ubi
243 935 452 1007 procul
475 934 665 991 dubio
684 936 878 1005 gratia
898 936 1235 993 dilectionis
1258 938 1388 1009 ejus
1412 936 1782 1006 agnoscitur,

114 1039 239 1080 non
266 1024 562 1080 diximus:
598 1028 767 1081 Pater
797 1029 1000 1081 noster
1026 1026 1131 1098 qui
1157 1041 1223 1082 es
1267 1026 1495 1099 ubique
1540 1025 1699 1097 (cum
1726 1028 1785 1083 et

113 1113 229 1170 hoc
251 1128 464 1169 verum
490 1114 624 1185 sit);
687 1111 795 1169 sed
846 1115 1037 1171 Pater
1061 1120 1280 1178 noster,
1311 1117 1417 1187 qui
1442 1130 1502 1173 es
1530 1115 1593 1170 in
1618 1114 1783 1172 cretis

114 1202 354 1273 (Matth,
384 1219 462 1273 vi,
492 1204 548 1275 9)
582 1221 597 1259 :
631 1207 699 1258 ut
724 1203 1019 1277 templum
1038 1204 1167 1276 ejus
1196 1205 1398 1277 potius
1419 1204 1485 1260 in
1511 1203 1784 1261 oratione

113 1308 688 1362 commemoramus,
722 1293 891 1366 quod
914 1298 972 1351 et
995 1310 1111 1349 nos
1137 1295 1252 1367 ipsi
1280 1311 1418 1350 esse
1464 1293 1782 1363 debemus,

113 1385 172 1437 et
200 1381 266 1437 in
295 1386 592 1454 quantum
615 1397 845 1449 sumus,
876 1382 938 1437 in
966 1386 1202 1439 tantum
1231 1381 1311 1438 ad
1338 1383 1471 1453 ejus
1534 1382 1783 1439 societa-

112 1477 238 1526 tem
263 1475 322 1527 et
346 1468 691 1543 adoptionis
717 1470 1013 1528 familiam
1058 1472 1453 1544 pertinemus.
1519 1471 1579 1526 Si
1619 1470 1781 1528 enim

112 1558 376 1632 populus
399 1559 505 1616 Dei
533 1559 807 1616 nondum
834 1559 1029 1616 factus
1051 1559 1303 1633 aequalis
1333 1560 1565 1629 angelis
1628 1560 1781 1631 ejus:

111 1648 313 1705 adhuc
336 1650 398 1705 in
422 1648 538 1705 ista
565 1648 1050 1721 peregrinatione
1077 1648 1297 1705 dicitur
1324 1649 1623 1721 templum
1649 1649 1780 1720 eius

1895 493 2016 548 nisi
2039 492 2105 549 in
2130 494 2222 553 his
2250 508 2383 565 quae
2408 493 2485 551 ab
2510 508 2575 549 eo
2592 493 2767 565 facta
2796 497 2957 561 sunt,
2984 491 3073 549 ita
3097 493 3226 565 eius
3242 493 3561 563 praescieri-

1895 582 1981 638 tia
2006 588 2061 639 et
2084 583 2537 652 praedestinatio
2566 598 2687 640 non
2713 582 2834 639 nisi
2870 596 3075 639 eorum
3106 596 3240 655 qua:
3262 583 3395 653 ipse
3430 583 3564 652 fac-

1897 676 2068 728 turus
2089 678 2254 740 esset,
2287 672 2589 731 credenda
2614 676 2778 728 sunt.
2816 670 2908 727 Ac
2931 685 3045 743 per
3092 670 3225 744 hoc,
3277 669 3561 745 quemad-

1893 760 2133 819 modum
2146 762 2482 830 praesentia
2509 763 2639 833 ejus
2661 764 2717 819 et
2737 759 3030 818 habitatio
3050 760 3114 815 in
3144 759 3258 831 his,
3281 775 3415 833 qua
3450 775 3561 819 nec

1893 849 1970 909 ab
1994 865 2060 906 eo
2089 856 2250 917 sunt,
2281 865 2389 908 nec
2418 865 2488 909 ea
2509 850 2686 921 facit,
2711 866 2744 906 e
2773 848 3073 907 contrario
3102 863 3225 907 esse
3243 848 3558 919 dicuntur,

1894 954 2029 1001 cum
2049 940 2115 997 in
2145 941 2225 996 eis
2247 955 2370 996 non
2401 941 2554 1007 sint;
2587 939 2676 995 ita
2706 938 3093 1010 prascientia
3122 939 3251 1009 ejus
3295 943 3351 995 et
3395 952 3562 1009 prce-

1892 1027 2211 1088 destinatio
2241 1042 2273 1085 e
2300 1027 2601 1084 contrario
2626 1028 3070 1097 pronuntiatur
3114 1026 3179 1082 in
3225 1026 3351 1084 illis
3424 1040 3557 1100 qua.“

1893 1131 2013 1174 non
2034 1117 2204 1187 fecit,
2233 1131 2344 1174 nec
2379 1117 2653 1189 donavit,
2684 1117 2833 1188 quia
2852 1115 3012 1173 nihil
3024 1121 3189 1173 sunt.
3476 1122 3487 1129 ’

2563 1272 2869 1315 CORRECTIO
2877 1299 2891 1312 .

1963 1382 1999 1450 'i
2028 1381 2129 1439 Dei
2159 1382 2481 1455 praesentia
2500 1381 2725 1457 ubique
2753 1382 2816 1439 in
2838 1382 3022 1440 sacris
3051 1381 3305 1454 eloquiis
3334 1381 3552 1456 praedi-

1892 1477 2083 1542 catur,
2115 1472 2246 1543 ejus
2272 1472 2566 1530 habitatio
2595 1487 2722 1528 non
2748 1471 2864 1528 nisi
2892 1471 2954 1527 in
2978 1471 3202 1543 templo
3227 1470 3417 1545 ipsius
3470 1470 3558 1531 in-

1891 1561 2148 1618 venitur.
2180 1565 2492 1634 Nusquam
2536 1560 2698 1617 enim
2754 1560 2982 1635 ubique
3030 1561 3221 1616 Deum
3261 1559 3557 1629 habitare,

1892 1650 2043 1708 sicut
2070 1650 2299 1725 ubique
2319 1667 2455 1708 esse
2485 1650 2769 1725 reperies,
2798 1649 2917 1709 nisi
2946 1649 3010 1707 in
3060 1649 3179 1707 tuis
3223 1648 3432 1724 tuique
3487 1646 3560 1705 si-

113 1739 160 1811 (1
184 1739 323 1795 Cor.
354 1753 437 1803 ui,
474 1738 578 1810 16),
600 1744 835 1811 quanto
859 1738 1060 1809 magis
1086 1744 1177 1796 est
1204 1739 1504 1811 templum
1530 1740 1664 1809 ejus
1717 1738 1780 1795 in
1818 1760 1856 1823 η
1889 1741 2123 1798 milium
2152 1740 2534 1799 ﬂectionibus
2578 1757 2592 1796 :
2648 1739 2798 1799 Dicit
2826 1739 2991 1797 enim
3039 1739 3168 1813 ipse
3220 1737 3512 1796 Dominus
3539 1754 3553 1794 :

111 1826 296 1897 cmlis,
334 1826 439 1883 ubi
467 1832 556 1884 est
576 1826 1249 1901 populus‘angelorum,
1294 1827 1519 1901 quibus
1573 1843 1781 1897 aggre-

111 1917 294 1988 gandi
314 1922 373 1975 et
400 1919 760 1991 coaequandi
790 1935 1021 1986 sumus,
1049 1936 1214 1985 cum,
1239 1919 1410 1976 ﬁnita
1435 1918 1780 1991 peregrina-

110 2008 291 2072 tione,
328 2008 494 2082 quod
545 2008 913 2081 promissum
971 2014 1063 2065 est
1108 2008 1570 2081 sumpserimus.
1627 2010 1778 2064 Cum

110 2097 290 2166 igitur
315 2097 423 2171 qui
460 2097 685 2170 ubique
736 2102 848 2163 est,
898 2114 1025 2155 non
1069 2098 1131 2154 in
1190 2098 1477 2154 omnibus
1526 2096 1775 2164 habitet,

106 2187 373 2243 etiamin
402 2187 629 2261 quibus
657 2187 915 2253 habitat,
949 2204 1074 2245 non
1128 2187 1440 2261 aequaliter
1493 2185 1776 2257 habitat.]

105 2278 146 2346 «ι-
167 2276 355 2348 (Idem
386 2277 555 2345 ibid.,
586 2277 771 2349 paulo
792 2279 972 2350 post.)
999 2278 1187 2349 [Sicut
1208 2282 1414 2333 autem
1437 2293 1549 2333 nec
1570 2274 1649 2332 ab
1670 2275 1775 2332 illo

107 2365 277 2422 abest
303 2365 369 2422 in
398 2381 525 2438 quo
549 2381 674 2422 non
699 2365 951 2430 habitat,
980 2371 1038 2421 et
1063 2370 1223 2423 totus
1254 2366 1444 2436 adest,
1488 2364 1774 2438 quamvis

107 2470 243 2511 eum
271 2454 371 2512 ille
400 2471 525 2513 non
545 2455 791 2523 habeat,
821 2456 905 2512 ita
927 2460 985 2513 et
1004 2456 1099 2511 ille
1126 2456 1187 2511 in
1209 2472 1334 2528 quo
1356 2455 1596 2513 habitat
1615 2458 1775 2511 totus

106 2549 193 2600 est
220 2560 510 2617 prensans,
537 2545 822 2617 quamvis
849 2560 977 2603 non
1036 2561 1111 2602 ex
1167 2550 1290 2602 toto
1340 2561 1481 2603 eum
1528 2542 1776 2619 capiat.)

109 2634 318 2701 (Idem,
350 2634 521 2704 ibid,
551 2635 613 2689 in
640 2633 842 2690 medio
868 2635 904 2706 :)
1442 2622 1451 2629 ’

173 2724 352 2795 [Cum
374 2723 579 2796 itaque
609 2723 1012 2796 proﬁcientes,
1056 2723 1118 2779 in
1164 2722 1389 2797 quibus
1442 2721 1775 2781 mortalitas

104 2810 361 2884 habitat,
381 2812 533 2869 dum
548 2812 625 2869 de
642 2812 741 2869 die
755 2812 817 2868 in
838 2812 1002 2869 diem
1018 2817 1414 2883 renovantur,
1428 2812 1627 2882 magis
1646 2827 1774 2868 ma-

107 2902 318 2975 gisque
340 2902 647 2974 justiﬁcet,
670 2902 955 2960 exaudiat
981 2908 1243 2970 orantes,
1273 2903 1528 2961 mundat
1582 2902 1771 2959 conti—

1892 1831 2125 1887 Caelum
2155 1836 2211 1888 et
2243 1837 2471 1888 terram
2500 1845 2606 1902 ego
2635 1830 2853 1901 impleo
2910 1828 3149 1901 (Jerem.
3188 1842 3356 1896 mu,
3412 1826 3504 1896 24)
3538 1842 3554 1887 :

1887 1922 1955 1977 Et
1978 1920 2277 1992 Propheta
2297 1919 2378 1975 ad
2408 1935 2548 1975 eum
2578 1936 2591 1975 :
2628 1918 2752 1987 Quo
2784 1918 2877 1975 ibo
2898 1932 2937 1974 a
2955 1917 3177 1987 spiritu
3207 1921 3333 1989 tuo,
3354 1918 3412 1973 et
3437 1929 3554 1987 quo

1886 2023 1926 2065 a
1944 2009 2106 2079 facie
2137 2015 2241 2067 tua
2269 2008 2506 2080 fugiam
2527 2011 2556 2065 ?
2583 2008 2654 2064 Si
2671 2007 2994 2064 ascendere
3024 2006 3087 2063 in
3119 2005 3355 2073 cretum,
3385 2008 3452 2063 tu
3482 2003 3555 2061 il-

1888 2099 1968 2156 lic
1992 2112 2090 2169 es;
2116 2100 2171 2155 si
2198 2098 2554 2156 descendero
2576 2099 2640 2154 in
2669 2097 3001 2168 infernum,
3032 2095 3217 2169 ades;
3268 2096 3321 2151 si
3346 2109 3553 2169 sump-

1883 2204 2015 2246 sero
2035 2204 2272 2259 pennas
2296 2203 2456 2246 meas
2483 2187 2776 2261 diluculo,
2806 2193 2862 2242 et
2890 2185 3239 2244 habitavere
3269 2184 3332 2241 in
3354 2188 3553 2243 extre-

1882 2280 1993 2335 mis
2021 2278 2229 2341 maris,
2257 2279 2468 2335 etenim
2498 2277 2649 2334 illuc
2677 2290 2893 2333 manus
2924 2279 3030 2331 tua
3061 2273 3312 2331 deducet
3339 2286 3453 2338 me,
3488 2277 3545 2329 et

1885 2367 2103 2424 tenebit
2122 2383 2216 2423 me
2233 2366 2485 2424 dextera
2516 2370 2641 2422 tua.
2674 2365 2752 2421 Et
2773 2364 2925 2422 diari.
2956 2363 3243 2419 Forsitan
3292 2360 3551 2419 tenebm

1883 2456 2322 2514 conculcabunt
2351 2469 2463 2524 me,
2521 2460 2577 2512 et
2632 2469 2757 2511 ηοω
2812 2452 3182 2511 illuminatio
3207 2451 3273 2507 in
3316 2449 3547 2507 deliciis

1881 2547 2043 2603 meis.
2078 2545 2230 2613 Quia
2250 2544 2512 2602 tenebrae
2532 2558 2653 2599 non
2673 2541 3159 2601 obscurabuntur
3178 2555 3218 2599 a
3245 2548 3321 2607 te,
3349 2542 3405 2597 et
3424 2553 3549 2599 nos:

1880 2637 2035 2692 sicut
2062 2635 2189 2692 dies
2217 2633 2671 2692 illuminabitur
2706 2649 2720 2688 :
2743 2633 2899 2690 sicut
2921 2630 3181 2691 tenebrw
3205 2632 3358 2702 ejus,
3387 2629 3475 2687 ita
3495 2631 3551 2687 et

1883 2726 2083 2783 lumen
2114 2727 2242 2795 ejus
2275 2726 2397 2791 (Ps.
2433 2738 2711 2790 cxxxvm,
2739 2728 2794 2791 7,
2826 2722 2935 2792 l2).
2988 2723 3118 2777 Non
3153 2733 3297 2789 ergo
3346 2733 3384 2775 a
3413 2732 3552 2774 con-

1888 2815 2085 2873 trario
2107 2814 2198 2885 (ut
2224 2812 2386 2871 fatue
2406 2812 2654 2885 desipis)
2669 2813 2829 2869 Deus
2846 2810 3045 2867 inesse
3065 2808 3283 2869 dicitur
3301 2806 3553 2880 ubique,

1882 2904 2029 2977 quia
2055 2918 2181 2960 non
2206 2918 2246 2961 a
2281 2903 2588 2960 contrario
2609 2901 2772 2959 dicta
2799 2904 2941 2959 sunt
2958 2915 3100 2973 quas
3120 2896 3550 2973 praemisimus,

106 2995 315 3059 tentes,
348 2995 416 3048 ut
442 2992 727 3049 exhibeat
755 2992 867 3048 sibi
888 2993 1183 3065 templum
1206 2992 1671 3050 immaculatum
1707 2992 1771 3047 in
1877 2993 1975 3053 vel
2002 2992 2080 3049 ab
2107 2992 2238 3062 ipso
2266 2990 2364 3047 vel
2389 3006 2427 3047 a
2455 2989 2763 3062 prophetis
2793 2989 2947 3060 ejus.
2975 2986 3270 3045 Veraciter
3283 3000 3551 3059 namque

106 3085 420 3151 aeternum,
452 3081 665 3137 merito
695 3080 912 3137 dicitur
939 3097 1063 3136 non
1091 3081 1368 3138 habitare
1399 3080 1464 3137 in
1503 3081 1587 3137 eis
1644 3080 1770 3153 qui,
1807 3114 1857 3177 ὓ
1880 3081 2121 3138 dicebat
2143 3078 2308 3136 idem
2337 3078 2674 3177 propheta:
3146 3091 3162 3130 :
3217 3074 3418 3177 ttiolite
3440 3073 3552 3131 ini-

106 3175 523 3240 eognoscentes
553 3172 764 3236 Deum,
805 3185 928 3227 non
977 3172 1134 3225 sicut
1172 3171 1362 3225 Deum
1399 3170 1773 3239 gloriﬁcave-

105 3265 273 3325 runt,
298 3260 398 3316 vel
426 3261 661 3330 gratias
708 3267 958 3328 egerunt
1013 3258 1206 3329 (Rom.
1232 3276 1274 3329 ι,
1302 3258 1391 3330 21)
1443 3276 1457 3314 :
1518 3258 1773 3317 colendo

106 3349 290 3417 enim,
323 3351 383 3402 et
413 3346 729 3402 serviendo
753 3351 1042 3403 creaturas
1067 3347 1272 3420 potius
1296 3364 1486 3420 quam
1530 3348 1775 3404 Creato-

106 3436 172 3507 ri,
200 3451 331 3493 non
359 3434 539 3490 unius
567 3434 692 3490 veri
722 3434 824 3491 Dei
845 3435 1139 3508 templum
1169 3451 1235 3490 se
1264 3450 1394 3490 esse
1432 3435 1773 3492 voluerunt.

108 3525 319 3596 (Idem,
351 3524 523 3590 ibid.,
556 3522 636 3580 ad
662 3524 956 3595 medium)
982 3542 995 3579 :
1021 3524 1431 3589 Quamobrem
1467 3528 1643 3587 Deus.
1668 3524 1778 3598 qui

111 3613 335 3688 ubique
357 3629 626 3686 praesens
656 3616 749 3669 est
784 3617 841 3669 et
866 3612 1091 3685 ubique
1118 3618 1301 3681 totus,
1334 3628 1460 3670 non
1485 3614 1546 3670 in
1576 3613 1777 3670 omni-

109 3702 224 3760 bus
250 3702 508 3771 habitat,
532 3702 638 3758 sed
665 3702 728 3758 in
752 3703 838 3758 eis
857 3706 1096 3758 tantum
1124 3718 1279 3775 quos
1306 3702 1485 3759 efficit
1502 3703 1778 3760 beatissi-

111 3808 277 3848 mum
309 3792 608 3865 templum
638 3808 841 3858 suum,
872 3791 968 3848 vel
993 3791 1347 3849 beatissima
1389 3794 1615 3866 templa
1642 3809 1778 3864 sua,

114 3895 323 3939 eruens
343 3897 441 3939 eos
462 3897 500 3938 a
518 3886 815 3951 potestate
845 3882 1250 3952 tenebrarum,
1301 3888 1357 3939 et
1404 3883 1781 3953 transferens

115 3972 177 4027 in
206 3986 462 4043 regnum
484 3972 634 4027 Filii
662 3971 984 4027 charuatis
1006 3987 1130 4027 suae
1148 3971 1319 4044 quod
1360 3971 1568 4044 incipit
1597 3987 1635 4029 a
1689 3988 1782 4027 re-

116 4061 499 4129 generatione
524 4060 681 4131 (Col.
713 4076 757 4130 ι,
802 4060 907 4130 13).
940 4059 977 4125 -ὶ-
1006 4060 1189 4130 (Idem
1248 4061 1421 4129 ibid.,
1469 4076 1660 4133 prope
1713 4060 1783 4116 ﬁ-

114 4149 292 4221 nem).
314 4150 477 4205 Deus
504 4148 685 4217 igitur
713 4148 940 4220 ubique
968 4163 1241 4221 presens
1280 4154 1390 4219 est,
1445 4154 1501 4205 et
1555 4148 1782 4222 ubique

118 4242 270 4295 totus
287 4254 578 4312 praesens,
612 4254 726 4294 nec
751 4237 978 4311 ubique
1007 4237 1313 4306 habitans,
1341 4237 1448 4294 sed
1467 4238 1529 4295 in
1551 4238 1781 4312 templo

118 4342 243 4395 suo,
265 4328 364 4384 cui
386 4343 499 4401 per
523 4327 780 4398 gratiam
820 4326 1125 4397 benignus
1181 4331 1269 4384 est
1323 4332 1381 4383 et
1435 4327 1783 4402 propitius.)

117 4417 158 4485 ἰ-
184 4420 311 4473 Non
329 4422 422 4475 est
442 4416 626 4488 igitur
653 4416 991 4473 differentia
1012 4416 1169 4473 inter
1218 4416 1663 4489 praescientiam
1725 4421 1785 4476 et

117 4507 704 4578 pmdestinationem
742 4511 989 4579 sumpta
1041 4522 1163 4562 usu
1217 4505 1566 4573 locutionis,
1592 4506 1701 4564 sed
1744 4522 1784 4567 δ

118 4599 366 4666 natura;
396 4596 917 4671 quianaturaliter
945 4594 1110 4653 aliud
1127 4599 1217 4653 est
1264 4595 1564 4668 prsescire,
1617 4594 1783 4654 aliud

118 4686 547 4757 pmdestinare
604 4703 623 4742 :
674 4686 829 4743 sicut
884 4686 1051 4743 aliud
1098 4690 1189 4743 est
1234 4691 1596 4759 praesentem
1625 4701 1781 4759 esse,

121 4772 282 4832 aliud
316 4776 615 4833 habitare.
664 4775 844 4833 Multa
897 4776 1126 4849 quippe
1174 4775 1600 4850 praesciuntur,
1643 4792 1785 4850 qua

121 4876 240 4920 non
261 4864 772 4939 praedestinantur
799 4882 817 4935 ;
848 4864 1002 4923 sicut
1030 4864 1222 4923 multa
1255 4869 1398 4923 sunt
1439 4866 1785 4940 praesentia,

122 4966 253 5020 qua
277 4971 405 5014 non
431 4959 577 5012 sunt
598 4955 957 5013 habitantia.
990 4958 1140 5012 Nam
1180 4971 1344 5028 sape
1371 4956 1435 5013 in
1481 4957 1578 5014 his
1632 4957 1785 5016 locis

123 5045 339 5101 etcum
365 5045 466 5102 his
484 5045 760 5119 personis
789 5045 1087 5102 adsumus
1110 5059 1221 5118 per
1254 5045 1663 5118 prmsentiam,
1720 5046 1786 5105 in

123 5130 343 5203 quibus
366 5138 428 5192 et
450 5149 597 5191 cum
618 5133 844 5208 quibus
867 5134 1212 5192 nullatenus
1235 5132 1585 5191 habitamus
1616 5152 1634 5203 ;
1671 5134 1787 5193 hac

126 5216 308 5279 bitare
330 5223 560 5298 quippe
582 5239 711 5281 non
729 5223 950 5281 dicitur
968 5223 1135 5297 quis,
1162 5223 1287 5280 nisi
1310 5223 1375 5280 in
1392 5223 1580 5281 domo
1613 5239 1629 5280 :
1651 5239 1786 5282 esse

126 5322 265 5366 vero
289 5312 474 5369 etiam
500 5326 629 5369 non
656 5311 723 5368 in
749 5312 979 5370 domo:
1004 5313 1095 5370 ita
1116 5315 1176 5369 et
1198 5314 1357 5369 Deus
1385 5311 1614 5384 ubique
1650 5326 1787 5373 esse

130 5394 354 5470 dicitur,
386 5417 495 5474 per
514 5400 1017 5475 omnipotentiam
1044 5400 1397 5474 majestatis,
1427 5400 1535 5475 qui
1579 5404 1789 5461 tamen

132 5499 250 5542 non
276 5488 394 5546 nisi
420 5491 484 5547 in
512 5489 744 5564 templo
766 5495 824 5548 et
845 5491 910 5548 in
936 5491 1128 5550 domo
1146 5506 1258 5551 sua
1282 5490 1499 5548 dicitur
1518 5505 1653 5547 esse
1674 5505 1785 5563 per

135 5576 385 5646 gratiam
408 5579 819 5639 habitationis.

691 5686 935 5730 10m
976 5687 1211 5730 socrus.

204 5755 372 5830 (Cap.
394 5774 550 5832 nn,
578 5775 753 5820 num.
782 5764 841 5828 δ,
871 5763 1021 5820 seet.
1049 5761 1131 5833 3.)
1158 5761 1509 5833 eam,

1881 3185 1996 3242 que
2023 3182 2221 3239 agere,
2252 3171 2309 3224 et
2333 3165 2817 3238 delinquentibus
2844 3179 2869 3220 .·
2892 3164 3099 3222 Nolite
3120 3163 3397 3222 exaltare
3419 3176 3548 3218 cor-

1881 3275 1966 3315 nu
1992 3271 2014 3329 ;
2046 3258 2232 3313 nolite
2261 3257 2551 3312 extollere
2572 3256 2637 3310 in
2673 3255 2867 3310 altum
2889 3267 3077 3309 cornu
3110 3256 3373 3308 vestrum
3401 3262 3553 3323 ,‘no-

1882 3349 1987 3407 lite
2015 3346 2181 3417 loqui
2206 3344 2494 3402 adversus
2522 3345 2709 3402 Deum
2739 3342 3122 3414 iniquitatem
3153 3357 3167 3397 :
3191 3340 3336 3413 quia
3362 3351 3552 3411 neque

1881 3436 1958 3495 ab
1988 3436 2234 3502 oriente,
2260 3449 2449 3506 neque
2479 3434 2556 3491 ab
2595 3431 2917 3503 occidente,
2978 3444 3168 3509 neque
3218 3443 3257 3486 a
3305 3427 3554 3486 desertis

1882 3525 2181 3582 montibus
2236 3523 2363 3591 (Ps.
2386 3539 2573 3592 Lmv,
2605 3527 2660 3592 5,
2691 3526 2746 3585 6,
2778 3527 2809 3577 7
2838 3523 2941 3593 ,8),
2996 3517 3359 3576 subauditur
3386 3520 3555 3589 patet

1884 3617 1982 3673 via
2006 3614 2289 3685 fugiendi
2317 3617 2376 3669 et
2404 3612 2646 3671 additur
2673 3626 2864 3684 quare
2897 3628 2913 3665 ι
2943 3610 3233 3682 quoniam
3261 3608 3419 3665 Deus
3446 3609 3556 3677 ju-

1883 3704 2002 3761 dex
2022 3709 2128 3761 est.
2163 3706 2391 3775 Itaque,
2414 3718 2557 3759 cum
2585 3700 2798 3758 creb;o
2824 3697 3164 3757 inveniatur
3207 3699 3394 3753 Deum
3449 3708 3561 3767 po-

1884 3792 2070 3851 tentia
2120 3789 2456 3861 majestatis
2509 3789 2736 3861 ubique
2781 3788 3166 3861 praesentem,
3232 3796 3558 3854 nunquam

1884 3885 2100 3955 praeter
2110 3880 2366 3937 domum
2384 3894 2562 3935 suam
2576 3877 2630 3933 ei
2644 3873 3064 3934 habitaculum
3072 3872 3383 3948 reperitur.
3405 3871 3559 3937 Qua-

1885 3970 2182 4040 mobrem,
2202 3967 2586 4024 sicutfalsum
2606 3970 2696 4023 est
2709 3963 2885 4038 quod
2896 3963 3065 4019 nisus
3081 3978 3145 4018 es
3162 3959 3465 4019 afﬁrmare
3480 3958 3558 4017 de

1885 4058 2205 4132 prmsentia
2221 4061 2279 4114 et
2295 4056 2668 4113 habitatione
2692 4053 2813 4118 Dei,
2838 4053 2921 4110 ita
2942 4052 3069 4110 sine
3103 4050 3292 4109 dubio
3334 4048 3557 4109 falsum

1888 4153 1980 4207 est
1999 4147 2167 4220 quod
2186 4145 2448 4220 probare
2467 4144 2715 4203 molitus
2732 4158 2796 4200 es
2816 4142 2893 4200 de
2911 4139 3289 4219 praescientia
3306 4142 3366 4197 et
3409 4153 3560 4213 prte-

1886 4236 2290 4296 destinatione
2307 4252 2322 4292 :
2340 4235 2505 4293 unde
2521 4233 2747 4293 mirum
2760 4231 2938 4291 valde
2958 4235 3052 4291 est
3064 4229 3234 4309 quod
3253 4228 3427 4289 dicis.

2464 4375 2713 4419 ιοΑππΒε
2755 4374 2981 4416 εεοτσε.

1811 4469 1861 4529 Β
1965 4471 2133 4546 (Cap.
2172 4474 2259 4542 l7,
2289 4484 2460 4525 num.
2486 4470 2538 4537 ϐ,
2572 4471 2711 4524 sect.
2745 4469 2826 4535 3.)
2873 4470 2914 4520 Θ
2942 4464 3081 4522 Νοη
3109 4463 3444 4535 incongrue
3474 4466 3563 4517 ta-

1890 4576 2023 4618 men
2046 4562 2424 4618 avstimantur
2439 4573 2561 4616 esse
2586 4558 2651 4615 in
2673 4555 2765 4612 his
2793 4569 2930 4630 quae
2942 4554 3086 4611 vitio
3103 4557 3397 4609 creatura:
3424 4554 3562 4607 orta

1887 4655 2051 4718 sunt,
2083 4666 2220 4707 cum
2250 4664 2371 4705 non
2395 4646 2589 4703 solum
2615 4646 2807 4717 ipsam
2858 4648 3203 4700 creaturam
3258 4640 3567 4711 sapienter

1889 4740 2149 4805 ordinet,
2171 4738 2276 4795 sed
2303 4737 2482 4794 etiam
2511 4735 2719 4793 vitium
2753 4736 2883 4805 ejus
2905 4747 3047 4790 suas
3078 4732 3233 4802 leges
3277 4728 3562 4787 excedere

1891 4843 2014 4885 non
2037 4828 2222 4884 sinat.

2558 4925 2868 4970 COBRECTIO
2877 4952 2892 4967 .

1962 5044 2008 5113 ει-
2033 5039 2353 5108 Quomodo
2382 5054 2512 5096 non
2535 5038 2871 5108 incongrue
2908 5034 3285 5094 aestimantur
3319 5048 3454 5093 esse
3496 5032 3563 5092 in

1890 5131 2011 5202 his,
2022 5130 2086 5188 id
2097 5134 2188 5188 est
2200 5129 2465 5203 peccatis
2475 5143 2613 5202 quin
2629 5125 2774 5184 vitio
2787 5130 3075 5185 creatura:
3088 5128 3221 5182 orta
3238 5128 3402 5195 sunt,
3421 5137 3563 5181 l‘um

1888 5219 2305 5296 peccatanihil
2319 5219 2440 5276 sint
2457 5218 2485 5275 ‘t
2509 5216 2935 5290 autquomodo
2955 5216 3102 5274 vitio
3121 5218 3410 5275 creaturae
3430 5215 3566 5271 orta

1890 5310 2067 5379 dicis,
2087 5324 2229 5369 eum
2238 5307 2523 5382 superius
2538 5309 2881 5364 creaturam
2892 5320 3017 5363 non
3030 5317 3342 5379 peccasse,
3355 5315 3472 5359 nec
3489 5312 3565 5361 ex

1889 5404 2165 5457 creatura
2186 5400 2506 5471 peccatum
2520 5393 2840 5469 prodiisse,
2859 5393 2968 5451 sed
2988 5408 3062 5450 ex
3102 5390 3436 5460 voluntate,
3472 5386 3565 5446 lo—

1890 5487 2069 5563 quasi
2098 5485 2353 5545 falsitate
2369 5488 2732 5560 prosecutus
2751 5481 2835 5539 sis
2850 5482 2879 5539 ?
2900 5484 3067 5539 Patet
3085 5478 3269 5551 igitur
3284 5492 3417 5536 non
3433 5492 3565 5534 esse

1890 5577 2231 5638 exveritate
2248 5575 2420 5649 quod
2451 5574 2549 5634 ais
2567 5592 2585 5644 ;,
2599 5570 2747 5646 quia
2773 5572 2999 5630 veritas
3022 5584 3344 5644 nunquam
3371 5571 3464 5625 est
3484 5567 3567 5624 ei-

1889 5669 1957 5728 hi
1972 5668 2090 5741 ipsi
2125 5664 2451 5734 contraria,
2488 5677 2810 5736 nunquam
2838 5676 2971 5719 sese
3005 5659 3148 5736 ipsa
3185 5658 3506 5732 impugnat
3542 5673 3563 5721 ς

1868 5800 1873 5803 -
1893 5754 2355 5833 qmdteieeisse
2365 5758 2426 5815 et
2439 5751 2824 5816 iaceretoties
2847 5746 3385 5828 deprehendimus,
3398 5742 3565 5809 Chri-
