3950 6376
462 286 596 340 128³7
1563 283 1618 336 S.
1663 280 1945 347 PUUDEN
1991 282 2038 336 ll

459 413 550 465 sto
574 408 855 481 propitio,
888 411 944 463 et
969 406 1282 462 ostendere
1314 407 1509 479 parati
1536 422 1768 463 sumus.
1795 408 1929 464 lam
1978 421 2123 462 vero
2151 408 2198 461 Α

459 496 790 553 similitudo
811 496 1028 552 domus
1071 495 1440 567 amplissime
1499 495 2124 566 magniﬁcentissime-

457 603 577 661 que
605 587 911 659 dispositae
936 585 1255 656 cujuslibet
1275 586 1462 658 patris
1488 585 1818 642 multarum
1872 585 2124 642 familia-

455 692 593 732 rum
625 673 957 731 ordinantis
978 673 1039 728 in
1056 689 1128 730 ea
1153 673 1323 729 aliter
1337 673 1492 731 ﬁlios
1514 691 1681 746 suos,
1703 674 1874 731 aliter
1895 689 2120 745 servos,

457 764 624 821 aliter
653 779 853 825 sanos,
886 761 1054 818 aliter
1083 762 1291 836 inopia
1314 767 1400 832 (ut
1432 763 1544 834 ais)
1565 763 1864 820 malarum
1888 761 2120 836 cupidi-

454 856 668 920 tatum,
701 867 856 924 quas
887 851 1348 925 intemperantia
1379 869 1499 908 suae
1521 852 1789 908 libidinis
1812 854 2122 908 traxerunt

454 940 770 1009 cruciatos,
794 939 1077 998 dentibus
1109 940 1778 1013 stridentes,_vermibus
1804 945 2117 1007 scatentes,

451 1029 702 1086 diversis
745 1031 1025 1102 perennis
1075 1029 1325 1086 tristitiae
1383 1030 1703 1101 generibus
1751 1029 2116 1099 laborantes,

450 1134 575 1191 qua
606 1119 845 1175 conaris
872 1124 1139 1176 astruere
1170 1135 1293 1174 non
1325 1135 1462 1175 eum
1495 1123 1652 1176 recte
1681 1118 1968 1175 aestimari
2009 1117 2119 1172 du-

448 1208 760 1264 rissimum
794 1209 1135 1281 punitorem
1167 1209 1270 1282 qui
1296 1209 1580 1265 laudatur
1604 1209 1972 1280 justissimus
2021 1222 2117 1262 or-

450 1296 708 1367 dinator,
746 1298 1144 1354 nihilominus
1175 1297 1406 1354 veritati
1453 1297 1786 1370 judicantis
1844 1313 1968 1354 non
2023 1312 2120 1352 us-

449 1402 818 1461 quequaque
846 1393 1168 1461 repugnat,
1199 1404 1397 1460 neque
1409 1387 1652 1460 justitite
1679 1387 1836 1443 illius
1857 1387 2119 1458 rigorem

451 1477 798 1534 nullatenus
823 1479 1148 1549 enervat,si
1163 1479 1239 1534 ad
1263 1479 1542 1534 intimum
1565 1478 1880 1534 cerebrum
1901 1478 2118 1535 veritas

450 1566 858 1639 exsculpatur.
895 1567 1047 1633 Quid
1078 1568 1238 1623 enim
1266 1567 1361 1624 ille
1392 1567 1795 1623 universitatis
1820 1566 2114 1634 conditor,

448 1655 762 1712 ordinator
792 1660 850 1712 et
869 1656 1080 1727 judex,
1111 1657 1174 1712 in
1200 1657 1316 1713 hac
1348 1656 1751 1712 universitatis
1784 1655 2116 1728 pulchritu-

447 1742 590 1798 dine
611 1743 775 1799 aliud
802 1759 978 1814 agere
1000 1750 1155 1800 recte
1186 1743 1422 1812 dicitur,
1441 1760 1632 1817 quam
1653 1742 1807 1799 ﬁlios
1837 1743 2114 1813 colligere
2145 1765 2186 1823 Β

444 1847 555 1904 per
575 1833 852 1901 gratiam,
878 1839 936 1888 et
959 1833 1180 1906 impios
1200 1833 1294 1889 vel
1315 1833 1648 1888 deserendo
1669 1831 1764 1887 vel
1778 1832 2114 1903 judicando

445 1921 740 1978 damnare
771 1937 878 1994 per
901 1923 1198 1994 justitiam
1218 1927 1248 1978 *ἰ
1277 1922 1562 1995 Nunquid
1593 1926 1650 1978 et
1677 1921 1773 1976 ille
1794 1937 1977 1993 quem
2009 1937 2115 1993 pa-

443 2014 595 2066 trem
613 2012 942 2068 multarum
958 2012 1324 2068 familiarum
1341 2029 1450 2086 per
1469 2012 1924 2069 similitudinem
1947 2011 2113 2068 adhi-

441 2099 684 2170 bueras,
717 2117 840 2156 non
868 2106 1102 2174 poterat
1125 2103 1361 2157 miseris
1391 2103 1451 2158 in
1478 2103 1662 2157 domo
1690 2117 1800 2157 sua
1830 2101 2112 2156 constitu-

442 2189 515 2244 tis
541 2207 887 2247 succurrere
917 2191 966 2246 si
999 2191 1192 2260 vellet,
1225 2208 1452 2264 eosque
1485 2209 1520 2247 a
1547 2191 1786 2247 miseria
1807 2190 2061 2246 liberare
2081 2191 2110 2246 ?

445 2279 620 2343 Quod
649 2280 795 2352 quia
825 2281 1050 2336 minine
1082 2281 1238 2349 fecit,
1272 2282 1419 2354 quid
1450 2281 1615 2338 aliud
1647 2281 1905 2336 sensisse
1937 2279 2107 2335 intel-

441 2365 722 2436 ligendus
769 2373 876 2439 est,
910 2385 1099 2441 quam
1147 2385 1250 2425 eos
1279 2370 1477 2439 dignae
1525 2369 1778 2424 miseriae
1809 2368 2104 2436 addictos,

443 2470 761 2528 nunquam
804 2456 1024 2513 debere
1074 2457 1232 2513 afﬁci
1263 2457 1596 2526 dignitate?
1621 2457 1725 2529 qui
1765 2472 1907 2525 ergo
1939 2471 2042 2511 eos
2071 2473 2108 2512 a

440 2543 684 2600 miseria
712 2544 923 2613 noluit,
952 2562 1090 2601 cum
1115 2546 1353 2619 poterit,
1376 2545 1647 2611 liberare,
1671 2545 1955 2600 nimirum
1976 2544 2104 2616 ipse

442 2647 546 2687 eos
577 2633 910 2704 damnavit,
941 2635 1049 2707 qui
1075 2651 1111 2691 a
1139 2635 1385 2690 miseria
1409 2650 1725 2706 nunquam
1758 2633 2103 2689 liberandos

436 2720 754 2792 judicavit.
790 2723 904 2780 Sed
935 2725 1082 2795 quid
1111 2740 1356 2779 necesse
1404 2729 1461 2779 et
1487 2739 1598 2779 nos
1630 2724 1690 2779 in
1734 2723 1828 2778 his
1852 2723 2100 2779 ulterius

439 2809 688 2874 haerere,
707 2828 847 2867 cum
867 2813 1058 2868 Deum
1080 2813 1380 2890 vindicem
1406 2813 1777 2886 ultoremque
1799 2811 2100 2869 malorum

439 2899 738 2970 omnium,
771 2905 828 2957 et
852 2902 1005 2958 ratio
1030 2905 1089 2958 et
1114 2903 1457 2970 auctoritas,
1492 2918 1564 2957 ex
1588 2902 1681 2957 his
1722 2919 1856 2974 quae
1885 2917 2103 2974 praece-

438 2987 722 3044 dentibus
771 2990 1112 3046 actionibus
1157 2991 1408 3047 disserta
1453 2997 1510 3047 et
1549 2995 1908 3064 pertractata
1940 2994 2100 3058 sunt,

435 3076 664 3133 affatim
695 3080 1114 3151 persuaserit?
1139 3079 1302 3152 quia,
1329 3081 1479 3136 sicut
1498 3080 1712 3136 beatus
1733 3077 2101 3174 Augustinus
2131 3117 2172 3174 Ο

435 3168 539 3238 ait,
571 3169 737 3241 quod
787 3173 844 3226 et
887 3174 950 3226 tu
996 3169 1133 3226 licet
1161 3169 1224 3225 in
1255 3170 1621 3226 contrarium
1653 3168 1909 3242 posuisti
1941 3169 2097 3240 (cap.

439 3257 522 3324 l7,
553 3274 722 3314 num.
755 3265 810 3330 7,
843 3263 984 3315 sect.
1017 3259 1092 3330 ϐ).

503 3349 873 3418 Augustinus
905 3348 922 3419 (
933 3350 1014 3404 De
1043 3362 1184 3405 vera
1213 3349 1541 3419 Religione,
1581 3364 1631 3404 c.
1660 3352 1808 3417 23.):
1843 3345 2096 3410 [Anima

430 3437 650 3493 vitium
680 3453 805 3493 non
834 3441 1053 3493 natura
1082 3437 1238 3507 ejus,
1266 3437 1371 3491 sed
1402 3442 1611 3492 contra
1637 3442 1917 3492 naturam
1961 3437 2094 3506 ejus

430 3532 540 3596 est,
569 3526 839 3598 nihilque
895 3525 1061 3582 aliud
1108 3529 1198 3580 est
1242 3541 1430 3598 quam
1464 3530 1778 3598 peccatum
1825 3531 1879 3580 et
1911 3540 2096 3597 paena

428 3615 698 3688 peccati;
734 3613 894 3671 unde
919 3613 1267 3684 intelligitur
1296 3613 1526 3669 nullam
1563 3619 1865 3681 naturam,
1895 3603 2012 3678 vel,
2045 3613 2094 3668 si

428 3704 644 3760 melius
674 3705 756 3760 ita
786 3703 1022 3776 dicitur,
1044 3703 1274 3759 nullam
1301 3703 1703 3759 substantiam
1736 3704 1858 3758 sive
1890 3718 2094 3758 essen-

428 3793 573 3849 tiam
605 3793 837 3851 malum
887 3808 1055 3861 esse;
1087 3807 1284 3865 neque
1338 3791 1414 3848 de
1467 3791 1728 3864 peccatis
1770 3791 2092 3864 poenisque

427 3883 559 3953 ejus
585 3883 803 3939 animae
834 3882 1111 3950 efﬁcitur,
1143 3887 1208 3938 ut
1253 3881 1612 3937 universitas
1659 3881 1782 3937 ulla
1812 3881 2091 3936 deformi-

426 3974 546 4028 tate
592 3976 886 4046 turpetur,
919 3972 1062 4045 quia
1090 3971 1398 4028 rationalis
1448 3970 1801 4038 substantia,
1841 3987 1978 4042 quae
2011 3970 2089 4026 ab

424 4061 589 4118 omni
621 4066 873 4136 peccato
919 4060 1154 4117 munda
1183 4064 1297 4131 est,
1328 4060 1448 4115 Deo
1479 4059 1771 4130 subjecta,
1808 4059 2089 4130 subjectis

424 4149 539 4204 sibi
564 4149 791 4204 caeteris
817 4148 1185 4204 dominatur.
1219 4150 1300 4204 Ea
1329 4163 1472 4203 vero
1502 4164 1639 4220 quas
1689 4149 1972 4221 peccavit,
2007 4146 2089 4203 ibi

423 4235 704 4292 ordinata
733 4239 823 4290 est
850 4235 955 4292 ubi
984 4251 1114 4292 esse
1146 4233 1292 4291 tales
1322 4235 1494 4292 decet
1521 4241 1606 4307 ut,
1632 4240 1748 4292 Deo
1781 4237 2087 4292 conditore

422 4327 602 4396 atque
633 4327 860 4380 rectore
891 4323 1314 4394 universitatis,
1347 4324 1568 4381 decora
1598 4325 1715 4381 sint
1753 4325 1959 4382 omnia
1987 4343 1999 4392 ;
2033 4329 2089 4381 et

419 4418 513 4470 est
542 4413 927 4488 pulchritudo
972 4413 1268 4470 universze
1301 4418 1609 4482 creaturae,
1632 4431 1740 4487 per
1791 4414 1922 4470 haec
1973 4414 2085 4469 tria

418 4503 846 4578 inculpabilis;
903 4503 1295 4561 damnatione
1342 4510 1752 4578 peccatorum,
1804 4503 2084 4559 exercita-

412 4595 577 4652 tione
601 4596 928 4668 justorum,
960 4593 1322 4668 perfectione
1352 4593 1714 4664 beatorum]

485 4688 528 4756 -ξι
560 4684 701 4742 Vide
755 4685 904 4759 quid
954 4684 1135 4754 dicat,
1181 4683 1347 4757 quod
1394 4683 1676 4756 quamvis
1720 4681 2083 4756 peccatrices

413 4776 635 4834 animae
665 4775 1018 4850 puniantur,
1052 4790 1261 4832 earum
1293 4778 1497 4830 tamen
1526 4772 1839 4846 punitione
1891 4771 2084 4828 nulla-

412 4870 588 4923 tenus
635 4865 994 4923 universitas
1023 4864 1145 4921 ulla
1175 4863 1554 4920 deformitate
1603 4866 1874 4935 turpetur
1908 4881 1920 4919 :
1949 4861 2079 4918 nul-

411 4952 536 5010 lam
563 4953 790 5027 quippe
819 4953 1252 5028 turpitudinem
1278 4952 1510 5025 justitia
1528 4951 1763 5022 ingerit,
1787 4968 1923 5024 quae
1951 4951 2079 5024 pul-

411 5042 710 5099 cherrima
739 5058 871 5098 esse
915 5043 1306 5099 convincitur.
1342 5041 1550 5099 Omnis
1604 5041 1807 5113 itaque
1847 5045 1903 5096 et
1928 5041 2078 5097 ordo

410 5136 468 5189 et
490 5130 723 5204 justitia
753 5131 855 5187 Dei
896 5131 1152 5204 pulchra
1201 5135 1357 5188 sunt.
1391 5133 1475 5187 Ac
1501 5145 1610 5204 per
1655 5129 1792 5198 hoc,
1816 5129 2075 5186 ubicun-

406 5237 548 5295 que,
577 5223 634 5278 et
672 5220 734 5276 in
764 5220 1232 5294 quibuscunque
1280 5225 1440 5289 sunt,
1467 5234 1593 5276 non
1616 5217 2073 5292 turpitudinem,

407 5312 517 5369 sed
541 5309 1055 5385 pulchritudinem
1085 5309 1382 5380 ingerunt.
1417 5308 1582 5366 Unde
1606 5311 1664 5364 et
1682 5307 1844 5364 idem
1865 5307 2076 5367 doctor

403 5399 468 5457 in
498 5399 714 5457 eodem
741 5398 897 5456 libro
928 5398 1002 5472 (c.
1037 5398 1148 5471 41).

475 5487 756 5560 [Defectu,
791 5487 1004 5562 inquit,
1030 5504 1140 5545 suo
1178 5487 1239 5545 in
1271 5486 1750 5561 pulchritudines
1782 5487 2070 5560 corrupti-

402 5575 576 5643 biles,
604 5576 667 5632 id
695 5581 785 5634 est
810 5593 1131 5651 poenarum
1158 5576 1435 5633 ordinem
1475 5576 1886 5649 praecipitatur
1911 5595 1925 5645 ;
1958 5591 2070 5633 nec

2118 278 2451 336 RECENSIS
2492 279 2820 336 EPISCOPI.

3778 291 3921 344 1288

2237 403 2392 466 Quid
2440 419 2584 476 ergo
2632 405 2855 461 mirum
2887 407 2978 462 est
3025 404 3076 460 si
3125 403 3392 460 hominis
3425 404 3718 480 animam,
3749 424 3920 483 quas

2235 493 2583 566 ubicunque
2614 494 2706 561 sit,
2735 498 2792 550 et
2834 493 3283 568 qualiscunque
3314 491 3406 562 sit,
3439 495 3609 551 omni
3656 513 3923 571 corpore

2232 586 2321 637 est
2350 581 2580 652 melior,
2613 582 2812 639 dicam
2861 582 3110 657 pulchre
3159 580 3450 650 ordinari,
3483 586 3541 639 et
3581 583 3657 640 de
3709 589 3920 659 paenis

2233 670 2361 742 ejus
2407 670 2556 727 alias
2604 671 3084 744 pulchritudines
3136 670 3287 741 ﬁeri,
3320 685 3462 726 cum
3512 671 3597 728 ibi
3643 689 3773 732 non
3814 677 3918 742 sit,

2230 759 2480 831 quando
2512 759 2735 816 misera
2763 765 2877 830 est,
2909 760 3016 817 ubi
3045 775 3175 816 esse
3204 759 3418 816 beatos
3447 759 3638 826 decet,
3673 763 3784 821 sed
3828 765 3919 822 ibi

2231 847 2308 903 sit
2336 848 2442 904 ubi
2471 864 2604 904 esse
2634 849 2888 906 miseros
2922 849 3140 922 decet.]

2299 938 2343 1007 -ι-
2373 937 2623 993 Attende
2654 937 2821 1010 quod
2846 938 3117 994 animam
3160 937 3555 1010 peccatricem
3602 940 3666 997 in
3697 957 3916 1016 poena-

2228 1040 2366 1081 rum
2414 1025 2691 1082 ordinem
2736 1027 3100 1101 praecipitari
3139 1026 3375 1096 dixerit,
3423 1032 3481 1084 et
3508 1028 3594 1086 ibi
3626 1047 3757 1088 esse
3801 1032 3913 1090 ubi

2227 1112 2410 1170 talem
2443 1129 2572 1171 esse
2603 1114 2835 1183 deceat,
2854 1116 3067 1190 procul
3093 1115 3281 1172 dubio
3310 1116 3373 1171 in
3401 1115 3535 1174 loco
3557 1135 3910 1194 poenarum,

2227 1202 2290 1258 id
2319 1207 2410 1259 est
2431 1207 2673 1260 tartaro.
2705 1205 2834 1262 Noli
2864 1221 3008 1277 ergo
3044 1205 3282 1262 dicere:
3314 1207 3507 1264 Nulla
3545 1211 3913 1268 universita-

2229 1291 2304 1346 tis
2333 1297 2508 1360 parte
2528 1293 2788 1362 punitur
2811 1294 3051 1362 impius,
3075 1293 3180 1350 sed
3196 1308 3310 1350 sua
3323 1296 3580 1365 propria
3599 1297 3912 1368 impietate

2230 1381 2292 1434 in
2321 1381 2530 1450 seipso,
2564 1385 2630 1436 ut
2652 1382 2968 1451 praedictae
2997 1387 3344 1439 sanctorum
3371 1383 3633 1442 Patrum
3656 1393 3907 1443 senten-

2230 1469 2326 1524 tiae
2357 1469 2708 1542 testantur,]
2737 1470 2885 1543 quia
2915 1470 3201 1527 veraciter
3229 1471 3670 1530 animadversas
3715 1481 3908 1548 atque

2227 1555 2523 1614 discussae
2553 1559 2669 1615 hoc
2711 1559 2908 1616 dicere
2956 1559 3434 1633 comprobantur
3476 1562 3643 1635 quod
3672 1564 3907 1620 veritas

2225 1645 2427 1714 habet,
2463 1663 2587 1704 non
2618 1647 2790 1721 quod
2833 1648 3064 1705 falsitas
3116 1649 3380 1706 adhibet.
3414 1653 3703 1721 Legerant
3730 1653 3908 1710 enim

2225 1733 2301 1790 de
2334 1735 2588 1792 Domino
2619 1737 2850 1794 dictum
2883 1755 2896 1794 :
2925 1739 3095 1810 Ignis
3121 1741 3184 1794 in
3212 1744 3522 1808 conspectu
3548 1742 3678 1810 ejus
3707 1756 3907 1799 exar-

2223 1823 2438 1892 descet,
2469 1831 2524 1880 et
2574 1827 2976 1894 inﬂammabit
3031 1828 3094 1883 in
3137 1829 3391 1884 circuitu
3441 1829 3707 1885 inimicos
3759 1833 3907 1900 ejus

2223 1911 2344 1984 (Ps.
2378 1929 2523 1984 xmx,
2555 1915 2630 1986 3).
2666 1917 2734 1971 Et
2780 1932 3025 1972 rursum
3072 1916 3307 1972 dicente
3350 1916 3478 1988 ipso
3511 1934 3524 1973 :
3557 1918 3723 1988 Ignis
3752 1933 3903 1975 suc-

2222 2019 2431 2060 census
2459 2013 2540 2061 est
2574 2007 2638 2061 in
2665 2007 2882 2076 furore
2909 2023 3082 2064 meo:
3113 2014 3166 2064 et
3195 2008 3431 2064 ardebit
3459 2024 3644 2080 usque
3689 2009 3776 2066 ad
3805 2011 3902 2065 in-

2215 2094 2385 2163 ferni
2404 2095 2747 2164 novissima,
2778 2097 3206 2168 devorabitque
3235 2103 3460 2154 terram
3500 2114 3632 2154 cum
3673 2101 3900 2169 germi-

2219 2198 2296 2240 ne
2323 2181 2539 2256 suo,‘et
2585 2189 2877 2244 montium
2904 2189 3310 2259 fundamenta
3368 2189 3691 2246 comburet.
3737 2189 3896 2246 Con-

2215 2275 2478 2346 gregabo
2507 2292 2690 2346 super
2711 2293 2806 2334 eos
2826 2280 3015 2350 mata,
3039 2285 3092 2335 et
3118 2281 3372 2350 sagittas
3401 2295 3562 2336 meas
3583 2281 3894 2350 complebo

2216 2363 2279 2418 in
2311 2365 2390 2419 eis
2420 2366 2610 2435 (Deut.
2640 2382 2807 2434 χχχιι,
2856 2371 2948 2436 22,
2982 2367 3074 2439 23)
3102 2385 3115 2423 :
3151 2372 3296 2423 Item
3326 2385 3339 2423 :
3371 2369 3604 2425 Levabo
3653 2369 3735 2426 ad
3779 2384 3894 2425 cae-

2218 2453 2342 2508 lum
2372 2469 2618 2511 manum
2664 2471 2876 2524 meam,
2909 2462 2964 2513 et
2993 2458 3232 2513 dicam:
3269 2458 3410 2514 Vivo
3471 2473 3576 2530 ego
3624 2474 3688 2514 in
3719 2465 3892 2516 aeter-

2215 2556 2404 2615 num;
2443 2546 2497 2599 si
2541 2559 2780 2614 acuere,
2833 2552 2899 2602 ut
2935 2547 3176 2616 fulgur,
3230 2547 3507 2618 gladium
3553 2563 3770 2619 meum,
3834 2554 3887 2604 et

2214 2633 2547 2701 arripuerit
2567 2633 2871 2703 judicium
2899 2649 3116 2691 manus
3137 2650 3288 2703 mea,
3311 2637 3562 2692 reddam
3591 2637 3884 2693 ultionem

2213 2721 2478 2777 hostibus
2517 2724 2683 2794 meis,
2727 2729 2785 2779 et
2816 2723 2908 2780 his
2960 2726 3066 2796 qui
3093 2725 3348 2782 oderunt
3391 2741 3484 2784 me
3525 2726 3883 2784 retribuam.

2211 2810 2527 2866 Inebriabo
2548 2812 2801 2882 sagittas
2831 2827 2993 2869 meas
3022 2815 3342 2887 sanguine,
3365 2821 3420 2872 et
3450 2815 3692 2887 gladius
3718 2831 3883 2873 meus

2211 2898 2519 2954 devorabit
2542 2915 2754 2956 carnes
2777 2900 2952 2972 (Ibid.
2981 2903 3071 2970 40,
3105 2904 3197 2970 41,
3227 2902 3340 2975 42).

2285 2989 2514 3044 Interea
2538 2989 2670 3061 [al.,
2699 2989 3038 3064 intermitte]
3069 3005 3297 3064 quaeso,
3328 2992 3731 3050 acrimoniam
3761 2999 3880 3050 tua:

2210 3077 2606 3133 vivacissimae
2659 3078 3108 3151 disputationis,
3155 3086 3218 3136 ut
3256 3081 3524 3151 digneris
3568 3083 3880 3140 advertere

2208 3165 2357 3238 quid
2387 3181 2461 3222 ex
2490 3165 2692 3223 verbis
2746 3167 2894 3224 tanti
2940 3168 3126 3224 Patris
3168 3170 3461 3243 posueris.
3494 3173 3577 3227 Ea
3605 3188 3770 3240 vero,
3798 3173 3882 3228 in-

2207 3255 2488 3327 quientis,
2533 3271 2670 3328 quae
2714 3257 3002 3329 peccavit,
3035 3257 3120 3314 ibi
3151 3258 3428 3315 ordinata
3455 3263 3545 3315 est
3591 3259 3701 3316 ubi
3748 3278 3876 3316 esse

2206 3343 2354 3400 tales
2383 3344 2571 3401 decet.
2599 3347 2725 3402 Duo
2755 3345 2852 3402 hic
2885 3347 2990 3417 (De
3016 3362 3158 3404 vera
3188 3349 3383 3418 relig.,
3409 3364 3460 3404 c.
3487 3353 3580 3416 23)
3603 3348 3710 3405 tibi
3730 3365 3874 3406 con-

2205 3433 2388 3489 traria
2442 3433 2665 3507 posuit.
2719 3435 3128 3492 Substantiam
3179 3436 3548 3510 peccavisse,
3589 3439 3758 3510 quod
3813 3444 3873 3494 tu

2203 3537 2429 3592 negas;
2463 3527 2520 3579 et
2567 3523 2650 3578 ibi
2680 3529 3032 3596 peccantem
3077 3525 3478 3582 substantiam
3526 3527 3870 3584 ordinatam

2203 3628 2332 3668 esse
2378 3612 2484 3669 ubi
2535 3628 2664 3670 esse
2715 3613 2862 3670 tales
2917 3615 3110 3672 decet.
3142 3619 3464 3689 Nunquam
3512 3617 3675 3673 enim
3719 3617 3869 3690 quid

2203 3701 2436 3772 absque
2465 3702 2996 3773 praedestinatione
3027 3703 3358 3767 ordinatur,
3391 3720 3588 3778 neque
3635 3705 3870 3777 absque

2201 3790 2412 3846 ordine
2442 3790 2668 3863 aliquid
2696 3791 3161 3863 prmdestinatur
3192 3810 3205 3848 :
3238 3793 3538 3866 quidquid
3568 3794 3768 3866 itaque
3795 3794 3867 3850 de

2198 3879 2730 3952 praedestinatione
2765 3880 3000 3949 dicitur,
3035 3886 3228 3937 totum
3271 3881 3438 3939 haud
3485 3883 3652 3938 aliter
3680 3900 3868 3956 quam

2199 3967 2273 4022 de
2305 3966 2682 4024 ordinatione
2714 3967 3022 4024 verissime
3045 3969 3427 4042 praedicatur,
3455 3971 3687 4027 dicente
3708 3977 3865 4045 Apo-

2199 4056 2352 4112 stolo
2378 4073 2391 4111 :
2417 4057 2557 4125 Qua:
2587 4065 2783 4113 autem
2815 4063 2953 4114 sunt
2985 4074 3023 4114 a
3054 4061 3174 4115 Deo
3205 4061 3489 4117 ordinata
3514 4067 3651 4116 sunt
3679 4062 3860 4132 (Rom.

2199 4162 2316 4202 xm.
2355 4149 2428 4215 1),
2463 4162 2531 4202 ac
2563 4146 2612 4201 si
2641 4145 2773 4202 aliis
2806 4147 3006 4202 verbis
3032 4147 3255 4204 diceret
3289 4166 3300 4204 :
3336 4165 3371 4206 a
3403 4151 3522 4205 Deo
3567 4149 3860 4206 destinata

2198 4241 2378 4309 atque
2409 4236 2713 4309 disposita
2740 4241 2897 4304 sunt,
2933 4253 3003 4293 ea
3028 4237 3324 4294 duntaxat
3366 4239 3724 4295 discretione
3751 4257 3860 4294 ser-

2195 4331 2360 4397 vata,
2392 4343 2578 4398 quam
2612 4343 2795 4398 supra
2825 4343 2861 4382 a
2892 4327 3092 4383 verbis
3149 4329 3466 4399 Augustini
3522 4330 3855 4401 posuimus,

2197 4421 2263 4472 ut
2311 4415 2611 4472 ordinatio
2659 4416 2850 4488 ipsius
2894 4417 2980 4473 rei
3029 4417 3294 4486 effectus,
3350 4418 3667 4475 destinatio
3718 4435 3856 4475 vero

2196 4505 2362 4580 prior
2389 4505 2546 4561 illius
2577 4505 2637 4561 in
2670 4507 2935 4562 consiliis
2960 4506 3274 4579 dispositio
3303 4507 3621 4580 habeatur,
3642 4525 3856 4582 praeor-

2195 4596 2425 4652 dinatio
2457 4600 2659 4651 autem
2684 4595 2838 4651 nihil
2884 4595 3050 4652 aliud
3097 4613 3283 4669 quam
3312 4598 3754 4671 prazdestinatio
3782 4605 3854 4655 te-

2194 4691 2427 4742 neatur.
2461 4689 2859 4757 Nequaquam
2890 4685 3071 4755 igitur
3099 4687 3691 4758 praedestinationem
3744 4688 3850 4744 im-

2192 4775 2432 4848 piorum
2463 4774 2750 4844 denegas,
2777 4790 2930 4846 quos
2956 4774 3041 4830 ibi
3063 4775 3398 4842 ordinatos,
3427 4776 3488 4831 id
3517 4781 3606 4833 est
3630 4778 3845 4850 positos

2193 4879 2264 4921 ac
2289 4863 2515 4919 locatos
2536 4861 2685 4932 legis
2717 4862 2937 4936 (neque
2956 4863 3301 4920 nullatenus
3333 4865 3572 4937 abnuis)
3602 4866 3702 4922 ubi
3727 4883 3846 4922 esse.

2191 4952 2448 5008 miseros
2499 4951 2688 5020 decet,
2721 4952 2827 5008 ubi
2869 4952 3216 5009 nullatenus
3273 4954 3712 5026 ordinarentur,
3740 4956 3847 5010 nisi

2189 5040 2514 5099 ordinandi
2544 5041 2956 5114 praedestinati
2987 5042 3261 5100 fuissent.
3293 5044 3391 5100 His
3420 5045 3705 5101 omnibus
3734 5045 3844 5101 col-

2186 5127 2391 5200 ligitur
2418 5129 2819 5188 vanissimam
2845 5146 2978 5188 esse
3009 5131 3482 5206 disputationem
3514 5138 3700 5202 tuam,
3732 5150 3843 5208 qua

2185 5217 2391 5275 niteris
2420 5220 2732 5277 ostendere
2784 5220 3017 5277 nullam
3043 5236 3292 5293 poenam
3324 5221 3527 5296 impiis
3583 5222 3837 5292 irrogari,

2186 5308 2304 5366 nisi
2369 5309 2630 5382 proprim
2705 5309 3033 5384 impietatis
3105 5310 3558 5369 conscientiam.
3639 5315 3837 5370 Conse-

2184 5396 2386 5472 queris
2421 5415 2433 5454 :

2763 5504 3002 5546 JOA‘NNES
3043 5506 3269 5548 SCOTUS.

2254 5578 2424 5652 (Cap.
2446 5582 2531 5644 t7,
2547 5593 2717 5636 num.
2746 5583 2801 5650 8,
2824 5583 2964 5636 seet.
2986 5581 3059 5652 7).
3085 5584 3125 5634 Θ
3150 5582 3220 5637 Ut
3237 5581 3389 5638 enim
3408 5581 3570 5638 Deus
3585 5599 3702 5640 non
3721 5583 3833 5638 ideo

404 5663 694 5718 miremur
708 5665 876 5736 quod
904 5665 1100 5721 adhuc
1116 5664 1594 5738 pulchritudines
1624 5665 1898 5737 nomino,
1917 5665 2066 5724 nihil
2177 5667 2324 5738 fecit
2344 5669 2526 5726 solem
2555 5674 2619 5725 ut
2647 5671 2776 5739 ejus
2817 5669 3008 5727 radiis
3033 5670 3312 5728 ordinate
3346 5685 3479 5729 eum
3509 5675 3830 5744 aspicientes

405 5746 570 5802 enim
597 5754 686 5806 est
711 5751 1056 5808 ordinatum
1085 5751 1254 5824 quod
1299 5767 1425 5810 non
1455 5752 1530 5811 sit
1571 5752 1916 5825 pulchrum,
1945 5759 2059 5812 etc.

2181 5758 2495 5817 oculorum
2510 5758 2670 5816 visus
2684 5757 3305 5832 refringatur,eosque
3315 5761 3379 5818 in
3397 5763 3656 5822 tenebris
3668 5779 3818 5835 reper
