3950 6438
173 376 192 427 l
203 374 308 428 289

1114 372 1203 425 DE
1242 363 1912 426 PREDESTINATIONE
1949 362 2223 420 CONTRA
2263 364 2314 421 J.
2354 365 2663 425 SCOTUM.

3475 378 3496 429 1
3507 376 3613 431 I90

169 497 358 552 cutiat
390 493 574 565 (quod
598 494 874 565 profecto
894 508 1014 550 non
1038 495 1181 565 ipse,
1195 495 1298 551 sed
1321 496 1453 565 ipsa
1483 493 1836 552 inordinata
1864 488 1913 544 A
1950 488 2425 562 combureretur,
2459 492 2566 548 sed
2594 490 2910 565 iniquitate
2944 505 3058 548 sua
3105 495 3504 566 torqueretur.
3560 498 3620 554 Si

168 585 315 641 visio
338 582 571 655 efﬁcit),
600 599 793 655 neque
820 589 889 639 ut
912 584 1240 653 patientem
1263 585 1576 641 oculorum
1603 580 1839 654 gravis-

168 675 380 731 simam
409 673 747 744 passionem
771 677 1087 745 torqueat;
1107 689 1241 729 cum
1267 673 1367 729 illi
1394 675 1457 729 in
1480 688 1591 730 sua
1614 671 1841 742 passio-

168 780 243 821 ne
269 764 428 821 nihil
457 769 696 821 tantum
727 768 937 820 noceat
959 767 1254 835 quantum
1284 764 1571 834 splendor
1598 761 1835 827 solaris,

171 854 313 910 dum
340 854 474 924 ipsa
517 853 795 923 passione
842 868 965 909 non
1008 855 1380 911 extrinsecus
1431 858 1718 910 naturam
1744 865 1838 907 re-

172 960 309 1000 rum
340 943 673 1012 contingat,
705 941 811 998 sed
838 943 1200 998 intrinsecus
1253 944 1462 1015 aliqua
1504 940 1839 1011 corporalis

172 1030 452 1086 sanitatis
483 1031 873 1099 corruptione
894 1030 1189 1087 dolentem
1219 1037 1534 1103 torqueat:
1557 1031 1640 1085 sic
1670 1029 1842 1084 nimi-

175 1134 309 1176 rum
339 1120 496 1191 ignis
516 1120 625 1176 ille
650 1124 929 1190 aeternus,
948 1119 1054 1192 qui
1073 1125 1451 1192 praeparatus
1477 1125 1565 1175 est
1593 1117 1840 1175 diabolo

176 1213 233 1264 et
279 1208 508 1279 angelis
540 1209 672 1280 ejus
705 1208 944 1280 (Matth.
976 1225 1116 1273 xxv,
1150 1211 1260 1281 41),
1305 1211 1479 1265 nullo
1535 1209 1708 1265 modo
1761 1206 1842 1262 ad

177 1298 287 1355 hoc
316 1303 575 1355 creatus.
595 1299 943 1355 Praesertim
974 1299 1026 1354 si
1050 1305 1335 1370 quartum
1354 1300 1570 1355 mundi
1591 1299 1842 1354 elemen-

176 1392 303 1443 tum
328 1388 425 1455 sit,
455 1387 827 1456 probabilius
856 1388 1127 1443 creditur
1156 1388 1238 1444 ad
1258 1388 1666 1444 universitatis
1695 1388 1841 1441 inte-

174 1477 477 1547 gritatem,
513 1492 690 1548 quam
718 1478 874 1533 Deus
908 1477 1259 1548 faciendam
1303 1477 1583 1548 praevidit
1634 1475 1839 1533 condi-

178 1570 295 1635 tus,
328 1579 506 1637 quam
536 1566 618 1622 ad
642 1566 939 1623 urendum
982 1572 1342 1637 apostatam,
1378 1568 1478 1625 cui
1496 1582 1608 1624 sua
1636 1580 1839 1636 super-

178 1654 275 1711 bia
303 1655 621 1725 suffecerat
651 1657 735 1712 ad
765 1661 1147 1714 tormentum.

839 1779 1163 1821 εοῐιιιεοτιο.

1949 579 2113 634 enim
2143 596 2281 637 cum
2308 582 2566 639 aethereo
2597 597 2848 657 corpore
2878 582 3165 655 peccavit,
3195 585 3444 656 quando
3476 602 3617 644 con-

1950 669 2041 722 tra
2082 669 2404 726 Auctorem
2450 670 2688 742 tumuit,
2721 669 2873 743 quid
2920 686 3118 728 causae
3162 670 3385 745 fuitut,
3417 689 3488 731 eo
3516 691 3617 732 su-

1948 754 2135 826 blato,
2164 756 2217 814 ei
2261 757 2426 816 aliud
2475 759 2798 818 adderetur
2827 759 2891 817 in
2921 776 3046 834 quo
3076 763 3344 835 torqueri
3367 766 3619 837 posset?

1950 847 2099 903 Cum
2124 846 2340 905 rationi
2369 853 2551 923 atque
2577 850 2821 922 justitiae
2863 850 3012 907 illud
3043 851 3249 924 potius
3278 868 3617 925 congruere

1948 934 2227 994 videatur
2250 943 2316 995 ut
2343 939 2406 995 in
2435 956 2560 1013 quo
2589 944 2946 1014 peccaverat
2967 940 3030 997 in
3052 942 3186 1015 ipso
3217 944 3614 1002 cruciaretur:

1950 1030 2007 1084 et
2035 1042 2161 1084 non
2189 1028 2354 1085 aliud
2399 1030 2452 1086 ei
2496 1031 2575 1087 ad
2606 1034 2975 1088 tormentum
3015 1032 3418 1105 copularetur,
3449 1036 3619 1109 quod

1948 1128 2340 1189 nequaquam
2384 1118 2517 1190 ejus
2560 1118 2891 1192 iniquitatis
2916 1120 3217 1194 particeps
3247 1121 3485 1179 fuerat?
3511 1125 3620 1180 Ex-

1949 1219 2088 1277 pers
2115 1204 2321 1279 itaque
2352 1207 2483 1278 ejus
2532 1208 2854 1281 impietatis
2894 1225 3113 1283 corpus
3162 1227 3288 1285 qua
3311 1213 3541 1284 justitia
3564 1212 3620 1270 ei

1951 1293 2032 1350 ad
2078 1295 2459 1367 puniendum
2506 1297 2785 1354 additum
2827 1298 3007 1356 fuerit
3052 1315 3178 1356 non
3203 1301 3419 1372 video;
3454 1318 3616 1377 cum,

1952 1380 2107 1438 sicut
2128 1382 2297 1452 dicis,
2313 1383 2444 1455 jam
2471 1384 2721 1441 haberet
2741 1401 2815 1441 ex
2839 1386 2977 1458 ipsa
3000 1387 3091 1442 sui
3115 1388 3457 1446 conditione
3478 1406 3621 1447 cum

1949 1486 2073 1543 quo
2097 1474 2153 1528 et
2182 1471 2243 1527 in
2274 1488 2399 1545 quo
2431 1474 2780 1547 superbisse
2812 1475 3113 1532 credatur.
3148 1478 3292 1543 Quae
3344 1494 3441 1535 res
3470 1494 3622 1552 quo-

1949 1559 2115 1616 niam
2163 1560 2613 1620 abstrusissima
2657 1568 2714 1620 et
2763 1564 3292 1637 scrupulosissima
3334 1571 3515 1641 atque
3542 1568 3622 1625 ad

1950 1647 2391 1707 absolvendum
2418 1651 2774 1710 difﬁcillima
2814 1653 2964 1709 mihi
2993 1654 3253 1725 videtur,
3281 1656 3361 1712 ad
3407 1661 3623 1714 caetera

1951 1736 2012 1793 in
2044 1738 2294 1795 nomine
2322 1743 2379 1797 et
2422 1741 2726 1813 adjutorio
2768 1742 3008 1799 Domini
3053 1746 3456 1802 transeamus.
3504 1748 3623 1802 Nec

246 1860 283 1927 'f
307 1859 864 1935 Quomodocunque
913 1879 978 1919 se
1017 1862 1245 1920 habeat
1284 1861 1624 1920 combustio
1677 1861 1837 1933 ignis
1867 1845 1914 1901 Β
1950 1828 2644 1935 Ρνῗίθῗθιξῃάυωέῖιξοξξ
2668 1833 3189 1935 θοῗΡ⁰⁵,Ῑ¹(ἶωίΠίῗ
3217 1833 3294 1890 de
3320 1838 3478 1892 terra
3503 1835 3623 1892 fac‘

176 1948 379 2006 aeterni
399 1965 541 2021 erga
556 1949 873 2007 diabolum
891 1955 948 2008 et
970 1951 1219 2023 angelos
1241 1952 1370 2024 ejus
1385 1951 1491 2024 qui
1512 1950 1717 2024 utique
1736 1966 1842 2008 na-

178 2042 311 2096 tura
342 2039 584 2112 spiritus
614 2056 651 2096 a
682 2042 800 2096 Deo
832 2044 971 2098 sunt
1001 2041 1249 2113 conditi,
1281 2039 1573 2113 quoniam
1620 2039 1840 2112 apertis

173 2127 412 2199 judiciis
461 2128 779 2202 Scriptura;
829 2145 1010 2186 sacrae
1058 2129 1123 2185 id
1164 2129 1413 2186 minime
1442 2128 1723 2197 innuunt,
1755 2128 1840 2184 eis

177 2221 380 2274 tamen
398 2222 830 2291 praeparatum,
854 2222 911 2275 et
929 2218 992 2275 in
1014 2234 1086 2275 eo
1108 2218 1479 2292 torquendos
1501 2222 1682 2291 atque
1704 2233 1839 2273 cru-

179 2305 427 2363 ciandos
447 2306 767 2364 manifeste
794 2306 1126 2377 declarant,
1143 2306 1205 2364 in
1234 2323 1419 2381 quem
1442 2323 1547 2363 eos
1574 2306 1842 2380 praecipi-

177 2395 394 2452 tandos
422 2395 538 2452 sub
564 2396 812 2452 nomine
842 2396 1054 2469 capitis
1083 2412 1295 2453 eorum
1316 2396 1605 2453 Dominus
1627 2394 1708 2452 ad
1725 2396 1755 2449 J
1761 2394 1840 2452 ob

176 2488 444 2556 testatur,
473 2484 713 2542 dicens:
742 2487 822 2543 Et
851 2486 1190 2543 videntibus
1240 2487 1469 2543 cunctis
1494 2485 1841 2557 praecipita-

178 2577 338 2633 bitur
364 2576 500 2649 (Job
528 2593 623 2645 XL,
646 2577 739 2649 28)
773 2595 785 2633 :
818 2592 945 2634 non
974 2581 1180 2634 tamen
1223 2577 1579 2647 ignoramus
1623 2574 1840 2632 identi-

175 2664 314 2723 dem
369 2665 689 2740 quondam
722 2665 947 2723 dixisse
980 2667 1318 2739 Origenem,
1351 2671 1408 2723 et
1438 2681 1576 2722 eum
1596 2681 1707 2739 pro
1746 2664 1841 2721 his

175 2771 318 2812 cum
340 2755 570 2812 caeteris
602 2771 853 2813 suarum
880 2755 1196 2812 haereseon
1225 2754 1680 2813 damnabilibus
1704 2770 1841 2811 sen-

179 2844 258 2901 sis
286 2844 470 2902 fuisse
500 2844 823 2918 dejectum.
853 2848 1281 2902 Verumtamen
1310 2844 1479 2919 quod
1509 2843 1791 2918 adjungis
1825 2861 1837 2898 :

745 2967 993 3009 JOANNES
1037 2968 1263 3009 SCOTUS.

247 3058 409 3131 (Cap.
440 3063 527 3129 l7,
555 3074 725 3114 num.
759 3063 813 3127 9,
847 3062 989 3115 sect.
1019 3063 1073 3113 7.
1080 3071 1097 3130 )
1129 3062 1170 3112 Θ
1199 3058 1381 3125 Huic,
1413 3055 1716 3129 inquiens,
1744 3071 1843 3112 ra-

178 3146 328 3202 tioni
367 3146 621 3203 additur
655 3146 835 3218 quod,
859 3162 996 3202 cum
1026 3147 1089 3201 in
1129 3146 1386 3202 tet/terea
1426 3158 1675 3212 corpore
1707 3142 1842 3212 pri-

175 3251 337 3292 mum
361 3241 530 3293 aDeo
552 3239 790 3292 creatus
810 3235 909 3305 sit,
926 3250 990 3289 in
1011 3249 1127 3305 quo
1151 3232 1310 3288 nihil
1327 3234 1463 3302 pati
1481 3231 1698 3301 potuit,
1716 3245 1844 3288 cor-

170 3340 284 3395 pus
312 3328 445 3397 ejus
479 3325 823 3387 wtltereum,
837 3328 1161 3396 postquam
1181 3323 1464 3392 superbia
1476 3321 1784 3391 intumuit,
1806 3335 1845 3379 α

172 3414 454 3484 supernis
500 3413 736 3469 sedibus
764 3412 1037 3469 videlicet
1064 3411 1335 3469 aethereis
1361 3411 1426 3468 in
1455 3410 1620 3467 hunc
1646 3423 1844 3467 aerem

176 3502 540 3559 humiditate
570 3516 859 3570 crassum,
888 3502 1150 3571 caligine
1181 3501 1574 3568 tenebrosum,
1602 3503 1845 3569 pertur-

177 3592 519 3650 bationibus
542 3590 889 3662 passibilem
915 3591 1195 3647 detrusus
1222 3594 1326 3658 est,
1358 3596 1423 3645 ut
1465 3590 1519 3646 ei
1542 3590 1681 3645 inde
1711 3603 1843 3645 cor-

170 3696 284 3751 pus
313 3681 547 3737 meritis
568 3681 691 3736 suis
712 3680 1080 3751 condignum
1109 3680 1236 3749 ipso
1266 3680 1507 3736 nolente
1536 3678 1847 3748 copulare-

179 3775 300 3841 tur,
320 3786 397 3828 ac
418 3785 536 3841 per
566 3768 677 3826 hoc
701 3769 766 3826 in
792 3784 857 3827 eo
885 3769 1209 3842 iniquitate
1227 3783 1339 3826 sua
1369 3772 1770 3840 torqueretur.

844 3892 1172 3934 CORREGTIO.

246 3978 289 4046 -ι-
315 3978 464 4031 Tam
496 3977 637 4031 sunt
663 3974 739 4031 ad
773 3973 1204 4048 explicandum
1244 3972 1532 4039 difﬁcilia,
1560 3974 1626 4030 ut
1682 3971 1845 4029 unde

180 4064 424 4137 probari
468 4064 714 4122 valeant
752 4064 1003 4121 minime
1030 4063 1384 4138 reperiatur.
1418 4062 1589 4120 Nulla
1617 4062 1848 4136 quippe

181 4155 672 4228 propheticaruin
700 4154 1294 4227 apostolicarumque
1322 4152 1653 4209 litterarum
1672 4152 1847 4225 pagi-

182 4258 260 4301 na
304 4259 529 4318 corpus
574 4244 668 4301 vel
709 4244 1037 4300 aethereum
1083 4242 1181 4299 vel
1204 4257 1449 4299 aereum
1480 4241 1560 4298 ab
1593 4244 1848 4298 Auctore

183 4337 445 4392 creatum
494 4333 693 4406 refert,
744 4333 851 4389 sed
894 4336 1130 4389 tantum
1178 4331 1457 4404 spiritum
1503 4330 1851 4403 simpliciter

184 4420 425 4494 factum,
455 4427 599 4497 post
645 4421 1091 4497 superbissima:
1130 4420 1455 4493 impietatis
1501 4420 1782 4493 typhum,
1813 4435 1851 4477 a

185 4512 524 4570 coelestibus
550 4511 997 4586 proturbatum,
1016 4511 1190 4583 juxta
1213 4509 1407 4566 beatri
1429 4509 1584 4566 Petri
1612 4512 1850 4583 aposto-

182 4599 223 4657 li
252 4603 609 4661 sententiam
636 4619 650 4660 :
685 4605 751 4659 In
780 4616 1017 4659 carcere
1044 4600 1228 4672 hujus
1257 4600 1411 4657 aeris
1442 4602 1703 4668 trusum,
1746 4597 1850 4656 illo

184 4690 307 4762 igni
329 4692 391 4750 in
418 4693 520 4750 die
543 4692 757 4765 judicii
786 4690 1207 4762 cruciandum,
1241 4706 1382 4746 cum
1408 4688 1695 4746 omnibus
1727 4704 1851 4746 suae

186 4782 581 4840 contumacia
605 4781 1006 4856 complicibus
1032 4779 1328 4837 reservari
1358 4780 1451 4853 (II
1473 4781 1643 4836 Petr.
1672 4781 1733 4849 1i,
1774 4781 1809 4836 4
1837 4796 1853 4848 ;

188 4885 268 4938 ιιι,
288 4873 362 4945 '7).
386 4875 453 4930 In
469 4887 597 4946 quo
626 4872 771 4942 duo,
791 4874 1010 4946 praeter
1038 4870 1174 4939 alia,
1193 4884 1383 4944 quam
1412 4868 1679 4927 maxime
1704 4867 1856 4926 mihi

189 4959 548 5020 admiranda
573 4962 857 5019 videntur
878 4979 891 5017 :
912 4959 1192 5017 videlicet
1212 4960 1261 5015 si
1284 4975 1505 5035 corpus
1528 4960 1858 5017 aethereum

189 5049 242 5107 ei
268 5052 463 5125 primo
492 5051 721 5110 factum
753 5057 862 5125 est,
893 5056 950 5109 et
979 5051 1163 5108 aether
1194 5050 1412 5107 dicitur
1429 5050 1523 5107 vel
1550 5050 1728 5120 ignis,
1762 5067 1859 5124 vel

190 5144 340 5197 certe
391 5141 571 5199 sedes
607 5141 785 5214 ignis,
819 5156 927 5198 cur
976 5156 1102 5197 non
1148 5139 1328 5212 igneo
1375 5154 1629 5212 corpore
1658 5140 1857 5211 magis

192 5243 373 5301 quam
399 5231 463 5288 in
507 5247 685 5289 aereo
712 5246 931 5304 poenas
984 5228 1111 5305 pati
1136 5226 1419 5302 potuerit,
1453 5244 1615 5301 cum,
1643 5243 1860 5285 secun-

193 5314 335 5377 dum
355 5321 770 5395 opinationem
785 5323 979 5391 tuam,
992 5318 1152 5392 ignis
1171 5318 1269 5375 ille
1291 5321 1580 5392 quartum
1602 5316 1863 5375 elemen-

196 5407 319 5465 tum
346 5409 561 5467 mundi
591 5409 684 5479 sit,
717 5425 831 5467 nec
888 5408 1064 5467 fuerit
1092 5423 1345 5466 necesse
1375 5410 1441 5465 ut
1471 5406 1552 5465 ad
1579 5405 1864 5466 inferiora

195 5492 292 5552 illo
316 5497 440 5571 igni
460 5499 826 5558 cruciandus
853 5498 1310 5574 propelleretur,
1332 5497 1394 5555 in
1422 5513 1549 5572 quo
1568 5495 1700 5571 ipse
1721 5512 1862 5555 con-

197 5585 447 5662 stitutus,
464 5593 523 5648 et
549 5606 588 5649 a
615 5605 740 5664 quo
762 5604 982 5664 corpus
1004 5589 1259 5659 habens,
1288 5586 1726 5661 competentius
1745 5586 1861 5644 ini-

198 5670 259 5729 bi
286 5678 544 5751 torqueri
562 5677 844 5752 potuerit,
871 5693 1059 5751 quam
1081 5677 1243 5750 inde,
1272 5676 1352 5736 ab
1379 5677 1518 5749 ipso
1537 5674 1630 5734 vel
1648 5674 1711 5731 in
1728 5675 1863 5749 ipso

202 5765 573 5841 cruciandus,
597 5769 716 5826 alio
746 5767 1171 5841 transportari;
1194 5770 1252 5825 et
1270 5766 1440 5842 quod
1469 5782 1715 5825 aereum
1735 5781 1863 5823 cor-

202 5865 317 5924 pus
342 5853 394 5914 ei
424 5858 780 5933 copulatum
808 5856 980 5927 dicis,
1007 5859 1074 5915 ut
1101 5856 1165 5916 in
1193 5870 1266 5917 eo
1293 5870 1421 5917 non
1444 5858 1576 5931 jam
1615 5854 1694 5915 ab
1723 5854 1864 5927 igne

653 5950 901 6009 PATROL.
942 5948 1076 6004 CXV

1950 1920 2101 1987 tum,
2136 1917 2407 1976 animam
2433 1918 2721 1977 divinitus
2749 1921 3130 1994 inspiratam,
3159 1921 3438 1994 legamus
3473 1941 3487 1980 :
3520 1940 3626 1982 an-

1952 2005 2117 2076 gelos
2155 2022 2322 2077 vero,
2357 2008 2477 2066 sive
2523 2009 2658 2066 ccnli
2687 2009 2927 2083 prioris,
2962 2010 3086 2067 sive
3133 2011 3287 2068 lucis
3314 2012 3620 2086 primariae

1949 2095 2272 2165 vocabulo,
2293 2098 2611 2171 Scriptura:
2639 2101 2959 2170 Geneseos,
2973 2100 3096 2157 ﬁde
3115 2101 3451 2160 debeamus
3470 2104 3623 2162 acci-

1949 2199 2113 2258 pere,
2164 2202 2274 2242 seu
2320 2203 2691 2262 quocunque
2734 2189 2852 2247 alio
2902 2190 3088 2248 modo
3131 2191 3228 2248 vel
3270 2191 3489 2249 melius
3524 2192 3622 2250 vel

1951 2276 2216 2348 apertius
2244 2292 2459 2334 eorum
2486 2278 2752 2336 conditio
2801 2280 3009 2337 doceri
3035 2280 3249 2354 possit,
3280 2285 3360 2339 ab
3386 2282 3620 2341 univer-

1953 2365 2141 2422 sitatis
2171 2366 2516 2425 conditione
2543 2368 2607 2425 in
2639 2368 2803 2426 ccelis
2830 2369 3243 2444 superioribus
3272 2370 3461 2430 factos
3486 2389 3621 2431 om-

1950 2455 2131 2512 nibus
2154 2456 2402 2514 Patrum
2423 2458 2616 2515 sensis
2646 2458 2711 2516 in
2734 2460 2853 2516 hoc
2873 2460 3338 2517 concinentibus
3364 2462 3621 2519 certissi-

1949 2562 2123 2603 mum
2143 2549 2436 2605 tenemus.
2471 2552 2600 2606 Non
2628 2548 2693 2605 in
2722 2549 2961 2619 aethere,
2993 2554 3059 2607 ut
3098 2550 3391 2624 sumnias,
3421 2552 3529 2609 sed
3555 2551 3620 2609 in

1952 2635 2135 2709 ocnlis,
2163 2636 2226 2693 id
2255 2642 2346 2694 est
2374 2654 2559 2712 supra
2583 2638 2701 2696 hoc
2727 2638 2957 2697 visibile
2985 2639 3443 2698 ﬁrmamentum
3468 2640 3622 2698 side-

1949 2725 2118 2783 ribus
2140 2727 2528 2801 adornatum,
2549 2728 2927 2799 constitutos,
2948 2734 3006 2787 et
3024 2730 3300 2787 Auctoris
3329 2730 3618 2788 laudibus

1945 2815 2168 2888 jugiter
2221 2817 2586 2888 insistentes,
2646 2819 2901 2893 ejusque
2962 2819 3153 2892 jussis
3223 2820 3622 2892 irrefragabili

1950 2905 2296 2963 obedientia
2321 2905 2764 2981 obsequentes;
2789 2909 2916 2981 qui,
2941 2925 3083 2966 cum
3103 2926 3341 2985 semper
3369 2910 3487 2968 sint
3507 2910 3624 2985 spi-

1949 2994 2119 3064 ritus,
2149 2994 2399 3068 quando
2424 2999 2634 3052 tamen
2661 2996 3014 3054 hominibus
3044 3002 3111 3055 ut
3135 3003 3472 3072 appareant
3488 2999 3624 3056 mit-

1953 3086 2180 3152 tuntur,
2204 3098 2460 3156 corpora
2483 3084 2581 3140 vel
2602 3100 2675 3141 ex
2705 3085 2923 3141 aethere
2946 3086 3044 3143 vel
3072 3103 3146 3143 ex
3173 3088 3295 3170 hoc
3318 3088 3625 3160 pinguiori

1874 3207 1916 3264 Ο
1952 3186 2108 3264 aere,
2142 3170 2511 3243 quibuscum
2539 3172 2708 3245 loqui
2737 3178 2795 3230 et
2825 3174 3101 3231 convesci
3129 3180 3356 3248 queant
3384 3177 3622 3249 terrige—

1951 3258 2067 3328 nis,
2095 3275 2405 3317 assumere
2434 3260 2785 3319 nullatenus
2816 3262 3189 3321 dubitantur.

2025 3347 2173 3406 Hinc
2219 3348 2591 3420 Augustinus
2638 3350 2724 3418 (in
2770 3350 2927 3409 libro
2957 3353 3032 3410 de
3077 3354 3335 3412 Civitate
3360 3356 3476 3413 Dei
3495 3355 3619 3428 vui,

1954 3453 2088 3512 cap.
2120 3438 2215 3510 22)
2247 3456 2260 3495 :
2294 3439 2471 3511 [Quia
2512 3440 2693 3511 igitur
2733 3441 2882 3497 nihil
2927 3442 3181 3500 istorum
3226 3448 3487 3517 quatuor
3516 3446 3621 3502 eli-

1954 3525 2223 3598 gendum
2262 3532 2371 3597 est,
2401 3543 2477 3584 ne
2526 3529 2588 3584 in
2635 3529 2907 3602 quolibet
2963 3547 3177 3588 eorum
3206 3531 3282 3588 de
3333 3534 3447 3590 diis
3495 3539 3622 3592 tam

1953 3617 2112 3675 male
2141 3617 2470 3685 sentiatur;
2499 3623 2683 3676 restat
2712 3624 2777 3677 ut
2821 3619 2989 3677 nullo
3032 3621 3219 3679 modo
3249 3624 3621 3684 credendum

1954 3706 2030 3763 sit
2048 3706 2217 3780 quod
2234 3706 2521 3780 Apuleius
2560 3708 2927 3781 persuadere
2946 3710 3172 3780 nititur,
3198 3718 3255 3769 et
3273 3713 3622 3788 quicunque

1953 3795 2055 3855 alii
2079 3801 2220 3854 sunt
2263 3797 2537 3869 ejusdem
2582 3802 2891 3856 sententias
2938 3800 3289 3873 philosophi
3316 3822 3329 3857 :
3355 3802 3459 3875 ita,
3491 3819 3623 3861 esse

1953 3886 2190 3944 medios
2219 3885 2532 3943 daemones
2560 3886 2715 3944 inter
2743 3887 2890 3944 deos
2919 3893 2978 3946 et
3004 3890 3282 3947 homines
3326 3896 3622 3966 tanquam

1954 3974 2356 4032 internuntios
2383 3979 2441 4031 et
2463 3974 2838 4049 interpretes,
2871 3977 2977 4050 qui
3002 3977 3144 4034 hinc
3168 3978 3364 4037 ferant
3393 3982 3625 4054 petitio-

1954 4080 2064 4123 nes
2086 4067 2346 4134 nostras,
2378 4063 2520 4120 inde
2549 4064 2812 4122 referant
2853 4066 3108 4123 deorum
3140 4070 3485 4142 suppetias;
3517 4071 3624 4127 sed

1957 4167 2086 4210 esse
2108 4151 2352 4225 spiritus
2380 4151 2643 4209 nocendi
2673 4153 3125 4227 cupidissimos,
3145 4172 3182 4213 a
3205 4158 3433 4228 justitia
3454 4159 3624 4232 peni-

1956 4244 2053 4299 tus
2098 4241 2346 4311 alienos,
2380 4241 2667 4314 superbia
2695 4242 2982 4313 tumidos,
3016 4244 3344 4304 invidentia
3384 4248 3620 4317 lividos,

1957 4329 2196 4388 fallacia
2224 4328 2497 4401 callidos,
2524 4330 2631 4404 qui
2658 4330 2721 4387 in
2749 4330 2868 4389 hoc
2888 4333 3138 4406 quidem
3167 4350 3303 4392 aere
3323 4335 3623 4404 habitant,

1958 4419 2124 4493 quia,
2145 4418 2222 4476 de
2242 4418 2377 4475 coeli
2396 4419 2723 4492 superioris
2752 4420 3120 4482 sublimitate
3145 4424 3382 4497 dejecti,
3410 4427 3624 4483 merito

1958 4508 2405 4581 irregressibilis
2434 4510 2930 4581 transgressionis
2958 4510 3023 4567 in
3051 4513 3169 4570 hoc
3209 4514 3324 4570 sibi
3353 4530 3625 4587 congruo

1961 4598 2125 4657 velut
2146 4614 2387 4658 carcere
2407 4599 2810 4673 praedamnati
2842 4600 3025 4672 sunt.]

2030 4691 2075 4760 -ι-
2103 4688 2414 4763 Philippus
2441 4690 2506 4745 in
2535 4688 2916 4761 Expositione
2945 4689 3108 4746 beati
3134 4691 3247 4747 Job
3280 4695 3356 4757 (c.
3387 4696 3478 4762 24,
3511 4696 3627 4751 sub

1961 4777 2293 4850 medium):
2325 4781 2455 4834 Non
2496 4777 2795 4834 immerito
2836 4781 3039 4834 autem
3086 4779 3203 4835 hoc
3227 4779 3360 4836 loco
3407 4782 3483 4839 de
3533 4784 3627 4840 his

1961 4867 2175 4924 beatus
2202 4866 2313 4923 Job
2343 4867 2425 4923 ait
2456 4883 2470 4922 :
2503 4866 2673 4923 Sicut
2702 4867 2767 4922 in
2797 4866 2892 4923 die
2922 4868 3325 4925 condixerunt
3352 4871 3467 4928 sibi
3497 4873 3628 4945 (Job

1964 4972 2120 5029 xxxv,
2170 4958 2281 5024 ιϐ),
2331 4954 2601 5028 quando,
2663 4954 3067 5027 persuadente
3125 4957 3326 5014 adhuc
3378 4960 3632 5018 archan-

1968 5045 2101 5119 gelo
2142 5044 2410 5118 reliquis,
2461 5043 2538 5100 de
2588 5043 2813 5116 quibus
2864 5043 3127 5101 dicitur:
3173 5047 3387 5105 Traxit
3430 5064 3630 5108 secum

1969 5140 2208 5194 tertiam
2233 5140 2472 5206 partem
2520 5133 2839 5190 stellarum
2887 5139 3101 5193 contra
3129 5137 3338 5209 Deum,
3370 5140 3435 5196 in
3465 5142 3631 5199 caelis

1964 5227 2139 5298 facta
2187 5229 2275 5282 est
2323 5222 2690 5294 conspiratio
2738 5222 3083 5281 rebellionis
3137 5226 3343 5298 (Apoc.
3394 5246 3500 5301 xu,
3548 5230 3629 5300 4).

1970 5312 2441 5373 Collocutionem
2492 5326 2605 5383 ego
2665 5310 2896 5369 aestimo
2951 5313 3241 5372 mobilem
3293 5317 3632 5390 quamdam

1967 5403 2345 5461 voluntatem
2393 5401 2581 5459 fuisse
2625 5416 3038 5458 consensuum
3084 5404 3285 5476 potius
3318 5422 3507 5479 quam
3536 5423 3634 5464 so-

1970 5508 2123 5552 nora
2170 5491 2492 5565 colloquia,
2552 5491 2848 5564 quoniam
2902 5492 3144 5566 spiritus
3206 5500 3348 5552 sunt
3401 5499 3459 5552 et
3509 5512 3634 5554 non

1972 5598 2230 5658 corpora
2260 5580 2553 5639 membris
2582 5581 2942 5655 composita.
2976 5583 3142 5640 Unde
3178 5584 3308 5640 ﬁeri
3350 5588 3550 5659 potest
3573 5591 3641 5645 ut

1973 5673 2202 5731 similes
2235 5675 2437 5730 motus
2465 5686 2575 5745 per
2624 5670 3020 5730 subtilitatem
3066 5677 3299 5732 naturae
3330 5692 3457 5732 suae
3486 5675 3550 5733 in
3576 5694 3641 5735 se

1971 5762 2408 5837 perspexerint,
2450 5764 2508 5818 et
2533 5761 2651 5818 hoc
2699 5759 2928 5817 dictum
2977 5761 3053 5820 sit
3089 5763 3479 5838 colloquium.
3510 5769 3642 5825 Non

1976 5852 2137 5911 enim
2184 5850 2525 5927 quidquam
2570 5849 2896 5910 affectuum
2958 5867 3208 5911 suorum
3261 5854 3341 5913 ab
3387 5854 3645 5916 invicem

3102 5945 3163 6000 41
