3950 6448
371 356 501 421 θεοί

1477 358 1535 414 8.
1569 356 1942 415 PRUDENTII
1969 351 2357 411 TRBL‘ENSIS
2395 354 2706 409 EPISL’OPI

3667 358 3685 410 Ι
3698 358 3796 413 292

366 480 550 539 latere
580 480 822 555 spiritus
870 483 1117 555 possunt
1144 497 1159 549 ;
1192 478 1495 552 simplices
1523 480 1685 537 enim
1711 483 2016 542 creaturae,
2059 479 2109 531 Α
2140 474 2315 531 etiam
2350 490 2603 546 corpora
2636 477 2766 547 [al.,
2798 476 3176 549 incorporea]
3200 476 3449 531 ﬂamma
3483 477 3797 533 crucietur.

367 568 603 629 nullum
631 567 922 629 habentes
963 567 1142 642 quasi
1166 567 1550 627 obstaculum
1582 568 2027 642 corpulentum,

367 658 703 733 perspicuas
746 656 860 715 sibi
910 660 1071 716 sunt.
1107 655 1272 715 Unde
1323 655 1581 713 arbitror
1625 656 1792 730 quod
1820 656 2029 725 lingua

368 745 490 815 illa,
510 763 645 823 quae
661 749 749 805 est
768 745 855 805 eis
874 744 1213 804 secundum
1231 745 1593 803 conditionis
1609 763 1732 803 suae
1752 744 2025 812 modum,

366 834 543 908 longe
586 834 912 906 dissimilis,
960 838 1141 909 atque
1180 835 1597 908 insuspicabili
1646 835 2028 895 distinctione

367 925 493 984 sine
509 939 658 983 sono
680 924 866 994 vocis,
886 940 1023 999 quae
1041 924 1107 982 tit
1130 924 1439 982 verberato
1457 940 1614 991 aere,
1633 924 1798 997 quod
1823 923 2029 988 volunt

363 1012 518 1071 illico
550 1012 882 1082 enuntient,
905 1029 1017 1071 nec
1048 1012 1122 1070 sit
1145 1029 1393 1070 necesse
1419 1013 1506 1069 cis
1538 1015 1809 1071 humano
1861 1028 2027 1069 more

362 1100 697 1161 brevissimi
721 1101 934 1161 saltem
958 1101 1245 1177 temporis
1268 1102 1460 1176 spatio
1484 1101 1790 1175 loquelam
1816 1118 1853 1158 ει
1874 1100 2030 1171 cogi-

363 1189 587 1249 tatione
643 1190 1005 1249 discernere.
1033 1193 1075 1262 +
1100 1194 1379 1248 Attamen
1411 1191 1579 1263 quod
1609 1189 1876 1267 sequeris
1907 1204 2029 1246 non

362 1281 565 1341 mimis
588 1278 683 1339 vel
709 1279 984 1341 mirabile
1014 1279 1111 1341 vel
1134 1279 1365 1341 fatuum
1392 1279 1697 1351 judicatur
1728 1298 1741 1336 :

935 1419 1176 1462 JOANNES
1231 1419 1457 1461 εηοτιῖε.

435 1513 606 1589 (Cap.
634 1517 720 1582 t7,
747 1526 919 1569 num.
950 1510 1035 1583 to,
1060 1517 1206 1569 sect.
1233 1512 1312 1583 8.)
1345 1514 1384 1565 Θ
1413 1513 1571 1580 Sive,
1602 1510 1901 1586 inquiens,
1925 1512 2035 1569 ita-

365 1617 480 1675 que
508 1603 667 1673 ignis
713 1602 822 1658 ille
869 1615 1188 1672 corporeus
1219 1602 1304 1674 (ut
1338 1602 1423 1658 ait
1471 1601 1864 1673 Augustmus)
1913 1601 2036 1657 sive

369 1689 784 1760 incorporeus,
802 1696 869 1746 ut
894 1691 1179 1762 Gregorio
1196 1690 1422 1760 placet,
1442 1705 1557 1761 pro
1576 1690 1673 1746 sui
1696 1689 1780 1763 (ut
1802 1689 2031 1761 opinor)

367 1778 752 1848 substititate,
767 1784 1096 1849 propterea
1117 1779 1583 1848 praeriestinatus
1610 1779 1703 1837 vel
1723 1793 2009 1849 pratpara

370 1871 466 1923 tus
494 1867 723 1925 dicitur
744 1868 1006 1937 diabolo,
1031 1868 1313 1940 quoniam
1342 1869 1403 1924 in
1428 1882 1493 1925 eo
1516 1868 1720 1939 fuerat
1751 1868 2037 1925 ordinan-

369 1955 483 2013 dus
514 1972 649 2015 cum
675 1958 948 2015 omnibus
974 1958 1226 2015 malitiae
1256 1956 1628 2014 consortibus
1671 1956 2032 2028 puniendus.

369 2047 446 2104 Et
469 2047 967 2119 quemadmodum
997 2047 1152 2104 idem
1182 2049 1338 2118 ignis
1371 2046 1556 2105 bonus
1578 2049 1874 2119 profecto,
1896 2063 2036 2118 quo-

366 2136 612 2205 niam,a
635 2135 784 2193 bono
809 2138 1038 2207 factus,
1059 2152 1181 2193 non
1211 2138 1401 2194 aliam
1432 2136 1502 2193 ob
1532 2152 1775 2193 causam
1807 2138 2033 2193 malum

370 2224 633 2294 dicatur,
661 2226 786 2282 nisi
811 2226 973 2298 quod
1000 2227 1063 2283 in
1095 2240 1158 2283 eo
1188 2227 1342 2283 mali
1369 2225 1814 2283 ordinatissime
1838 2225 2033 2296 dispo-

369 2320 643 2386 nantur;
669 2321 758 2373 ita
784 2318 965 2373 etiam
989 2330 1173 2386 pana
1198 2331 1319 2372 non
1350 2316 1682 2387 incongrue
1710 2317 2035 2386 asseritur;

371 2403 655 2475 quoniam
686 2402 843 2460 idem
863 2404 1017 2461 mali
1042 2405 1105 2460 in
1138 2403 1337 2461 eodem
1367 2403 1718 2461 criminibus
1748 2405 1870 2460 suis
1901 2402 2036 2460 lib;-

372 2491 580 2548 dinose
627 2492 952 2549 commissis
1002 2492 1296 2550 laboriose
1336 2491 1880 2569 miserabiliter-que
1904 2507 2038 2549 cru-

373 2580 635 2637 ciantur.
663 2580 801 2638 Non
850 2597 991 2655 ergo
1034 2581 1142 2637 ille
1189 2581 1350 2651 ignis
1378 2586 1463 2636 est
1505 2595 1711 2650 paena,
1743 2595 1932 2652 neque
1959 2580 2042 2637 ad

373 2683 503 2726 eam
527 2676 916 2740 praeparatus
938 2669 1034 2726 vel
1054 2668 1525 2740 praedestinatus
1547 2686 1559 2736 ;
1585 2667 1688 2724 sed
1705 2669 1810 2739 qui
1831 2668 2038 2738 fuerat

367 2757 860 2829 prwdestinatus,
880 2763 948 2815 ut
975 2764 1028 2814 et
1057 2759 1121 2815 in
1147 2758 1541 2815 universitate
1566 2756 1830 2813 omnium
1867 2758 2039 2814 bono-

372 2861 530 2915 rum,
563 2846 729 2904 sedes
750 2848 957 2916 factus
986 2850 1075 2903 est
1101 2845 1442 2917 impiorum.

1057 2968 1385 3010 CORRECTIO.

445 3062 487 3133 -ι-
520 3059 717 3121 Primo
739 3058 870 3119 hinc
900 3063 1006 3119 tua
1029 3060 1327 3123 sententia
1353 3060 1416 3121 in
1444 3076 1517 3121 eo
1546 3060 1822 3121 falsitatis
1844 3061 2042 3131 argui-

373 3151 489 3217 tur,
519 3149 690 3239 quod
717 3148 921 3239 ignem
951 3148 1122 3207 illum
1164 3149 1245 3239 ab
1287 3150 1627 3220 Augustino
1656 3166 2035 3225 corporeum,
2069 3185 2111 3239 ο

373 3255 410 3295 a
442 3236 725 3310 Gregorio
755 3237 1183 3317 incorporeum
1214 3238 1330 3295 dici
1360 3240 1683 3311 mentitur;
1710 3256 1855 3297 nam
1887 3244 2033 3299 uter-

372 3344 492 3404 que
513 3344 656 3389 eum
676 3326 907 3402 absque
928 3327 1401 3386 contradictione
1416 3345 1777 3402 corporeum
1798 3329 2039 3387 conﬁte-

372 3421 487 3475 tur.
520 3419 606 3487 Et,
638 3415 784 3495 quia
815 3432 998 3491 super
1025 3418 1361 3489 Augustino
1414 3420 1477 3474 tu
1527 3417 1655 3491 ipse
1699 3418 1905 3477 fassus
1931 3423 2038 3486 est,

372 3504 565 3580 ipsius
586 3504 946 3565 sententiam
964 3520 1191 3581 ponere
1211 3521 1336 3562 non
1361 3506 1781 3565 necessarium
1807 3506 2039 3581 judica-

372 3592 577 3651 vimus
603 3610 619 3662 ;
649 3608 833 3669 super
863 3592 1260 3654 mstimatione
1290 3598 1494 3653 autem
1525 3594 1810 3666 Gregorii,
1840 3612 1919 3659 ne
1945 3596 2042 3652 cui

374 3681 437 3738 in
466 3679 722 3739 dubium
753 3678 974 3753 veniat,
1006 3682 1243 3741 tametsi
1286 3682 1473 3757 paulo
1503 3683 1781 3759 superius
1806 3689 2040 3744 senten-

375 3770 523 3829 tiam
550 3767 709 3827 illius
737 3767 813 3829 de
840 3766 1057 3828 eodem
1099 3770 1238 3842 igne
1268 3786 1344 3829 ex
1387 3770 1553 3829 libris
1595 3771 1912 3833 Moralibus
1939 3789 2044 3849 po-

375 3858 699 3933 suerimus,
730 3874 855 3934 qua
877 3874 1017 3917 eum
1047 3874 1407 3933 corporeum
1436 3859 1677 3927 fatetur.
1701 3877 1824 3920 non
1851 3862 1963 3920 abs
1980 3878 2043 3919 re

374 3952 578 4009 tamen
594 3947 828 4007 videtur
846 3946 1092 4009 sialiam
1110 3949 1241 4021 ejus
1259 3950 1617 4009 sententiam
1635 3965 1707 4009 ex
1723 3950 1839 4009 alio
1852 3950 2042 4027 ipsius

375 4053 559 4113 opere
602 4036 684 4101 ad
729 4037 1005 4099 medium
1045 4037 1444 4099 deducamus.
1493 4042 1665 4108 Nam,
1697 4039 1853 4097 sicut
1893 4040 2045 4098 liber

373 4126 534 4185 illius
553 4127 658 4203 qui
679 4126 1065 4200 Dialogorum
1086 4132 1459 4205 praenotatur
1478 4128 1675 4198 refert,
1690 4132 1897 4189 Petrus
1915 4130 2046 4188 Dia-

377 4233 596 4288 conus,
615 4232 757 4281 eum
781 4216 856 4279 de
887 4222 1225 4277 memorato
1248 4218 1376 4290 igni
1396 4217 1551 4275 inter
1571 4217 1689 4277 alia
1710 4219 2042 4290 sciscitans,

376 4305 464 4365 ita
482 4305 736 4364 adorsus
758 4308 876 4365 est:
904 4307 970 4363 Et
985 4305 1130 4379 quia
1150 4304 1381 4363 ratione
1401 4306 1771 4367 credendum
1793 4313 1883 4368 est
1899 4309 2047 4382 quia

376 4410 507 4452 rem
534 4392 959 4468 incorpoream
988 4398 1187 4453 tenere
1211 4395 1368 4467 ignis
1388 4412 1714 4473 corporeus
1737 4398 1930 4474 possit
1945 4399 2044 4457 ‘2—

380 4485 711 4545 Ganconius
761 4484 1024 4561 (Dialog.
1060 4483 1166 4541 lib.
1214 4501 1295 4553 tv,
1327 4501 1465 4560 cap.
1511 4487 1651 4559 29):
1685 4487 1745 4544 Si
1791 4487 2042 4547 viventis

377 4571 641 4630 hominis
688 4572 1082 4646 incorporeus
1130 4573 1375 4647 spiritus
1408 4579 1638 4639 tenetur
1674 4576 1741 4633 in
1767 4593 2038 4651 corpore,

379 4678 487 4719 cur
528 4677 653 4719 non
697 4666 837 4738 post
862 4667 1145 4729 mortem,
1175 4678 1319 4721 cum
1345 4663 1740 4738 incorporeus
1769 4666 1843 4724 sit
1869 4667 2044 4741 spiri-

377 4755 496 4826 tus,
529 4750 712 4811 etiam
755 4768 1048 4826 corporeo
1078 4752 1217 4824 igne
1270 4757 1543 4812 teneatur
1563 4755 1591 4813 ‘l
1614 4786 1681 4796 -—
1703 4756 1949 4815 Parrus.
1978 4758 2046 4813 In

376 4840 611 4903 vivente
641 4841 911 4917 quolibet
944 4841 1168 4903 idcirco
1201 4843 1601 4919 incorporeus
1621 4844 1868 4921 spiritus
1894 4851 2049 4904 tene-

375 4933 474 4989 tur
497 4930 560 4987 in
592 4946 865 5009 corpore,
895 4932 1044 5007 quia
1070 4932 1337 4990 viviﬁcat
1356 4948 1685 5011 corpus.-—
1706 4937 2044 4994 GREGORIUS.

376 5018 437 5075 Si
465 5018 857 5093 incorporeus
888 5022 1157 5097 spiritus,
1186 5024 1371 5092 Petre,
1402 5022 1467 5080 in
1494 5023 1611 5081 hoc
1638 5024 1825 5082 teneri
1852 5028 2050 5103 potest

379 5106 550 5183 quod
577 5107 860 5183 viviﬁcat,
879 5128 1068 5184 quare
1090 5126 1221 5171 non
1240 5110 1556 5186 pmnaliter
1586 5116 1647 5173 et
1668 5112 1754 5171 ibi
1777 5117 2048 5175 teneatur

377 5192 493 5281 ubi
505 5194 922 5254 mortiﬁcatur.
939 5199 1143 5261 Teneri
1170 5204 1377 5261 autem
1405 5216 1514 5277 per
1538 5200 1743 5277 ignem
1771 5202 2046 5281 spiritum

379 5279 660 5368 dicimus,
698 5286 758 5341 ut
804 5283 871 5341 in
915 5289 1213 5347 tormento
1250 5290 1528 5362 ignescet
1567 5279 1834 5351 videndo
1866 5297 2045 5368 atque

381 5367 694 5457 sentiendo
725 5370 859 5444 [al.,
888 5377 953 5429 ut
973 5372 1035 5433 in
1062 5382 1358 5437 tormento
1386 5379 1545 5451 ignis
1572 5380 1837 5441 videndo
1865 5386 2045 5457 atque

380 5455 695 5546 sentiendo
718 5458 1044 5546 puniatur].
1078 5469 1289 5536 Ignem
1316 5483 1585 5543 namque
1621 5485 1697 5529 eo
1717 5470 1854 5546 ipso
1891 5455 2043 5545 pati-

380 5549 478 5603 tur
506 5543 677 5635 ριξοά
701 5544 884 5635 Videt,
918 5552 976 5609 et
1003 5552 1146 5625 quia
1175 5557 1431 5618 cremari
1460 5573 1525 5619 se
1552 5543 1788 5635 aspicit,
1818 5543 2048 5620 crema-

382 5648 507 5723 tur:
532 5631 742 5723 sicque
771 5634 839 5723 ﬁt
857 5639 921 5693 ut
950 5653 1047 5699 res
1074 5658 1367 5718 corporea
1384 5631 1810 5723 incorpoream
1835 5655 2047 5713 exurat

380 5718 532 5775 dum
563 5731 636 5771 ex
663 5718 790 5790 igni
818 5724 1031 5783 visibili
1062 5731 1244 5791 ardor
1273 5749 1344 5797 ac
1374 5718 1897 5799 dolor—invisibilis
1926 5744 2042 5801 tra-

378 5803 563 5860 hitur.
596 5807 668 5863 Ut
692 5822 799 5881 per
827 5812 1029 5885 ignem
1056 5833 1417 5896 corporeum
1466 5840 1641 5889 mens
1683 5827 2040 5905 incorpore“

2074 4540 2121 4595 Β

2140 563 2428 629 Quamvis
2482 563 2758 633 colligere
2817 564 2988 621 dictis
3036 563 3405 633 Evangelicis
3470 579 3802 637 possumus

2137 652 2282 725 quia
2322 651 2672 709 incendium
2728 654 2932 709 anima
2980 670 3104 710 non
3158 652 3353 709 solum
3387 653 3648 711 videndo
3694 654 3803 711 sed

2139 740 2319 796 etiam
2367 741 2731 813 experiendo
2779 742 3062 815 patiatur.
3100 742 3365 798 Veritatis
3406 742 3622 797 etenim
3655 759 3803 798 voce

2138 827 2307 885 dives
2340 834 2614 885 mortuus
2668 830 2726 886 in
2757 831 2991 887 inferno
3039 830 3258 887 dicitur
3308 830 3594 903 sepultus,
3629 832 3803 902 cujus

2138 917 2344 976 anima
2387 918 2532 990 quia
2580 919 2641 977 in
2698 919 2835 987 igne
2888 925 3177 991 teneatur,
3210 919 3478 978 insinuat
3521 937 3640 976 vox
3670 922 3803 994 [al.,

2140 1007 2305 1078 voce]
2359 1007 2581 1077 divitis,
2629 1009 2734 1081 qui
2792 1009 3098 1069 Abraham
3142 1010 3499 1081 deprecatur
3544 1009 3800 1066 dicens:
3874 1065 3882 1081 ,

2139 1097 2311 1153 Mitte
2333 1097 2652 1160 Lazarum,
2675 1104 2737 1154 ut
2762 1100 3025 1170 intingat
3056 1106 3384 1157 extremum
3418 1099 3594 1168 digiti
3620 1100 3717 1154 sui
3742 1102 3805 1154 in

2140 1200 2380 1254 aquam,
2414 1191 2471 1240 et
2501 1186 2820 1256 refrigeret
2855 1189 3125 1258 linguam
3155 1202 3368 1254 meam,
3400 1190 3541 1259 quia
3565 1190 3809 1244 crucior

2141 1274 2203 1331 in
2238 1273 2352 1331 hac
2396 1276 2645 1345 ﬂamma
2679 1277 2846 1344 (Luc.
2881 1293 2996 1346 xw,
3027 1280 3140 1341 24).
3177 1279 3327 1333 Dum
3361 1292 3503 1347 ergo
3534 1280 3809 1350 peccato-

2140 1378 2268 1419 rem
2297 1362 2545 1420 divitem
2567 1363 2929 1423 damnatum
2954 1367 3174 1423 Veritas
3198 1367 3259 1422 in
3285 1367 3489 1437 ignem
3510 1366 3804 1440 perhibet,

2141 1451 2280 1524 quis
2335 1452 2578 1525 sapiens
2639 1455 3040 1526 reproborum
3070 1456 3310 1513 animas
3344 1456 3525 1513 teneri
3553 1456 3616 1513 in
3646 1455 3802 1525 igni-

2141 1539 2258 1599 bus
2285 1542 2505 1609 neget?
2540 1574 2607 1581 —
2644 1546 2879 1600 PETRUS.
2914 1547 3059 1601 Ecce
3104 1545 3336 1603 ratione
3368 1562 3438 1602 ac
3464 1542 3808 1603 testimonio

2144 1645 2214 1685 ac
2243 1628 2653 1685 credulitatem
2676 1632 3193 1692 ﬂectituranimus
3213 1650 3226 1701 ;
3248 1633 3354 1690 sed
3384 1634 3677 1691 dimissus
3708 1632 3809 1688 ite-

2143 1735 2281 1773 rum
2311 1718 2391 1773 ad
2441 1720 2701 1787 rigorem
2732 1720 2902 1775 redit.
2947 1722 3265 1787 Quomodo
3295 1723 3458 1778 enim
3487 1740 3580 1779 res
3609 1723 3809 1779 incor-

2063 1829 2108 1887 Β
2144 1823 2330 1880 porea
2359 1823 2394 1862 a
2422 1824 2484 1863 re
2540 1824 2825 1881 corperea
2856 1809 3041 1865 teneri
3089 1815 3269 1884 atque
3318 1811 3501 1883 aﬂligi
3545 1814 3680 1885 [al.,
3713 1828 3812 1867 res

2146 1910 2435 1969 corporea
2481 1910 2608 1951 rem
2641 1897 3063 1970 incorpoream
3094 1902 3291 1956 teneat
3310 1904 3489 1974 atque
3518 1899 3813 1972 afﬂigere]

2144 1982 2359 2059 possit,
2392 1984 2623 2055 ignoro.
2656 2017 2725 2025 —
2755 1986 3109 2043 Gnaconms.
3145 1987 3266 2054 Dic,
3299 2004 3509 2061 quaeso
3548 1994 3625 2059 te,
3659 2005 3813 2062 apo-

2146 2077 2329 2130 statas
2370 2073 2612 2147 spiritus
2654 2092 2690 2131 a
2736 2074 2956 2131 cmlesti
3001 2074 3189 2145 gloria
3221 2074 3511 2133 deductos
3538 2075 3671 2149 [al.,
3707 2078 3813 2133 de-

2141 2162 2355 2235 jectos]
2385 2178 2513 2218 esse
2544 2178 2865 2236 corporeos
2907 2181 2985 2220 an
3016 2165 3403 2238 incorporeos
3435 2166 3767 2239 suspicaris
3787 2168 3815 2222 εἰ

2145 2283 2217 2293 —
2246 2252 2482 2308 PETttl'S.
2520 2252 2662 2318 Quis
2693 2269 2911 2309 sanum
2944 2254 3186 2327 sapiens
3220 2271 3355 2310 esse
3406 2255 3647 2328 spiritus
3677 2272 3814 2311 cor-

2147 2355 2364 2414 poreos
2390 2340 2651 2397 dixerit?
2678 2374 2745 2383 -—
2776 2344 3112 2407 Gnscomus,
3138 2344 3436 2400 Gebennm
3458 2344 3661 2415 ignem
3681 2360 3815 2400 esse

2147 2432 2571 2505 incorporeum
2618 2446 2695 2488 an
2746 2447 3104 2506 corporeum
3154 2433 3412 2492 fateris?
3459 2467 3526 2475 -
3569 2435 3811 2491 Plautus.

2149 2523 2353 2593 Ignem
2387 2524 2677 2592 gehennae
2727 2538 3085 2595 corporeum
3116 2539 3246 2581 esse
3293 2540 3419 2581 non
3451 2524 3719 2595 ambigo,
3751 2523 3814 2580 in

2148 2625 2270 2685 quo
2315 2614 2544 2665 certum
2603 2615 2692 2665 est
2739 2626 2992 2685 corpora
3043 2613 3317 2669 cruciari.
3350 2646 3418 2653 —
3459 2615 3810 2669 GRECORIUS.

2154 2701 2320 2753 Certe
2351 2696 2625 2771 reprobis
2674 2699 2899 2756 Veritas
2926 2699 2986 2756 in
3017 2698 3137 2756 ﬁne
3189 2701 3421 2758 dictura
3450 2708 3577 2758 est:
3616 2703 3706 2758 Ite
3751 2703 3815 2757 in

2150 2789 2344 2858 ignem
2376 2793 2691 2861 ceternum,
2715 2789 2821 2861 qui
2837 2795 3095 2863 paratus
3125 2798 3208 2847 est
3230 2792 3469 2848 diabolo
3496 2798 3551 2849 et
3580 2790 3813 2863 angelis

2148 2878 2277 2947 ejus
2306 2876 2545 2944 (Matth.
2594 2891 2738 2945 xxv,
2766 2876 2877 2950 41).
2915 2878 2970 2935 Si
3014 2877 3193 2949 igitur
3249 2880 3527 2937 diabolus
3558 2881 3814 2953 ejusque

2148 2964 2368 3034 angeli,
2402 2982 2543 3021 cum
2575 2965 2692 3022 sint
2737 2965 3096 3040 incorporei,
3148 2984 3438 3042 corporeo
3479 2975 3616 3025 sunt
3675 2970 3812 3039 igne

2148 3053 2480 3121 cruciandi,
2507 3053 2660 3126 quid
2689 3054 2913 3112 mirum
2934 3056 2991 3129 psi
3020 3056 3264 3123 animm,
3285 3062 3343 3113 et
3367 3060 3698 3129 antequam
3724 3073 3813 3113 re-

2149 3141 2373 3215 cipiant
2398 3159 2674 3215 corpora,
2698 3150 2959 3215 possunt
2985 3160 3277 3217 corporea
3308 3144 3526 3201 sentire
3556 3151 3815 3202 tormen-

2150 3233 2256 3288 ta?
2283 3234 2524 3295 Prravs,
2554 3236 2719 3289 Patet
2762 3234 2914 3289 ratio
2945 3250 3056 3290 nec
3098 3234 3279 3291 debet
3325 3249 3571 3291 animus
3597 3236 3676 3293 de
3699 3236 3813 3292 hac

2149 3320 2399 3379 ulterius
2427 3321 2761 3392 qumstione
2784 3321 3108 3395 dubitare.]

2220 3412 2264 3480 1-
2288 3413 2431 3466 Ecce
2452 3409 2601 3466 dum
2629 3409 2789 3479 ignis
2805 3410 2965 3467 illius
2990 3413 3264 3484 corporei
3289 3413 3632 3469 testimonia
3652 3417 3813 3469 certa

2149 3499 2570 3573 proponimus,
2612 3500 2688 3557 ad
2722 3500 2931 3559 omnia
2960 3517 3117 3574 pene
3144 3518 3284 3575 qum
3327 3503 3390 3559 in
3428 3503 3680 3576 praefata
3710 3507 3812 3559 tua

2152 3589 2445 3646 sententia
2474 3604 2789 3662 posueras,
2821 3592 3139 3664 responsio
3168 3606 3345 3648 verax
3368 3592 3604 3648 reddita
3644 3606 3811 3657 com-

2152 3678 2474 3753 probatur;
2501 3694 2651 3736 nam
2679 3680 3031 3737 auctoritate
3076 3681 3224 3738 tanti
3270 3682 3531 3739 doctoris
3559 3696 3683 3738 non
3716 3698 3809 3740 so-

2150 3769 2280 3825 lum
2307 3768 2465 3839 ignis
2495 3768 2591 3824 ille
2616 3784 2947 3841 corporeus
2974 3776 3372 3840 asseveratur,
3395 3786 3601 3828 verum
3632 3771 3810 3828 etiam

2152 3862 2209 3914 et
2250 3857 2487 3913 animas
2534 3856 2854 3914 hominum
2902 3863 2961 3915 et
3004 3864 3310 3932 apostatas
3365 3860 3608 3933 spiritus
3649 3859 3713 3916 in
3741 3875 3809 3916 eo

2153 3945 2509 4004 sensibiliter
2538 3946 2794 4005 cruciari
2822 3948 3217 4023 probabiliter
3255 3948 3534 4019 docetur;
3559 3966 3673 4006 nec
3700 3949 3808 4005 mi-

2153 4053 2274 4095 nus
2300 4035 2478 4093 nobis
2506 4035 2657 4093 illud
2700 4036 3031 4094 clarissime
3058 4038 3270 4109 illuxit,
3303 4039 3466 4097 unde
3492 4044 3701 4097 nostra
3725 4038 3810 4095 in-

2154 4125 2407 4183 ﬁrmitas
2435 4124 2819 4198 aliquatenus
2866 4126 3207 4200 haesitabat,
3247 4128 3470 4186 scilicet
3496 4128 3573 4184 de
3608 4144 3811 4201 corpo-

2151 4213 2322 4272 ribus
2351 4213 2673 4288 spirituum
2698 4214 3178 4274 immundorum.
3212 4217 3325 4275 Iste
3354 4217 3579 4291 quippe
3607 4216 3810 4273 doctor

2155 4303 2573 4363 sanctissimus
2601 4308 2659 4362 et
2685 4304 3125 4362 eruditissimus
3143 4321 3267 4363 non
3296 4322 3588 4380 corporea
3608 4306 3691 4362 eis
3708 4305 3810 4362 ad-

2154 4392 2301 4464 dita,
2331 4408 2456 4451 non
2504 4409 2608 4450 eos
2650 4394 2717 4450 in
2762 4394 3117 4468 corporibus
3170 4395 3558 4468 quibuslibet,
3587 4396 3694 4452 sed
3746 4395 3808 4452 in

2155 4480 2305 4556 ipsis
2332 4480 2558 4557 quibus
2611 4486 2895 4539 constant
2937 4482 3309 4557 incorporeis
3356 4484 3663 4558 spiritibus
3689 4484 3809 4558 pati

2156 4574 2457 4641 tormenta
2482 4569 2816 4630 denuntiat.
2844 4575 2975 4629 Non
3002 4588 3147 4645 ergo
3174 4578 3495 4648 propterea
3512 4573 3806 4649 praedesti-

2154 4664 2334 4718 natus
2350 4660 2442 4718 vel
2454 4666 2831 4736 praeparatus
2851 4661 3068 4720 dicitur
3093 4662 3339 4722 diabolo
3364 4664 3660 4738 quoniam
3679 4669 3805 4722 tan-

2154 4749 2472 4809 tummodo
2502 4750 2566 4807 in
2589 4766 2662 4808 eo
2691 4750 2886 4813 fuerat
2914 4752 3317 4824 ordinandus,
3345 4754 3453 4813 sed
3480 4754 3625 4830 quia
3651 4754 3715 4811 in
3737 4770 3802 4812 eo

2154 4839 2251 4897 vel
2290 4839 2577 4909 videndo,
2605 4839 2704 4898 vel
2748 4842 3134 4915 experiendo,
3184 4844 3279 4901 vel
3329 4848 3582 4919 utroque
3627 4843 3801 4903 modo

2155 4927 2349 4986 fuerat
2375 4928 2755 4987 cruciandus.
2785 4933 2901 4989 Nec
2927 4931 3065 4990 ideo
3085 4932 3286 4990 malus
3314 4933 3515 4991 dictus
3540 4938 3626 4991 est
3644 4932 3803 5009 quod

2156 5018 2218 5076 in
2235 5034 2306 5076 eo
2324 5019 2471 5077 mali
2487 5019 2933 5079 ordinatissime
2957 5020 3379 5096 disponantur,
3392 5023 3500 5081 sed
3525 5024 3671 5098 quia
3686 5040 3805 5082 om-

2156 5111 2249 5167 nis
2278 5126 2463 5185 poena
2492 5109 2655 5171 mala
2684 5126 2725 5169 a
2750 5111 3116 5186 patientibus
3149 5115 3515 5173 aestimatur:
3547 5114 3653 5188 qui
3674 5114 3802 5173 ideo

2155 5202 2334 5259 etiam
2363 5216 2545 5275 poena
2570 5201 3050 5275 torquendorum
3094 5206 3635 5276 congruentissima
3660 5222 3802 5264 nun-

2155 5294 2431 5364 cupatur,
2479 5291 2771 5364 quoniam
2798 5292 2865 5349 in
2891 5308 2961 5350 eo
2991 5293 3160 5363 mali,
3191 5311 3317 5353 non
3360 5295 3561 5354 solum
3586 5296 3799 5365 anima,

2156 5380 2264 5438 sed
2292 5381 2474 5439 etiam
2504 5398 2758 5455 corpore
2794 5383 3151 5441 sensibiliter
3198 5387 3639 5459 torquebantur
3669 5406 3685 5443 :
3713 5389 3802 5444 Est

2155 5470 2334 5544 igitur
2362 5469 2461 5527 ille
2488 5469 2644 5541 ignis
2673 5487 2877 5545 praua.
2917 5472 2996 5531 ad
3041 5473 3158 5530 hoc
3187 5480 3591 5548 praeparatus,
3621 5474 3802 5533 iactus

2154 5564 2212 5618 et
2236 5560 2723 5634 prsidestinatus,
2742 5561 2899 5620 utin
2925 5578 2999 5621 eo
3026 5579 3152 5621 non
3171 5565 3537 5623 conscientia
3557 5568 3796 5627 tantum,

2154 5666 2368 5708 verum
2396 5651 2575 5709 etiam
2606 5667 2827 5710 sensus
2877 5658 2936 5711 et
2970 5654 3337 5728 experientia
3376 5654 3800 5713 comburantur

2154 5757 2368 5799 omnes
2396 5741 2627 5816 iniqui;
2659 5759 2770 5800 nec
2820 5748 2886 5801 ut
2932 5745 3107 5800 sedes
3134 5746 3208 5803 sit
3235 5745 3585 5820 impiorum,
3616 5744 3720 5802 sed
3743 5747 3797 5799 ut

2155 5846 2361 5913 paena,
2382 5831 2707 5904 crwiatus,
2727 5837 3118 5905 tormentum,
3141 5835 3609 5909 combustioque
3631 5834 3706 5891 sit
3720 5848 3797 5892 re.
