3950 6408
191 283 326 337 1293

1120 287 1208 340 DE
1248 281 2246 344 ΡΗᾸίῡΕετιΝΑΤΙΟΝΙῦιϐΟΝΤΒΛ
2288 284 2340 338 J.
2391 283 2685 341 SCOTUM

3495 289 3633 344 £396

182 403 726 475 proborum.Cujus
743 405 823 461 rei
855 407 1191 478 copiosiora
1209 409 1649 466 documentain
1677 411 1847 463 sexta
1877 406 1924 460 Α
1954 409 2300 462 sanctorum
2346 421 2537 480 usque
2587 407 2666 464 ad
2709 407 3186 476 ﬁrmamentum,
3243 406 3450 480 ibique
3505 412 3634 467 tam

184 491 422 549 decima
452 494 684 550 actione
724 497 1162 565 congessimus.
1193 499 1417 555 Deinde
1447 516 1570 555 non
1604 496 1844 566 minori,

186 582 311 638 imo
363 583 637 640 inaudita
687 585 984 642 hactenus
1033 588 1271 646 insania
1325 589 1400 644 de
1458 589 1674 645 eodem
1725 587 1847 657 igni

188 671 499 729 subnectis
534 691 548 730 :

759 780 856 820 10A
866 781 1000 821 NNES
1053 784 1281 824 SCOTUS.

262 852 426 924 (Cap.
466 853 547 912 l7.
579 868 745 910 num.
778 854 862 922 lt,
897 861 1045 911 sect.
1077 861 1152 929 8).
1200 864 1240 912 Θ
1279 859 1354 915 In
1383 874 1520 929 quo.
1547 857 1851 930 inquiens,

183 943 404 1011 procul
456 942 634 998 dubio
681 959 802 1000 non
843 945 1040 1002 minus
1082 948 1444 1004 habitabant
1475 948 1633 1005 beati
1675 962 1854 1018 quam

187 1031 410 1086 miseri.
439 1032 559 1086 Sed
582 1032 738 1088 sicut
767 1048 891 1089 una
918 1036 1237 1112 eademque
1270 1037 1384 1093 lux
1411 1039 1574 1092 sanis
1595 1037 1678 1107 (ut
1696 1036 1854 1092 dixi-

187 1123 344 1190 mus)
397 1122 586 1176 oculis
640 1124 936 1190 convenit,
981 1125 1228 1193 impedit
1285 1126 1644 1195 dolentibus,
1703 1141 1858 1181 unus

186 1209 462 1281 idemque
477 1210 640 1265 cibus
663 1212 756 1266 vel
767 1218 945 1280 potus
962 1214 1243 1282 faucibus
1263 1215 1679 1286 languentium
1698 1230 1861 1271 ama-

186 1314 316 1364 rus,
363 1300 623 1355 sanitate
650 1300 989 1368 [ruentium
1036 1302 1272 1373 dulcis;
1318 1305 1441 1359 illis
1486 1305 1706 1375 quippe
1733 1318 1858 1360 suo?

186 1389 410 1442 salutis
437 1389 636 1456 placet
659 1390 897 1458 integra
925 1391 1290 1457 laetitia,istis
1311 1408 1434 1448 suae
1454 1394 1857 1462 corruptionis

185 1476 470 1544 displicet
511 1479 769 1545 paenulis
812 1481 1106 1552 tristitia;
1144 1498 1266 1538 una
1307 1483 1628 1553 eademque
1675 1497 1709 1539 a
1739 1498 1860 1553 qua

187 1570 502 1620 natantem
517 1567 1044 1629 elevat,cadentem
1059 1571 1614 1640 sulfocat.Duor-um
1634 1575 1698 1627 in
1713 1573 1860 1628 aula

187 1655 387 1722 regali
400 1669 516 1709 uno
528 1656 846 1726 eodemque
860 1659 987 1712 loco
994 1661 1328 1726 positorum
1338 1677 1514 1728 ,unus
1527 1661 1858 1731 febricitat,

1959 494 2206 565 angelos
2221 501 2484 566 sanctos,
2497 512 2685 570 quam
2702 501 3053 554 sanctorum
3071 495 3334 566 animas,
3349 501 3407 553 et
3427 496 3633 570 ipsum

1962 583 2288 641 Dominum
2317 591 2598 643 nostrum
2626 588 2830 645 Iesum
2860 585 3160 642 Christum
3191 601 3441 660 corpore
3470 601 3637 644 com-

1962 673 2186 729 morari
2235 693 2248 731 :
2297 691 2436 732 eum
2482 676 2759 733 consulta
2801 674 3028 732 Veritas
3077 679 3259 748 atque
3302 677 3632 735 auctoritas

1963 761 2271 819 catholicae
2320 763 2459 821 ﬁdei
2497 764 2662 821 aliud
2705 763 3020 840 praedicet;
3052 779 3251 838 neque
3300 765 3634 838 quisquam

1963 851 2504 910 ecclesiasticarum
2537 852 2715 911 tanta:
2743 852 3001 910 vesaniae
3035 846 3300 910 assertor
3338 855 3444 911 aut
3493 867 3636 912 con-

1967 944 2289 996 sentaneus
2339 941 2579 1015 uspiam
2628 935 2971 998 inveniatur
3020 941 3113 997 vel
3159 936 3410 998 inveniri
3452 956 3634 1016 posse

1966 1029 2242 1102 credatur
2267 1049 2279 1098 ;
2313 1031 2460 1103 quin
2490 1030 2689 1104 potius
2722 1047 2793 1086 ex
2820 1047 2914 1100 ea,
2947 1025 3044 1087 cui
3064 1027 3201 1087 totis
3228 1029 3462 1089 viribus
3487 1029 3637 1088 inni-

1971 1119 2124 1187 teris,
2148 1119 2400 1176 lectione
2423 1119 2756 1176 damnabili
2778 1111 3055 1177 hausisse
3077 1124 3134 1177 et
3153 1119 3455 1178 vomuisse
3475 1119 3636 1178 virus

1967 1205 2309 1264 lethiferum
2327 1208 2767 1288 comprobaris.

2041 1301 2190 1354 Nam
2222 1297 2314 1354 ille
2339 1302 2474 1352 tuus
2495 1297 2761 1370 Capella,
2785 1295 3048 1371 exceptis
3073 1289 3227 1368 aliis,
3249 1297 3345 1354 vel
3373 1291 3638 1356 maxime

1971 1390 2024 1442 te
2065 1386 2124 1442 in
2164 1386 2324 1442 hunc
2365 1385 2782 1460 labyrinthum
2811 1385 3119 1442 induxisse
3148 1386 3427 1455 creditur,
3461 1385 3637 1460 cujtxs

1970 1475 2343 1532 meditationi
2386 1469 2582 1547 magis
2622 1493 2807 1550 quam
2853 1476 3086 1533 veritati
3123 1473 3484 1548 evangelicae
3515 1477 3642 1534 ani-

1971 1581 2143 1621 mum
2175 1565 2463 1638 appulisti
2496 1583 2508 1620 :
2540 1565 2692 1632 Quin
2723 1566 2905 1622 etiam
2932 1582 3072 1622 cum
3093 1566 3320 1637 legeres
3341 1562 3502 1622 beati
3527 1565 3642 1622 Au-

1972 1651 2190 1724 gustini
2213 1651 2426 1727 libros,
2451 1671 2605 1728 quos
2625 1655 2714 1712 De
2731 1649 2988 1713 Civitate
3009 1657 3112 1713 Dei
3131 1655 3424 1712 adversus
3452 1665 3642 1728 paga-

187 1742 912 1813 altergaudet.Gaudenti
923 1749 1319 1804 omniatotius
1333 1751 1489 1805 auhc
1505 1757 1865 1807 ornamenta
1899 1763 1942 1816 Β
1970 1758 2189 1799 norum
2221 1739 2641 1800 fallacissimas
2672 1741 3153 1818 falsissimasque
3184 1737 3502 1816 opiniones
3533 1741 3644 1800 mi-

184 1832 628 1889 delectabititer
663 1835 927 1902 placent,
969 1837 1362 1894 laudabiliter
1389 1844 1711 1908 apparent,
1756 1839 1859 1896 ho-

186 1923 550 1979 norabiliter
602 1926 1011 1994 concordant;
1063 1927 1443 1995 febricitanti
1502 1944 1639 1984 uero
1694 1930 1861 1985 intra

185 2013 446 2080 seipsum
474 2011 900 2085 doloribusque
947 2016 1070 2070 suis
1122 2016 1386 2086 ardenti,
1436 2019 1706 2072 omnium
1731 2033 1863 2088 quae

183 2101 557 2158 extrinsecus
586 2103 768 2168 videt,
790 2104 948 2160 nihil
978 2119 1100 2160 esse
1134 2106 1414 2172 delectat,
1447 2106 1603 2162 nihil
1655 2107 1864 2162 lauda-

187 2189 327 2252 bile,
345 2191 487 2260 quia
515 2191 714 2247 omnia
743 2193 1094 2265 vituperat;
1122 2195 1279 2251 nihil
1302 2197 1698 2265 consentiens,
1721 2198 1863 2266 quia

185 2280 454 2334 omnium
475 2279 758 2336 abhorret
777 2296 800 2336 :
815 2284 1060 2353 merito;
1090 2284 1235 2353 quid
1267 2287 1422 2340 enim
1454 2284 1746 2340 bonorum
1770 2285 1868 2340 illi

185 2383 309 2423 non
339 2376 595 2436 noceret,
657 2371 898 2441 quando
928 2373 982 2427 ei
1010 2379 1224 2428 auctor
1263 2375 1527 2429 omnium
1575 2373 1860 2430 bonorum

183 2458 432 2528 placere
473 2474 594 2514 non
637 2463 932 2528 poterat?
959 2466 1064 2516 aut
1107 2460 1209 2516 ubi
1239 2464 1429 2518 ull-um
1482 2462 1699 2519 bonum
1743 2479 1862 2519 non

187 2545 440 2612 nocebit,
476 2548 575 2602 cui
593 2563 821 2604 summa
853 2548 1002 2604 bono
1022 2550 1156 2619 frui
1182 2568 1301 2606 non
1322 2553 1610 2622 placuit?

854 2654 1184 2696 CORRECTIO.

263 2725 306 2794 -ὶ-
335 2723 377 2781 0
425 2724 725 2781 insaniam
774 2726 1112 2784 inauditam
1149 2729 1161 2784 l
1204 2728 1247 2782 Ο
1275 2724 1626 2786 vecordiam
1675 2730 1863 2787 detes-

187 2812 478 2869 tandam!
513 2817 555 2872 0
585 2815 1013 2872 hebetudiuem
1045 2817 1524 2874 exhorrendaml
1558 2821 1600 2876 Ο
1631 2820 1859 2875 subtili-

184 2906 374 2958 tatem
421 2904 588 2960 omni
632 2904 952 2960 obtusione
1003 2906 1308 2962 duriorem
1343 2908 1356 2964 l
1391 2909 1435 2964 Ο
1475 2908 1861 2964 virulentiam

184 2991 359 3047 omni
374 2992 828 3049 abominatione
850 2995 1262 3050 extricamiam
1291 2997 1302 3051 l
1337 2996 1490 3061 Quid
1519 3002 1604 3052 est
1628 2998 1686 3068 (ο
1702 3013 1860 3053 mor-

180 3081 399 3137 talium
434 3083 882 3156 superbissime)
918 3084 1083 3155 quod
1116 3101 1302 3139 ausus
1345 3101 1410 3139 es
1456 3090 1622 3141 tanta
1661 3089 1859 3158 impu-

181 3169 396 3227 dentia
422 3171 764 3228 declamare
784 3173 812 3227 ?
846 3177 1071 3242 ignem,
1089 3189 1274 3244 quem
1297 3174 1519 3229 Veritas
1541 3173 1788 3230 diabolo
1805 3178 1864 3231 et

178 3259 420 3330 angelis
440 3260 571 3331 ejus
595 3260 736 3315 dicit
767 3261 844 3316 ab
869 3260 1038 3315 initio
1065 3267 1628 3334 praeparatummon
1660 3263 1862 3319 minus

179 3348 428 3404 miseris
459 3364 647 3420 quam
668 3348 860 3404 beatis
888 3349 1322 3405 habitationem
1344 3351 1665 3406 attribuis?
1696 3353 1861 3408 Certe

178 3440 245 3495 in
294 3437 526 3508 judicio
569 3437 759 3509 judex
805 3439 1078 3494 omnium
1126 3439 1430 3495 dicturum
1479 3457 1540 3496 se
1589 3442 1861 3515 reprobis

178 3531 552 3601 protestatur
586 3543 597 3580 :
633 3525 719 3582 [te
740 3529 800 3582 in
832 3529 1028 3598 ignem
1064 3535 1351 3584 wternum
1374 3531 1481 3600 qui
1498 3537 1756 3599 paratus
1777 3537 1859 3587 est

181 3616 429 3672 diabolo
456 3621 509 3672 et
541 3617 774 3686 angelis
798 3619 926 3686 ejus
951 3618 1198 3685 (Matth.
1224 3633 1367 3685 xxv,
1395 3619 1506 3688 41).
1540 3620 1719 3675 Justis
1752 3636 1860 3675 au-

183 3710 311 3762 tem
342 3722 355 3760 :
392 3706 593 3761 Venite
620 3705 912 3761 benedicti
931 3707 1138 3761 Patris
1160 3709 1588 3778 mei,percipile
1609 3724 1860 3779 regnum

185 3793 350 3866 quod
370 3793 529 3849 vobis
551 3799 843 3863 paratum
869 3800 950 3850 est
983 3795 1058 3850 ab
1089 3796 1320 3865 origine
1352 3797 1566 3852 mundi
1593 3797 1768 3868 (Ibid.
1803 3813 1857 3854 v.

185 3884 300 3950 34).
342 3882 473 3936 Istis
502 3897 758 3953 regnum
795 3887 1073 3955 paratum
1115 3883 1277 3954 dicit,
1310 3900 1433 3939 non
1463 3885 1664 3956 ignem
1693 3904 1706 3954 ;
1740 3885 1862 3957 glo-

181 3973 491 4051 _riam,non
522 3987 790 4043 poenam.
823 3971 938 4028 Illis
963 3977 1165 4028 autem
1195 3973 1398 4042 ignem
1435 3975 1860 4048 teternum,qui

182 4064 436 4136 paratus
466 4060 540 4116 sit
567 4060 808 4117 diabolo
859 4065 912 4117 et
963 4061 1192 4131 angelis
1240 4063 1404 4132 ejus;
1435 4079 1704 4136 poenam,
1735 4079 1858 4120 non

185 4150 461 4222 gloriam.
498 4150 663 4206 Unde
694 4155 751 4206 et
781 4150 897 4205 illic
937 4150 1154 4206 dicitur
1184 4167 1197 4205 :
1228 4152 1308 4206 Et
1340 4151 1513 4207 ibunt
1537 4153 1601 4208 hi
1630 4153 1692 4208 in
1716 4167 1858 4222 sup-

175 4241 438 4312 plicium
465 4245 775 4308 aeternum,
800 4241 959 4309 justi
993 4244 1195 4295 autem
1231 4241 1296 4295 in
1340 4242 1526 4297 vitam
1570 4247 1857 4298 cisternam

184 4331 390 4405 (Ibid,
440 4330 550 4400 46).
599 4329 752 4392 Quid
797 4334 885 4384 est
936 4330 1072 4399 hoc,
1123 4346 1164 4385 ο
1204 4330 1540 4386 miserrime
1582 4331 1856 4387 omnium

181 4425 424 4477 terreno
451 4419 698 4492 pulvere
728 4424 1184 4492 compactorum
1215 4421 1243 4475 ‘2
1269 4420 1499 4476 Veritas
1532 4421 1856 4478 sicut

179 4511 324 4579 rita,
367 4510 452 4565 ita
491 4513 550 4564 et
592 4508 727 4565 loca
755 4508 945 4581 partis
986 4509 1300 4582 utriusque
1344 4508 1668 4579 discernit;
1708 4515 1767 4566 et
1796 4514 1858 4566 tu

181 4615 379 4656 unum
406 4599 812 4671 eumdemque
842 4597 1046 4668 ignem
1062 4598 1239 4669 justis
1265 4603 1325 4654 et
1353 4598 1591 4670 injustis
1621 4600 1855 4656 habita-

181 4689 414 4745 tionem
457 4686 833 4758 dogmatizas
863 4687 890 4742 ?
925 4691 1146 4761 Nempe
1196 4688 1462 4761 aperitur
1498 4689 1648 4762 quid
1685 4690 1854 4760 velis,

180 4779 354 4853 quod
383 4778 664 4851 quamvis
699 4794 821 4834 non
849 4782 1051 4851 aperte
1092 4779 1390 4851 posueris,
1433 4779 1628 4837 elucet
1656 4783 1858 4837 tamen

181 4869 335 4943 quid
367 4873 568 4924 mente
597 4869 965 4941 conceperis,
991 4867 1085 4924 vel
1107 4868 1254 4940 quid
1283 4869 1458 4925 dictis
1485 4869 1859 4934 talibus,etsi

182 4973 489 5032 perverse,
523 4958 779 5014 suadere
808 4958 1086 5014 volueris.
1130 4959 1366 5014 Memini
1414 4959 1714 5033 siquidem
1763 4976 1860 5016 me

183 5048 352 5117 olim,
384 5047 551 5120 quod
583 5047 764 5103 etiam
798 5047 1030 5119 passim
1071 5047 1198 5118 jam
1246 5063 1455 5103 rumor
1499 5049 1774 5122 aspersit,
1805 5053 1859 5106 te

181 5139 324 5212 ipso
332 5141 616 5194 narrante
629 5137 1064 5210 audisse,quod
1077 5137 1232 5194 ultra
1247 5136 1358 5193 hoc
1369 5137 1602 5194 visibile
1616 5138 1857 5208 omium,

183 5228 353 5302 quod
382 5228 836 5284 ﬁrmamentum
873 5227 1179 5300 Scriptura
1210 5227 1860 5301 nuncupat,quodque

185 5317 512 5390 Apostolus
544 5317 823 5374 velamen
853 5316 1228 5373 tabernaculi
1257 5318 1450 5388 (Heb.,
1475 5334 1550 5387 v1,
1581 5317 1862 5390 19),quod

185 5412 319 5464 erat
345 5423 694 5480 oppansum
719 5411 860 5463 ante
883 5406 1222 5475 oraculum,
1246 5406 1691 5479 interpretatur,
1711 5406 1862 5463 nihil

186 5512 342 5565 esse,
373 5503 432 5553 et
458 5495 614 5553 infra
653 5500 876 5552 terram
925 5495 1321 5552 nihilominus
1362 5495 1510 5552 nihil
1554 5511 1724 5564 esse;
1755 5495 1864 5553 sed

186 5586 250 5642 in
281 5586 399 5642 hac
427 5585 608 5659 quasi
638 5584 824 5642 domo
846 5585 979 5641 caeli
1000 5589 1058 5642 et
1083 5588 1254 5641 terrae
1275 5583 1546 5641 ambitus
1572 5585 1863 5642 contineri

189 5674 416 5742 mnnia,
457 5691 712 5746 esseque
760 5690 943 5746 quem
986 5673 1287 5729 infernum
1330 5673 1588 5730 dicimus
1637 5691 1674 5730 a
1702 5678 1862 5731 terra

193 5778 390 5836 usque
418 5764 499 5822 ad
526 5763 761 5835 lunam,
783 5768 840 5820 et
867 5763 1086 5820 deinde
1105 5764 1457 5837 paradisum
1478 5761 1576 5822 vel
1601 5778 1856 5836 regnum

1972 1829 2143 1887 rabili
2173 1828 2482 1889 afﬂuentia
2510 1831 2780 1904 digessit,
2801 1823 3079 1888 invenisti
3101 1849 3240 1888 eum
3270 1823 3550 1905 posuisse
3571 1847 3642 1889 ac

1971 1921 2336 1976 destruxisse
2385 1919 2671 1994 quaedam
2721 1938 2789 1978 ex
2834 1917 3001 1977 libris
3045 1911 3350 1992 Varronis,
3397 1919 3640 1993 quibus,

1971 2010 2261 2081 quoniam
2308 2009 2560 2082 Capellae
2602 2014 2704 2065 tuo
2734 2026 3003 2065 consona
3027 2008 3414 2076 videbantur,
3441 2007 3642 2082 petitis

1973 2099 2252 2154 assentiri
2283 2113 2471 2172 quam
2521 2098 2766 2155 veridici
2812 2098 3132 2170 Anglistini
3178 2089 3641 2169 allegationibus

1972 2187 2156 2242 ﬁdem
2183 2187 2470 2243 adhibere
2496 2186 2786 2258 delcgisti.

2047 2275 2218 2332 Ponit
2248 2276 2409 2332 enim
2449 2275 2532 2332 ita
2564 2291 2636 2332 ex
2678 2273 2878 2332 verbis
2925 2267 3082 2331 illius
3133 2271 3506 2346 Augustinus
3536 2271 3643 2343 (De

1976 2363 2152 2423 Civil.
2185 2367 2311 2437 Dei,
2344 2366 2447 2422 lib.
2479 2379 2580 2434 vn,
2614 2382 2666 2422 c.
2715 2367 2768 2437 6)
2804 2383 2816 2422 :
2852 2365 3024 2438 [Dicit
3054 2372 3198 2437 ergo
3236 2359 3398 2422 idem
3429 2363 3640 2436 Varro,

1972 2456 2174 2512 adhuc
2202 2455 2276 2512 de
2304 2455 2561 2512 naturali
2592 2456 2892 2526 theologia
2923 2455 3327 2529 praeloquens,
3360 2451 3548 2513 Deum
3580 2467 3642 2512 se

1973 2544 2246 2602 arbitrari
2275 2560 2403 2602 esse
2431 2547 2702 2602 animam
2731 2545 2966 2612 mundi,
2996 2557 3182 2618 quem
3213 2539 3396 2602 Graeci
3425 2549 3645 2602 vocant

1973 2651 2186 2710 κοσμον,
2239 2640 2295 2691 et
2333 2637 2494 2691 hunc
2533 2635 2742 2710 ipsum
2772 2631 3074 2691 mundum
3106 2647 3235 2692 esse
3269 2631 3496 2704 Deum;
3537 2634 3644 2692 sed

1974 2726 2130 2781 sicut
2156 2724 2466 2781 hominem
2498 2725 2856 2798 sapientem,
2906 2731 3046 2780 etim
3078 2716 3151 2781 sit
3180 2737 3251 2780 ex
3285 2734 3537 2797 corpore
3585 2728 3644 2780 et

1972 2815 2198 2881 animo,
2229 2817 2429 2871 tamen
2464 2815 2543 2872 ab
2575 2815 2786 2870 animo
2813 2812 2930 2870 dici
2972 2807 3328 2887 sapientem,
3357 2813 3440 2870 ita
3470 2827 3644 2869 mun-

1971 2903 2118 2958 dum
2166 2898 2352 2958 Deum
2402 2904 2519 2960 dici
2565 2899 2645 2959 ab
2686 2903 2892 2959 animo
2937 2918 3078 2958 cum
3109 2902 3188 2958 sit
3232 2914 3306 2958 ex
3351 2901 3558 2958 animo
3587 2905 3646 2957 et

1972 3005 2241 3064 corpore.
2274 2993 2373 3047 Hic
2405 2991 2640 3047 videtur
2668 2989 3128 3063 quodammodo
3157 3005 3350 3046 unum
3371 2987 3643 3047 canﬁtEri

1972 3081 2180 3136 Deum.
2213 3075 2324 3136 Sed
2370 3085 2434 3136 ut
2478 3077 2682 3151 plures
2727 3079 2910 3135 etiam
2955 3079 3318 3146 inti-educat,
3365 3074 3644 3150 adjungit

1970 3167 2270 3225 mundum
2302 3167 2481 3223 dividi
2510 3168 2572 3222 in
2604 3165 2758 3223 duas
2779 3167 2984 3240 partes
3009 3183 3024 3222 :
3047 3161 3267 3223 caelum
3293 3169 3348 3222 et
3380 3170 3638 3236 terram;

1971 3257 2027 3316 et
2059 3259 2279 3315 caelum
2311 3257 2591 3314 bifariam
2619 3269 2680 3312 In
2725 3256 2948 3313 azthera
2977 3260 3033 3313 et
3058 3270 3217 3320 aera,
3242 3257 3466 3313 terram
3495 3261 3639 3312 vero

1971 3347 2031 3403 in
2075 3357 2302 3420 aquam
2349 3349 2404 3402 et
2456 3346 2751 3414 humum;
2792 3359 2823 3401 e
2868 3345 3090 3418 quibus
3145 3351 3459 3401 summum
3509 3353 3639 3402 esse

1971 3438 2212 3508 aethera,
2247 3436 2584 3493 secundum
2615 3445 2774 3498 aera,
2819 3437 3052 3491 tertiam
3085 3446 3333 3509 aquam,
3364 3433 3640 3491 inﬁmam

1971 3531 2223 3593 terram;
2267 3537 2421 3599 quas
2474 3539 2688 3581 omnes
2731 3521 2932 3598 partes
2982 3527 3243 3598 quatuor
3292 3522 3638 3581 animm

1971 3631 2100 3671 esse
2141 3615 2392 3688 plenas;
2423 3616 2487 3670 iu-
2533 3615 2751 3671 esthere
2799 3618 2862 3671 et
2900 3628 3044 3671 aere
3084 3612 3542 3685 immortalium,
3572 3612 3637 3670 in

1971 3719 2132 3778 aqua
2155 3710 2214 3762 et
2243 3711 2398 3762 terra
2439 3704 2809 3762 mortalium.
2853 3704 2944 3760 Ab
2987 3715 3234 3761 summa"
3268 3707 3475 3760 autem
3519 3703 3634 3761 eir-

1970 3795 2132 3850 cnitu
2159 3794 2290 3850 cceli
2311 3793 2386 3849 ad
2411 3792 2710 3850 circulum
2725 3793 2910 3863 luna,
2926 3793 3217 3848 mthereas
3239 3790 3480 3848 animus
3498 3806 3632 3848 esse

1969 3887 2130 3939 astra
2153 3883 2269 3939 hac
2299 3882 2523 3951 stellas,
2553 3897 2782 3954 eosque
2809 3880 3084 3938 catastas
3109 3879 3257 3936 deos
3293 3893 3420 3936 non
3447 3878 3632 3937 modo

1967 3972 2215 4042 intelligi
2256 3987 2416 4039 esse,
2459 3970 2568 4027 sed
2599 3970 2781 4026 etiam
2825 3968 3052 4026 videri:
3087 3968 3243 4026 inter
3287 3967 3444 4025 lunas
3490 3980 3634 4026 volo

1969 4077 2211 4133 gyrum,
2273 4064 2331 4116 et
2382 4058 2732 4115 nimborum
2790 4071 2869 4114 ac
2914 4062 3230 4115 ventorum
3288 4055 3630 4128 eae-nmina,

1968 4164 2182 4205 aereas
2203 4162 2334 4204 esse
2361 4148 2635 4216 animas;
2661 4146 2766 4202 sed
2797 4162 2904 4204 eas
2929 4146 3158 4214 animo,
3180 4154 3305 4202 non
3335 4143 3530 4202 oculis
3549 4144 3636 4203 vi-

1966 4238 2113 4295 deri.
2142 4240 2211 4294 Et
2231 4237 2430 4294 vocari
2457 4237 2696 4305 heroas,
2720 4241 2780 4293 et
2803 4236 2984 4300 lares,
3012 4240 3072 4293 et
3100 4235 3364 4308 geniosl
3385 4237 3426 4306 ’ξ’
3457 4234 3633 4302 Quod

1965 4344 2154 4401 quam
2175 4328 2250 4385 sit
2270 4328 2504 4384 veritati.
2533 4327 2854 4384 adversum
2886 4327 3380 4384 auctoritatetam
3404 4324 3634 4384 divino-

1966 4434 2104 4474 rum
2132 4417 2530 4490 etoquiorum,
2550 4431 2741 4489 quam
2771 4418 3017 4472 Patrum
3043 4415 3499 4483 venenbilium,
3518 4414 3634 4472 lar-

1969 4508 2170 4578 giente
2196 4507 2470 4572 Domino,
2498 4522 2609 4578 pro
2654 4510 2838 4578 captu
2861 4508 2920 4561 et
2942 4505 3171 4562 viribus
3201 4519 3630 4575 exsequamur.

1967 4599 2286 4670 Primoque
2313 4594 2754 4654 advertendum
2786 4594 2892 4650 ubi
2936 4594 3224 4650 Dominus
3263 4596 3320 4650 ot
3360 4591 3634 4650 Salvator

1966 4692 2188 4757 noster,
2220 4701 2469 4759 corpore
2514 4684 2681 4756 quod
2711 4684 2942 4755 absque
2984 4687 3234 4756 peccato
3281 4680 3539 4754 sumpsit
3575 4684 3635 4738 et

1967 4776 2094 4847 egit
2114 4791 2190 4832 ex
2234 4774 2472 4844 Virgine
2511 4774 2884 4846 incorrupta,
2927 4771 3109 4842 degat
3141 4788 3154 4826 :
3188 4786 3333 4827 nam
3377 4784 3454 4826 eo
3487 4784 3632 4826 con-

1968 4863 2202 4936 gregari
2234 4868 2477 4920 sanctos
2509 4878 2720 4919 omnes
2749 4865 3000 4918 testatur
3026 4859 3157 4933 ipse
3195 4861 3257 4916 in
3287 4857 3630 4930 Evangelia,

1968 4955 2174 5012 dicens
2208 4971 2220 5010 :
2254 4955 2379 5010 Illa
2421 4958 2592 5009 nocte
2629 4957 2805 5009 erunt
2839 4951 2958 5006 duo
2998 4951 3062 5006 in
3097 4950 3244 5006 lecto
3277 4963 3396 5005 uno
3421 4964 3445 5005 .'
3477 4963 3633 5005 unus

1969 5049 2323 5113 animetur,
2350 5047 2405 5100 et
2427 5043 2586 5099 alter
2601 5043 2979 5113 relinquetur
3005 5059 3020 5109 ;
3051 5039 3168 5096 duo
3185 5040 3252 5096 in
3279 5054 3454 5111 agro,
3477 5054 3634 5096 unus

1969 5132 2557 5201 assumetur,etalter
2568 5130 3411 5202 relmquetur.Respondentes
3423 5129 3636 5185 dicunt

1969 5227 2068 5281 illi
2093 5239 2116 5281 .'
2147 5223 2258 5280 Ubi
2275 5224 2521 5279 Domine
2541 5224 2569 5276 ?
2600 5219 2716 5286 Qui
2740 5219 2901 5276 dixit
2926 5219 3049 5276 illis
3074 5234 3097 5276 .'
3130 5219 3475 5288 Ubicunque
3500 5216 3635 5286 fue-

1969 5316 2052 5370 rit
2083 5328 2320 5383 corpus,
2358 5312 2508 5368 illuc
2539 5310 3074 5382 congregabantur
3115 5313 3170 5365 et
3212 5306 3435 5380 aquilae
3467 5304 3632 5376 (Luc.

1969 5420 2123 5469 xvn,
2147 5405 2356 5470 34-37).
2399 5400 2572 5467 Quod
2604 5399 2836 5473 absque
2868 5397 3056 5454 dubio
3088 5412 3271 5470 super
3312 5392 3534 5451 cmlum
3563 5393 3639 5450 si-

1971 5495 2222 5550 dereum
2245 5505 2458 5549 omnes
2498 5487 2775 5547 catholici
2807 5491 2864 5545 et
2885 5484 3208 5544 orthodoxi
3229 5485 3511 5541 doctores
3550 5483 3640 5540 in-

1972 5580 2268 5652 tolligunt.

2045 5674 2175 5738 Quo
2204 5670 2386 5728 etiam
2413 5668 2661 5725 beatum
2689 5665 2946 5723 Paulum
2963 5667 3208 5736 raptum
3237 5665 3482 5720 sanctus
3503 5667 3643 5720 Am-

1974 5762 2218 5820 brosius
2239 5760 2321 5833 tiu
2349 5759 2418 5815 II
2439 5759 2521 5816 ad
2544 5757 2681 5814 Cor.
2706 5772 2812 5826 xu,
2827 5760 2890 5824 2)
2907 5753 3180 5825 intelligit
3199 5752 3407 5810 dicens
3432 5769 3445 5808 :
3471 5751 3644 5825 [Quia
