3950 6426
381 363 517 420 1295

1463 363 1520 418 S.
1559 362 1932 420 PRUDENTII
1977 361 2366 424 TRECENSIS
2422 369 2734 426 EPISCOPI

979 45 1074 93 ..ᾗ
1397 38 2075 112 τῃ,

3681 379 3824 434 1296

376 485 536 546 ultra
555 488 767 544 omnia
785 486 995 542 mundi
1018 486 1214 542 sidera
1233 491 1442 560 raptus
1463 487 1891 557 intelligitur,et
1907 487 2040 543 ideo
2074 491 2122 544 A
2165 491 2394 560 angelis
2416 493 2762 550 sublevatus
2781 494 3163 568 legitur,quia
3180 498 3229 551 is
3248 497 3351 570 qui
3375 497 3596 554 fecerat
3621 500 3837 555 omnia

373 577 770 648 magniﬁcum
796 581 852 632 et
881 575 1152 632 mirabile
1174 580 1265 632 est
1285 577 1451 650 quod
1473 581 1696 634 narrat.
1731 577 2039 647 Signiﬁcat

376 668 535 724 enim
569 683 752 740 supra
769 665 1220 722 ﬁrmamentum
1251 666 1313 722 in
1342 667 1579 723 tertium
1619 682 1875 723 numero
1915 683 2035 723 cm-

373 756 502 813 lum
523 755 598 811 de
633 753 997 826 spiritalibus
1027 754 1192 810 ccelis
1221 760 1462 828 raptum
1491 755 1932 828 semetipsum.]

444 864 486 932 -ί-
512 860 685 927 Quod
715 860 890 916 nobis
920 861 1239 933 Apostolus
1268 863 1479 935 aperit,
1512 864 1615 936 qui
1639 862 1718 918 ad
1752 862 2036 936 Ephesios

370 951 665 1024 loquitur:
692 951 760 1005 Ut
783 951 960 1016 Deus,
982 951 1226 1007 Domini
1240 953 1435 1008 nostri
1445 953 1587 1008 Jesu
1607 953 1834 1009 Christi
1855 953 2042 1010 Pater

372 1040 692 1109 claritatis,
715 1040 814 1096 det
838 1041 1001 1096 vobis
1022 1042 1304 1110 spiritum
1326 1044 1638 1112 sapz'entite
1661 1049 1712 1099 et
1735 1043 2040 1102 revelatio-

369 1131 461 1186 nis
487 1133 544 1185 in
576 1131 839 1201 agitione
865 1147 885 1186 .'
917 1132 1289 1188 illuminatos
1336 1133 1555 1189 habere
1591 1133 1794 1189 oculos
1840 1134 2037 1189 cordis

369 1220 554 1275 vestri
573 1220 652 1275 ad
673 1220 782 1276 hoc
810 1226 874 1274 ut
899 1221 1103 1276 sciatis
1125 1237 1257 1292 quae
1277 1227 1360 1277 est
1382 1237 1513 1291 spes
1536 1223 1862 1278 vocationis
1885 1225 2034 1292 ejus,

367 1323 500 1380 qua
531 1309 758 1366 divit-iw
787 1309 1154 1366 han'editatis
1179 1311 1394 1380 gloria?
1426 1313 1551 1380 ejus
1600 1313 1663 1366 in
1693 1313 1953 1383 sanctis;
1983 1317 2037 1368 et

368 1413 550 1470 quam
595 1399 832 1455 excelsa
859 1400 1214 1470 magnitudo
1257 1402 1385 1469 eius
1416 1402 1477 1455 in
1511 1416 1630 1470 vos,
1663 1402 1768 1472 qui
1798 1401 2038 1458 creditis

368 1488 704 1544 secundum
734 1489 1138 1557 operationem
1159 1489 1442 1558 potentiae
1461 1490 1840 1559 fortitudinis
1884 1492 2034 1560 ejus,

368 1593 552 1650 quam
573 1584 853 1648 operatus
873 1584 959 1635 est
981 1579 1042 1634 in
1062 1578 1624 1647 Christo,suscitans
1645 1581 1818 1635 illum
1835 1595 1871 1635 a
1886 1595 2038 1636 mor-

370 1669 509 1738 tuis,
541 1673 595 1724 et
619 1669 938 1724 collocavit
963 1668 1043 1725 ad
1075 1668 1385 1726 dexteram
1426 1669 1540 1724 sibi
1577 1670 1640 1724 in
1681 1669 2032 1737 caelestibus,

367 1772 550 1827 super
597 1773 828 1813 omnem
872 1759 1310 1829 principatum,
1344 1764 1398 1814 et
1423 1764 1800 1828 potestatem,
1834 1763 1889 1815 et
1920 1759 2036 1814 vir-

2158 579 2444 637 nimirum
2475 599 2656 656 super
2687 584 2895 640 omnia
2922 601 3034 641 sua
3059 584 3272 642 virtute
3303 585 3649 659 ferebatur.]

2229 673 2294 726 Et
2323 671 2480 729 infra
2514 692 2525 730 :
2557 674 2652 745 [Ut
2680 673 2910 730 veniret
2935 675 3329 747 postmodum
3359 677 3465 749 qui
3495 693 3606 733 nec
3638 681 3838 734 trans-

2151 756 2310 814 latus
2335 776 2447 817 nec
2477 761 2828 829 subvectus,
2860 762 3080 820 coelum
3122 765 3451 822 aethereum
3477 781 3588 823 sua
3607 766 3835 824 virtute

2149 850 2540 921 penetraret.]

2219 937 2262 1005 αξ-
2293 935 2470 1005 Beda,
2502 938 2566 994 in
2606 940 2859 998 Homilia
2884 941 2960 998 de
2985 942 3199 999 eadem
3238 941 3554 1000 festivitate
3590 948 3832 1002 naturae

2147 1023 2432 1082 humanae
2454 1042 2490 1083 a
2513 1031 2769 1086 Domino
2795 1037 3052 1104 sumptae
3076 1032 3328 1103 gloriam
3356 1033 3611 1090 ﬁdeliter
3631 1051 3831 1090 enun-
3903 1057 3914 1082 ε

2148 1113 2306 1170 tians
2353 1116 2434 1172 ait
2482 1136 2494 1173 :
2545 1118 2730 1189 [lianc
2770 1137 2951 1194 super
2980 1137 3213 1194 pennas
3247 1127 3566 1179 ventorum
3605 1124 3830 1206 evexit,

2147 1217 2288 1259 cum
2318 1211 2698 1279 assumptam
2747 1208 2823 1266 de
2871 1210 3037 1266 terris
3065 1227 3191 1268 non
3245 1210 3443 1268 solum
3475 1228 3659 1285 super
3688 1215 3835 1269 uni-

2145 1308 2320 1348 versa
2349 1295 2504 1350 aeris
2528 1296 2713 1368 hujus
2745 1299 2963 1371 spatia,
2997 1303 3107 1356 sed
3136 1300 3319 1357 etiam
3355 1317 3541 1375 super
3569 1319 3832 1358 omnem

2147 1381 2351 1437 aetheri
2361 1400 2387 1438 s
2404 1383 2780 1443 altitudinem
2793 1388 3133 1460 sustollens,
3148 1390 3208 1446 in
3222 1391 3328 1462 Maj
3338 1390 3541 1448 estatis
3554 1393 3831 1448 Paterna:

2147 1469 2393 1528 dextera
2422 1473 2756 1531 collocavit.
2788 1479 2831 1547 -ε-
2859 1478 2926 1534 Et
2960 1477 3117 1535 infra
3159 1497 3172 1535 :
3215 1479 3387 1551 [Nam
3428 1483 3486 1536 et
3526 1481 3830 1553 septimus

2147 1559 2227 1616 ab
2253 1561 2448 1617 Adam
2486 1564 2698 1622 Enoch
2729 1565 3051 1623 translatus
3074 1567 3148 1624 de
3180 1568 3438 1636 mundo,
3470 1574 3528 1626 et
3554 1571 3735 1627 Elias
3766 1570 3831 1626 in

2147 1648 2366 1705 caelum
2399 1651 2745 1709 sublevatus
2767 1669 3012 1711 aereum
3039 1671 3367 1714 ascensuro
3399 1674 3584 1732 super
3609 1674 3833 1717 omnes

2147 1737 2330 1794 caelos
2357 1740 2610 1797 Domino
2642 1742 3052 1801 testimonium
3083 1745 3576 1820 praebuerunt]!-
3595 1749 3698 1804 His
3728 1763 3831 1804 ve-

369 1826 574 1918 tutem,
599 1852 652 1903 et
683 1826 1171 1917 dominationem,
1200 1852 1255 1904 et
1285 1826 1456 1904 omne
1485 1863 1719 1918 nomen,
1751 1847 1912 1918 quod
1936 1862 2034 1902 no-
2063 1844 2106 1901 Β
2145 1826 2387 1918 “cibus
2403 1828 2809 1918 ﬁdelibusque
2830 1832 3182 1890 testimoniis
3207 1836 3572 1906 Ρναεωυῐιίῑίι
3594 1836 3838 1893 ﬂuuius

366 1937 640 1992 minatur
679 1951 800 1992 non
832 1937 1024 1992 solum
1057 1937 1122 1991 in
1171 1936 1281 1993 hoc
1311 1939 1526 1994 saeculo
1570 1937 1672 1993 sed
1718 1937 1781 1992 in
1819 1938 2034 2008 futuro

365 2025 608 2095 (Ephes.
643 2042 684 2096 ι,
719 2024 803 2094 17,
843 2025 926 2094 18,
964 2029 1052 2095 is,
1084 2029 1173 2094 2o,
1200 2027 1337 2098 21).]

438 2135 628 2199 Quam
671 2132 939 2206 Apostoli
988 2133 1346 2190 sententiam
1395 2138 1638 2190 sanctus
1682 2133 2036 2190 Ambrosius

368 2222 454 2279 ita
483 2221 771 2295 explanat
797 2221 900 2293 (ad
923 2223 1144 2292 Ephes.
1181 2239 1221 2293 ι,
1245 2225 1330 2291 19)
1364 2241 1377 2278 ;
1417 2223 1795 2296 [Exemplum
1823 2222 2033 2279 salutis

365 2311 760 2380 credentium,
797 2314 854 2366 et
898 2298 1122 2381 gloriae,
1154 2310 1216 2366 in
1245 2311 1677 2368 resurrectione
1711 2311 2032 2368 Salvatoris

367 2399 692 2457 consistere
738 2397 1071 2472 proﬁtetur,
1112 2403 1178 2455 ut
1219 2415 1293 2455 ex
1323 2416 1396 2456 ea
1425 2403 1800 2471 cogno~.=cant
1829 2399 2033 2456 ﬁdeles

365 2488 516 2561 quid
541 2487 626 2543 eis
653 2486 1028 2560 promissum
1065 2492 1171 2544 est.
1216 2488 1401 2544 Simili
1432 2489 1592 2544 enim
1625 2489 1808 2544 modo
1848 2488 2032 2544 extol-

364 2577 564 2634 lentur
592 2593 782 2650 supra
821 2576 1006 2634 coelos
1045 2577 1228 2634 futuri
1249 2594 1387 2633 cum
1431 2578 1681 2642 Christo,
1715 2577 1865 2634 sicut
1906 2577 2034 2645 ipse

365 2667 507 2724 dicit
533 2684 547 2723 :
577 2668 923 2736 Paler,volo
950 2667 1148 2738 ut,ubi
1165 2682 1270 2738 ego
1286 2668 1544 2735 fuero,et
1565 2667 1628 2722 hi
1644 2681 1869 2723 mecum
1891 2667 2032 2737 sint,

367 2764 422 2814 et
471 2758 715 2813 videant
763 2757 1022 2827 gloriam
1072 2771 1262 2812 meam
1313 2757 1509 2825 (Joan.
1553 2773 1694 2826 imi,
1743 2756 1869 2828 24):
1920 2756 2034 2812 hoc

364 2847 1099 2920 propterincarnationem
1111 2845 1237 2901 Filii
1252 2845 1443 2901 Deizut
1456 2846 1632 2900 etiam
1648 2847 1830 2902 homo
1844 2845 2034 2902 factus

367 2951 549 3006 super
579 2950 790 2990 omnes
822 2934 1005 2990 cmlos
1039 2950 1167 2990 esse
1189 2934 1441 3004 dicatur,
1471 2939 1527 2990 et
1553 2951 1735 3006 super
1755 2940 2033 2991 cunctam

367 3029 725 3091 creaturam,
751 3023 966 3080 sedens
998 3024 1075 3081 ad
1103 3023 1412 3080 dexteram
1445 3024 1544 3080 Dei
1577 3027 1786 3094 (Apoc.
1815 3041 1894 3097 ιιι,
1919 3025 2030 3097 2i),

365 3113 601 3170 habens
633 3129 856 3170 nomen
880 3114 981 3170 Dei
1004 3129 1111 3187 per
1134 3118 1436 3182 naturam,
1471 3130 1593 3170 non
1624 3131 1734 3186 par
1757 3114 2032 3187 adoptio-

364 3219 528 3270 nem,
580 3207 646 3259 ut
695 3208 1068 3272 cognoscant
1116 3218 1245 3258 esse
1289 3203 1457 3258 illum
1509 3202 1717 3259 Filium
1771 3203 1874 3258 Dei
1927 3203 2032 3277 qui
2063 3201 2103 3257 C

362 3291 532 3347 illum
579 3291 1023 3348 cruciﬁxerunt.
1078 3295 1283 3348 Honor
1322 3291 1484 3347 enim
1527 3307 1712 3364 quem
1756 3291 1838 3348 illi
1869 3291 2034 3350 dedit

363 3380 539 3436 Pater
557 3396 666 3453 per
686 3381 1158 3450 generationem,
1173 3384 1317 3437 tunc
1348 3380 1763 3436 manifestatus
1785 3385 1877 3438 est
1892 3398 2030 3437 cum

362 3473 543 3526 natus
582 3469 768 3525 homo
797 3485 1015 3541 passus
1045 3472 1151 3536 est,
1186 3473 1243 3525 et
1269 3469 1428 3526 victa
1462 3473 1651 3525 morte
1684 3471 2028 3542 resurrexit,
2063 3520 2084 3528 ρ

364 3557 702 3615 ascendens
729 3557 892 3613 unde
925 3556 1318 3614 descenderat
1348 3574 1529 3631 super
1557 3574 1768 3614 omnes
1801 3559 2030 3631 ccelos.]

436 3685 480 3752 -ι-
506 3686 651 3738 Item
670 3681 833 3737 idem
863 3681 1184 3754 Apostolus
1225 3682 1287 3738 in
1329 3683 1543 3738 eadem
1575 3683 1837 3755 Epistola
1869 3702 1882 3739 :
1920 3685 2036 3751 Qui

363 3771 685 3842 descendit,
717 3772 841 3841 ipse
860 3777 944 3827 est
977 3771 1081 3843 qui
1104 3772 1375 3827 ascendit
1403 3786 1584 3840 super
1605 3787 1804 3828 omnes
1831 3774 2028 3838 cretes,

247 3900 252 3904 -
362 3867 431 3917 ut
470 3862 744 3931 impleret
789 3861 1010 3917 omnia.
1047 3859 1218 3925 Quod
1245 3859 1457 3916 beatus
1495 3862 1657 3931 Papa
1707 3861 2029 3930 Gregorius

363 3951 542 4007 simili
571 3950 690 4005 ﬁde
723 3949 1060 4023 praedicans
1085 3949 1267 4006 etiam
1287 3949 1442 4006 intra
1464 3949 1786 4006 missarum
1813 3949 2029 4006 solem-

360 4039 485 4110 nia,
517 4039 615 4095 die
655 4042 1050 4102 Pentecostes,
1097 4038 1158 4094 in
1199 4039 1300 4094 Dei
1342 4038 1558 4095 laudes
1601 4038 2030 4095 devotissimus

359 4128 702 4202 persultans
733 4132 790 4184 et
817 4128 1031 4184 cecinit
1061 4132 1118 4184 et
1150 4127 1496 4184 canendum
1526 4143 1722 4201 usque
1752 4127 1815 4183 in
1843 4127 2028 4185 ﬁnem

331 4217 566 4274 saeculi
617 4216 953 4289 dereliquit.
996 4217 1102 4274 Cui
1147 4233 1287 4273 cum
1324 4216 1580 4287 dignum
1609 4222 1666 4274 et
1691 4217 1945 4289 justum,
1973 4222 2030 4274 et

360 4321 627 4376 mquum,
661 4309 718 4360 et
748 4304 1010 4360 salutare
1039 4305 1258 4361 diceret
1300 4321 1413 4362 nos
1454 4309 1572 4361 Deo
1619 4305 1779 4362 Patri
1807 4306 2027 4376 gratias

359 4408 538 4463 agere
566 4407 676 4465 per
705 4392 1002 4448 Christum
1034 4393 1356 4449 Dominum
1382 4399 1680 4458 nostrum,
1714 4394 2028 4466 subjunxit

359 4483 442 4554 (in
477 4482 520 4535 Ι.
554 4484 854 4550 Sacram,
895 4481 992 4536 die
1025 4483 1422 4554 Pentecostes)
1457 4501 1470 4538 :
1508 4483 1644 4548 [Qui
1688 4484 2023 4540 ascendens

359 4587 540 4644 super
555 4586 767 4627 omnes
793 4570 995 4639 caelos,
1031 4570 1369 4643 sedensque
1394 4570 1474 4626 ad
1493 4571 1802 4628 dexteram
1831 4576 2020 4642 tuam,
2053 4557 2098 4611 D

354 4661 726 4734 promissum
755 4660 1039 4733 Spiritum
1067 4664 1346 4717 sanctum
1359 4659 1654 4718 hodierna
1670 4660 1766 4716 die
1785 4663 1848 4717 in
1868 4660 2023 4719 ﬁlios

354 4750 698 4823 adoptionis
725 4749 977 4821 effudit]

424 4861 467 4930 -ι-
496 4858 661 4915 Idem
709 4857 769 4914 in
809 4857 1065 4914 Homilia
1095 4862 1183 4925 29,
1218 4857 1292 4914 de
1324 4857 1688 4915 Ascensione
1737 4858 1972 4915 Domini
2005 4876 2019 4915 :

351 4949 441 5020 [In
473 4949 679 5017 Veteri,
721 4948 935 5021 inquit,
982 4950 1360 5004 Testamento
1408 4948 1808 5018 cognovimus
1854 4948 2022 5021 quod

349 5037 524 5093 Elius
542 5039 618 5093 sit
642 5043 854 5107 raptus
877 5040 939 5092 in
965 5038 1177 5094 etelum
1205 5036 1320 5109 (IV
1336 5038 1478 5107 Reg.
1508 5053 1570 5105 ιι,
1602 5037 1710 5109 ll),
1731 5037 1836 5093 sed
1857 5037 2022 5094 aliud

349 5130 440 5182 est
464 5125 682 5181 coelum
705 5141 972 5193 aereum,
991 5125 1156 5181 aliud
1176 5125 1524 5182 mthereum.
1546 5126 1772 5183 Caelum
1793 5125 2020 5199 quippe

350 5231 596 5273 aereum
627 5220 796 5271 terrae
829 5218 917 5270 est
937 5214 1308 5286 proximum,
1339 5215 1502 5271 unde
1530 5218 1587 5271 et
1607 5231 1749 5272 aves
1778 5214 1913 5271 coeli
1932 5215 2020 5271 di-

347 5322 561 5376 cimus,
576 5304 721 5378 quia
743 5320 845 5360 eas
866 5303 1114 5361 volitare
1140 5304 1204 5360 in
1233 5320 1369 5361 aere
1390 5303 1683 5361 videmus.
1709 5305 1772 5361 In
1795 5305 2017 5363 coelum

343 5394 547 5468 itaque
579 5409 824 5450 aereum
848 5392 1004 5449 Elias
1029 5392 1382 5450 sublevatus
1409 5397 1518 5466 est,
1547 5399 1613 5450 ut
1642 5394 1704 5449 in
1724 5399 2015 5452 secretam

345 5485 684 5560 quamdam
714 5489 884 5541 terra:
925 5483 1235 5554 regionem
1265 5487 1509 5556 repente
1538 5484 1877 5555 duceretur,
1907 5485 2014 5542 ubi

344 5574 405 5632 in
430 5591 659 5645 magna
672 5576 802 5646 jam
825 5573 1023 5629 carnis
1045 5578 1101 5629 et
1123 5573 1366 5646 spiritus
1387 5574 1584 5646 quiete
1601 5575 1840 5645 viveret,
1865 5591 2017 5648 quo-

343 5678 537 5736 usque
569 5663 647 5719 ad
684 5664 871 5718 ﬁnem
904 5661 1118 5717 mundi
1143 5662 1370 5731 redeat,
1409 5666 1466 5720 et
1505 5664 1716 5719 mortis
1736 5663 2011 5720 debitum

348 5752 560 5805 solvat.
591 5750 688 5806 ille
720 5750 883 5807 enim
913 5754 1169 5806 mortem
1209 5750 1457 5819 distulit,
1489 5767 1613 5807 non
1651 5753 1862 5823 evasit,
1896 5757 2007 5810 etc.

343 5835 708 5906 Redemptor
729 5842 930 5896 autem
951 5841 1154 5895 noster
1179 5853 1303 5895 non
1334 5854 1513 5896 curru
1529 5841 1660 5911 (ld.,
1694 5841 1860 5915 ibid),
1881 5857 2008 5903 non

2145 1915 2552 1987 ambiguitatis
2567 1917 2880 1977 obstaculo
2897 1921 3306 1995 praepedimur
3316 1923 3464 1996 quin
3477 1924 3837 1982 humanam

2146 2003 2546 2062 substantiam
2595 2023 2632 2064 a
2673 2009 2774 2064 Dei
2825 2009 2967 2065 Filio
3017 2016 3324 2083 sumptam
3374 2027 3556 2085 super
3604 2029 3833 2070 omnes

2145 2097 2449 2150 creaturas
2492 2095 2812 2167 elevatam,
2867 2102 3226 2168 regnantem
3278 2103 3336 2156 et
3385 2100 3829 2157 consistentem

2146 2183 2488 2252 credamus,
2518 2189 2575 2240 et
2602 2185 2856 2242 ﬁdeliter
2875 2185 3315 2243 collaudemus.
3339 2189 3468 2254 Quo
3495 2189 3704 2261 etiam,
3735 2206 3828 2245 se—

2147 2271 2416 2328 cundum
2446 2274 2916 2345 promissionem
2943 2292 3141 2344 suam,
3172 2281 3228 2333 et
3259 2292 3422 2333 nunc
3450 2277 3532 2348 (id
3561 2283 3655 2335 est
3679 2282 3826 2335 ante

2144 2358 2306 2415 diem
2324 2360 2557 2432 judicii)
2575 2367 2920 2420 sanctorum
2948 2379 3024 2420 an
3034 2363 3205 2434 imas,
3224 2369 3282 2421 et
3305 2369 3445 2438 post
3461 2367 3826 2423 earumdem

2145 2463 2402 2520 corpora
2429 2450 2822 2520 sublevanda,
2856 2456 2912 2508 et
2941 2452 3358 2523 gloriﬁcanda,
3403 2459 3605 2528 atque,
3640 2456 3826 2528 juxta

2142 2538 2516 2610 Apostolum,
2540 2539 2736 2596 eidem
2763 2547 3206 2612 conregnatura
3228 2548 3285 2600 et
3308 2559 3671 2602 consessura
3700 2546 3821 2602 mi-

2143 2627 2304 2682 nime
2331 2627 2707 2686 dubitamus.

2218 2717 2380 2773 Unde
2411 2723 2468 2775 et
2495 2718 2711 2775 beatus
2743 2720 3059 2791 Gregorius
3085 2721 3147 2778 in
3177 2726 3394 2795 quarto
3421 2723 3820 2796 Dialogorum

2140 2805 2294 2862 libro
2326 2813 2484 2881 (cap.
2513 2810 2605 2882 25)
2633 2810 2950 2883 eloquitur,
2983 2829 3124 2868 cum
3154 2828 3296 2870 eum
3326 2814 3535 2872 Petrus
3559 2816 3821 2873 interro-

2143 2901 2310 2966 garet
2337 2915 2349 2953 :
2380 2898 2597 2969 [Placet
2625 2900 2790 2972 quod
2821 2900 2992 2972 dicis,
3014 2902 3120 2957 sed
3144 2917 3322 2958 nosse
3342 2903 3518 2960 velim
3540 2904 3822 2977 [ad.,vel-

2141 2983 2282 3058 leni]
2307 2987 2354 3041 si
2376 2993 2700 3053 nunc,ante
2717 2990 3216 3048 resurrectionem
3231 2993 3641 3065 corporum,in
3658 2994 3818 3051 cmlo

2141 3072 2325 3145 recipi
2348 3074 2589 3132 valeant
2619 3076 2837 3132 animae
2865 3077 3188 3149 justorum.
3220 3111 3292 3120 —
3315 3081 3655 3138 GREGORIUS.
3689 3085 3817 3139 Hoc

2140 3177 2337 3235 neque
2359 3164 2434 3220 de
2460 3165 2747 3222 omnibus
2761 3167 2938 3238 justis
2962 3167 3132 3224 fateri
3155 3185 3486 3240 possumus
3509 3185 3713 3243 neque
3735 3171 3815 3227 de

2138 3254 2425 3311 omnibus
2490 3272 2734 3327 negare,
2789 3273 2933 3314 nam
2985 3263 3123 3316 sunt
3169 3259 3580 3333 quorumdam
3619 3263 3819 3332 justo-

2138 3357 2275 3398 rum
2291 3345 2527 3414 animae,
2551 3363 2688 3418 qua),
2707 3363 2743 3403 a
2760 3346 2984 3403 cmlesti
3009 3364 3198 3419 regno
3219 3348 3588 3421 quibusdam
3607 3350 3815 3406 adhuc

2139 3434 2563 3490 mansionibus
2595 3434 2974 3504 ditferuntur;
2997 3437 3060 3492 in
3088 3453 3212 3509 quo
3240 3437 3541 3494 dilationis
3574 3439 3810 3496 damno

2139 3525 2288 3599 quid
2318 3524 2482 3581 aliud
2519 3524 2788 3580 innuitur
2828 3525 2944 3580 nisi
2989 3526 3156 3597 quod
3183 3525 3258 3581 de
3288 3526 3552 3598 perfecta
3575 3527 3810 3599 justitia

2140 3613 2368 3688 aliquid
2408 3612 2610 3668 minus
2639 3612 3031 3668 habuerunt?
3069 3616 3125 3668 et
3162 3616 3367 3669 tamen
3404 3614 3538 3671 luce
3584 3615 3808 3672 clarius

2140 3707 2375 3760 constat
2399 3702 2544 3773 quia
2569 3700 2971 3774 perfectorum
2987 3701 3292 3772 justorum
3319 3703 3558 3772 anima-3,
3579 3721 3722 3761 mox
3744 3710 3810 3760 ut

2139 3792 2322 3863 hujus
2370 3790 2566 3846 carnis
2614 3791 2875 3846 claustra
2916 3795 3156 3859 exeunt,
3187 3791 3249 3846 in
3281 3791 3624 3848 cmlestibus
3669 3794 3803 3866 [al.,

2141 3880 2394 3936 ccelestis
2425 3879 2611 3951 regni]
2646 3878 2892 3934 sedibus
2921 3878 3311 3951 recipiuntur,
3361 3881 3527 3953 quod
3567 3886 3624 3938 et
3672 3882 3805 3955 ipsa

2139 3969 2363 4025 Veritas
2389 3973 2717 4034 attestatur,
2733 3967 2938 4022 dicens
2959 3985 2971 4022 :
2998 3969 3344 4041 Ubicunque
3355 3971 3546 4040 fuerit
3566 3987 3800 4040 corpus,

2141 4060 2291 4115 illuc
2321 4057 2852 4128 congregabantur
2879 4058 3099 4128 aquilae
3127 4058 3288 4127 (Luc.
3314 4075 3450 4126 xvu,
3483 4063 3575 4128 37)
3609 4077 3623 4116 :
3656 4061 3802 4132 quia

2139 4147 2238 4203 ubi
2267 4147 2396 4219 ipse
2423 4146 2789 4217 Redemptor
2804 4150 3005 4200 noster
3026 4151 3114 4203 est
3140 4161 3411 4219 corpore,
3433 4145 3572 4203 illuc
3593 4148 3801 4220 procul

2137 4235 2326 4293 dubio
2354 4234 2713 4306 colliguntur
2741 4239 2798 4290 et
2842 4234 3060 4291 anima:
3081 4235 3398 4306 justorum,
3432 4239 3495 4292 Et
3533 4237 3748 4293 Paulus
3783 4257 3797 4294 ε

2135 4327 2398 4383 Dissolvi
2413 4325 2680 4382 deszdero
2703 4323 2828 4396 [al.,
2849 4325 3023 4394 cupio
3039 4325 3305 4396 dissolvi]
3333 4331 3387 4381 et
3414 4340 3543 4382 cum
3569 4326 3797 4383 Christo

2137 4430 2259 4473 esse
2285 4415 2538 4486 (Philip.
2563 4429 2603 4482 ι,
2633 4416 2748 4482 23).
2785 4413 2896 4479 Qui
2917 4428 3060 4483 ergo
3095 4413 3396 4469 Christum
3419 4430 3548 4469 esse
3565 4414 3626 4470 in
3648 4414 3796 4471 caelo

2136 4520 2260 4561 non
2281 4503 2535 4571 dubitat,
2559 4518 2670 4558 nec
2699 4501 2870 4558 Pauli
2900 4502 3170 4559 animam
3192 4518 3324 4558 esse
3346 4503 3408 4558 in
3425 4503 3576 4560 ccelo
3597 4509 3794 4575 negat,

2135 4594 2242 4667 qui
2286 4592 2467 4649 etiam
2506 4591 2582 4647 de
2613 4590 2907 4647 solutione
2937 4591 3069 4663 [al.,
3099 4590 3516 4664 dissolutione]
3549 4593 3640 4648 sui
3666 4609 3793 4649 cor-

2133 4682 2507 4756 poris,atque
2527 4679 2966 4736 inhabitatione
2976 4679 3185 4752 patriae
3206 4679 3459 4736 caelestis
3478 4679 3622 4736 dicit
3639 4698 3652 4736 :
3669 4683 3792 4738 Sci-

2131 4786 2263 4827 mus
2285 4769 2568 4843 quoniam
2590 4769 2645 4824 si
2656 4768 2954 4825 terrestris
2975 4767 3183 4824 domus
3199 4775 3406 4825 nostra
3428 4768 3611 4838 hujus
3633 4770 3791 4827 habi—

2134 4861 2380 4918 tationis
2406 4859 2793 4926 dissolvatur,
2827 4859 2989 4930 quod
2999 4858 3451 4924 aedificationem
3465 4859 3789 4917 habemusa

2130 4950 2252 5006 Deo
2275 4949 2514 5006 domum
2533 4963 2651 5004 non
2666 4947 3104 5016 manu/actam,
3119 4948 3222 5005 sed
3239 4953 3525 5005 aeternam
3543 4949 3605 5004 in
3634 4950 3788 5004 ctrlis

2130 5038 2217 5111 (ΙΙ
2249 5039 2377 5095 Cor.
2411 5055 2466 5105 v,
2504 5037 2574 5108 i).
2613 5069 2681 5077 —
2737 5039 2976 5092 Peraus.
3013 5036 3073 5093 Si
3128 5036 3308 5107 igitur
3359 5052 3522 5093 nunc
3552 5036 3614 5092 in
3645 5036 3786 5093 coelo

2131 5134 2271 5185 sunt
2298 5128 2517 5184 animae
2537 5127 2865 5198 justorum,
2891 5125 3040 5198 quid
3066 5131 3156 5182 est
3180 5125 3346 5199 quod
3377 5126 3441 5181 in
3469 5126 3566 5182 die
3585 5126 3786 5198 judicii

2127 5232 2238 5291 pro
2245 5216 2485 5288 justitiee
2504 5232 2627 5272 suae
2641 5214 3005 5271 reributione
3015 5215 3304 5287 recipient
3317 5215 3344 5269 ?
3365 5247 3434 5256 —
3449 5217 3782 5273 Gnacomus.

2127 5305 2252 5362 Hoc
2275 5306 2358 5363 eis
2379 5305 2665 5362 nimirum
2687 5303 2899 5361 crescit
2929 5303 2992 5360 in
3016 5304 3268 5376 judicio,
3291 5303 3461 5378 quod
3484 5320 3648 5362 nunc
3668 5305 3784 5361 ani-

2125 5413 2370 5454 marum
2419 5395 2566 5466 sola,
2616 5394 3012 5468 postmodum
3054 5409 3198 5452 vero
3242 5394 3422 5453 etiam
3467 5411 3778 5469 corporum

2123 5485 2494 5543 beatitudine
2519 5483 2899 5558 perfruentur
2924 5502 2937 5552 ;
2968 5487 3035 5540 ut
3065 5483 3127 5539 in
3158 5483 3292 5556 ipsa
3320 5499 3566 5556 quoque
3613 5500 3779 5541 carne

2123 5575 2450 5647 gaudeant,
2476 5575 2535 5630 in
2555 5589 2676 5647 qua
2695 5572 2936 5630 Dolores
2954 5588 3066 5646 pro
3088 5572 3343 5630 Domino
3369 5573 3778 5647 cruciatusque

2121 5665 2515 5739 pertulerunt.
2554 5667 2662 5721 Pro
2692 5665 2807 5721 hac
2833 5663 3058 5737 quippe
3088 5663 3394 5735 geminata
3420 5679 3634 5720 eorum
3659 5663 3774 5734 glo-

2122 5755 2210 5812 ria
2250 5755 2538 5828 scriptum
2575 5757 2663 5809 est
2700 5772 2712 5808 :
2759 5756 2829 5808 In
2875 5760 3038 5810 terra
3073 5769 3182 5811 sua
3223 5754 3493 5823 duplicia
3529 5755 3776 5822 posside-

2125 5842 2272 5900 bunt
2310 5843 2452 5915 (Isa.
2499 5846 2614 5911 ιιιι,
2661 5843 2734 5912 7).
2777 5841 2922 5900 Hinc
2951 5841 3132 5900 etiam
3158 5844 3297 5900 ante
3327 5841 3771 5902 resurrectionis
