3950 6400
107 271 236 325 1297

1063 273 1154 327 DE
1184 267 1868 328 PREDESTINATIONE
1901 266 2180 325 CONTRA
2207 270 2254 325 ὂ.
2288 270 2564 328 SCOTUM

3390 274 3526 330 1298

101 393 261 451 diem
289 393 364 452 de
394 397 744 452 sanctorum
774 395 1096 453 animabus
1118 396 1411 469 scriptum
1437 400 1556 453 est:
1590 397 1762 451 Datae
1789 395 1836 449 Α
1873 393 2004 464 [αι.,
2039 394 2458 466 aperiendum]
2484 395 2705 452 librum
2734 391 2936 449 nullus
2983 391 3096 449 sub
3135 396 3289 450 terra
3329 394 3536 453 inven-

102 489 240 539 sunt
270 483 394 540 illis
422 484 680 555 singula
706 486 878 542 stotw
901 485 1052 542 alba:
1066 498 1090 557 ,'
1113 491 1168 542 et
1183 486 1408 542 dictum
1439 491 1524 544 est
1551 486 1674 541 illis
1696 487 1759 538 ut

103 572 534 644 requiescerent
581 578 812 644 tempus
842 573 1044 631 adhuc
1085 574 1404 642 modicum,
1436 575 1622 632 donec
1659 574 1763 630 im-

99 663 346 732 pleatur
372 679 656 722 numerus
687 679 1107 722 conservorum
1151 669 1208 722 et
1249 666 1520 734 fratrum
1560 679 1761 720 eorum

104 751 314 823 (Apoc.
339 768 418 820 v1,
457 753 562 824 ll).
594 753 703 819 Qui
751 753 952 826 itaque
996 769 1158 810 nunc
1210 753 1481 825 singulas
1523 767 1766 826 accepe-

104 843 263 908 runt,
290 839 466 898 binas
509 841 572 897 in
615 842 844 914 judicio
897 841 1080 900 stolas
1123 841 1387 900 habituri
1434 846 1592 912 sunt,
1621 841 1767 915 quia

106 929 290 988 modo
316 933 659 988 animarum
681 936 936 999 tantum,
960 937 1102 989 tunc
1133 933 1476 990 animarum
1502 931 1682 988 simul
1711 934 1769 988 et

109 1034 430 1092 corporum
458 1021 650 1092 gloria
679 1021 1060 1078 laetabuntur.

176 1109 210 1176 1-
237 1109 308 1166 Et
347 1110 512 1183 quia,
545 1111 842 1167 tribuente
876 1111 1151 1179 Domino,
1183 1110 1258 1167 de
1301 1110 1436 1167 loco
1485 1113 1542 1168 et
1580 1109 1770 1180 gloria

109 1201 454 1255 sanctorum
497 1199 647 1270 ejus,
679 1204 976 1273 quantum
1023 1205 1302 1274 suscepto
1333 1199 1500 1274 operi
1531 1215 1770 1272 compe-

106 1288 237 1342 tens
263 1285 568 1357 duximus,
599 1290 742 1344 satis
762 1287 1041 1344 ﬁdelibus
1069 1288 1324 1359 egimus,
1348 1304 1511 1344 nunc
1537 1288 1611 1344 de
1636 1287 1771 1344 loco

106 1379 163 1431 et
186 1375 522 1446 ignominia
553 1375 973 1449 reproborum,
1007 1378 1138 1450 ipso
1169 1377 1423 1441 favente,
1459 1376 1772 1434 videamus

105 1479 240 1536 quae
270 1463 386 1519 sub
416 1465 592 1520 terris
620 1481 748 1521 esse
783 1466 1133 1522 auctoritate
1155 1466 1418 1522 veridica
1447 1466 1774 1540 perdocen-

109 1557 234 1620 tur;
266 1552 343 1609 de
372 1569 499 1626 qua
527 1570 590 1610 re
619 1554 701 1610 ita
731 1553 978 1611 beatum
1011 1556 1360 1626 Gregorium
1391 1559 1773 1629 percontatus

108 1645 195 1697 est
243 1644 445 1698 Petrus
488 1642 763 1714 (Gregor.
805 1645 1045 1715 Dialog.
1080 1643 1119 1701 l.
1152 1661 1230 1713 1v,
1264 1661 1314 1700 c.
1340 1649 1466 1709 28):
1497 1643 1774 1717 [Inquisi-

1873 485 1967 538 tus
1997 482 2220 554 dignus
2251 484 2485 552 dicitur,
2519 483 2669 558 quid
2699 482 2897 540 obstet
2948 498 3074 538 non
3101 482 3298 553 video,
3333 489 3398 541 ut
3428 486 3542 542 sub

1873 575 2030 629 terra
2055 588 2184 629 esse
2210 573 2482 631 infernus
2514 572 2835 648 credatur.]
3081 568 3085 574 ’

1943 664 1986 732 -ι-
1999 662 2159 718 Idem
2179 663 2238 719 in
2253 664 2510 720 Homilia
2524 668 2590 721 38
2604 667 2741 720 ante
2753 661 3115 733 medium,in
3129 665 3541 735 Evangelium:

1872 750 2041 822 [Boni
2054 751 2212 808 enim
2228 753 2340 809 soli
2352 769 2661 826 nusquam
2675 756 2814 808 sunt
2826 752 2938 808 nisi
2952 752 3013 808 in
3032 751 3265 819 coelo,et
3278 754 3419 810 mali
3435 753 3544 810 soli

1873 855 2177 913 nusquam
2200 845 2342 898 sunt
2359 842 2477 898 nisi
2498 843 2561 898 in
2589 842 2844 898 inferno.
2870 845 3003 898 Haec
3034 845 3237 898 autem
3259 843 3378 900 vita
3407 861 3545 918 quas

1873 929 2027 987 inter
2068 930 2288 988 cmlum
2319 935 2376 988 et
2421 932 2722 988 infernum
2764 931 2878 988 sita
2923 935 3034 1001 est,
3065 931 3216 987 sicut
3254 932 3314 987 in
3341 933 3546 990 medio

1876 1018 2161 1093 subsistit;
2185 1019 2266 1076 ita
2279 1025 2672 1093 utrarumque
2691 1019 2956 1092 partium
2975 1019 3133 1076 cives
3147 1021 3550 1078 communiter

1875 1107 2118 1180 recipit:
2149 1125 2306 1181 quos
2339 1113 2540 1164 tamen
2572 1113 2781 1165 sancta
2812 1108 3094 1179 Ecclesia,
3121 1112 3179 1165 et
3209 1125 3371 1166 nunc
3396 1110 3548 1166 indi-

1877 1201 2064 1253 screte
2094 1197 2424 1270 suscipit,et
2451 1197 2839 1270 postmodum
2869 1197 2929 1252 in
2961 1198 3301 1269 egressione
3328 1198 3547 1256 discer-

1879 1286 2011 1357 nit.]

1950 1377 1993 1446 +
2032 1375 2196 1433 Idem
2253 1376 2314 1432 in
2365 1375 2714 1446 Moralibus,
2759 1375 2866 1432 lib.
2919 1392 3020 1432 xui
3069 1376 3142 1448 (c.
3193 1377 3331 1450 ult.)
3374 1377 3550 1449 [Cum

1881 1471 2114 1523 constet
2141 1467 2308 1540 quod
2338 1467 2505 1540 apud
2550 1466 2772 1522 inferos
2797 1466 2947 1538 justi
2989 1482 3113 1522 non
3161 1467 3223 1522 in
3249 1467 3396 1523 locis
3425 1483 3552 1540 pce-

1882 1557 2142 1624 nalibus,
2172 1557 2277 1614 sed
2320 1557 2381 1613 in
2430 1556 2722 1630 superiori
2765 1556 2983 1630 quietis
3024 1557 3158 1612 sinu
3189 1561 3550 1623 tenerentur,

1883 1662 2110 1718 magna
2139 1646 2315 1703 nobis
2344 1645 2612 1702 oboritur
2646 1645 2922 1719 quaestio,
2949 1645 3248 1718 quidnam
3280 1647 3354 1702 sit
3385 1645 3553 1718 quod

108 1729 257 1787 tioni
304 1746 476 1801 meae,
512 1731 705 1796 aiens,
746 1731 1109 1789 sufﬁcienter
1149 1733 1278 1805 jam
1322 1733 1498 1790 video
1545 1733 1777 1790 satisfa-
1809 1750 1848 1804 Β
1884 1735 2097 1791 beatus
2121 1735 2233 1790 Job
2265 1735 2478 1790 asserit
2503 1734 2748 1790 dicens:
2783 1735 2852 1789 In
2881 1734 3426 1804 profundissimam
3460 1736 3553 1790 in-

109 1822 294 1890 ctum,
329 1819 435 1875 sed
465 1820 580 1876 hoc
601 1824 690 1877 est
717 1819 917 1877 adhuc
947 1822 1114 1895 quod
1140 1823 1472 1895 quaestione
1503 1822 1776 1879 animum

110 1909 330 1982 pulsat,
363 1910 525 1984 quia,
559 1927 699 1967 cum
744 1912 1021 1985 superius
1069 1913 1297 1970 dictum
1347 1915 1424 1969 sit
1471 1929 1603 1970 esse
1646 1914 1776 1985 jam

113 2003 461 2056 sanctorum
491 2000 729 2057 animas
759 2001 820 2057 in
850 2001 1023 2073 caelo,
1054 2007 1236 2058 restat
1268 2002 1479 2075 procul
1505 2002 1692 2058 dubio
1713 2005 1780 2058 ut

110 2087 456 2161 iniquorum
484 2105 731 2164 quoque
761 2089 980 2146 animas
1001 2106 1131 2147 esse
1161 2106 1286 2148 non
1307 2091 1421 2148 nisi
1452 2091 1512 2148 in
1545 2091 1778 2147 inferno

113 2176 433 2233 credantur
458 2194 472 2245 ;
507 2181 563 2234 et
588 2176 736 2250 quid
768 2177 842 2234 de
874 2179 989 2234 hac
1020 2194 1082 2235 re
1111 2178 1334 2236 habeat
1365 2179 1587 2236 veritas
1612 2179 1780 2249 igno-

113 2281 206 2323 ro:
231 2283 378 2324 nam
406 2266 677 2324 humana
700 2269 1018 2325 aestimatio
1042 2285 1166 2326 non
1185 2269 1371 2326 habet
1392 2273 1780 2342 peccatorum

116 2355 351 2412 animas
381 2361 518 2412 ante
540 2356 839 2427 judicium
867 2374 1046 2431 posse
1066 2358 1776 2416 cruciari.—Gancoaws.

117 2444 172 2500 Si
193 2461 326 2502 esse
349 2450 694 2503 sanctorum
721 2447 958 2505 animas
986 2448 1048 2505 in
1078 2448 1230 2505 cmlo
1261 2449 1417 2506 sacri
1449 2449 1668 2522 eloquii
1690 2463 1782 2505 sa-

115 2534 449 2592 tisfactione
487 2537 813 2607 credidisti,
859 2543 1094 2610 oportet
1147 2543 1211 2595 ut
1253 2555 1362 2612 per
1403 2539 1610 2596 omnia
1652 2543 1807 2597 esse'

116 2622 326 2679 credas
368 2628 424 2679 et
464 2623 810 2697 iniquorum
863 2625 1098 2682 animas
1143 2627 1205 2682 in
1246 2626 1502 2695 inferno,
1535 2627 1680 2700 quia
1710 2644 1784 2684 ex

115 2710 504 2768 retributione
533 2717 768 2769 aeternae
792 2714 1057 2785 justitite,
1085 2730 1158 2771 ex
1187 2731 1310 2788 qua
1335 2716 1464 2786 jam
1487 2716 1632 2787 justi
1664 2715 1786 2786 glo-

116 2800 366 2866 riantur,
398 2817 640 2858 necesse
670 2807 760 2858 est
805 2819 913 2876 per
941 2804 1148 2860 omnia
1199 2809 1261 2860 ut
1309 2809 1368 2860 et
1407 2804 1612 2877 injusti
1656 2821 1784 2860 cru-

117 2889 366 2945 cientur.
400 2894 550 2947 Nam
595 2891 750 2948 sicut
778 2892 996 2948 electos
1039 2892 1350 2950 beatitudo
1395 2893 1672 2958 laetiﬁcat,
1704 2893 1786 2950 ita

118 2978 277 3034 credi
305 2995 548 3035 necesse
575 2986 666 3036 est
693 2981 861 3054 quod
890 2997 926 3038 a
956 2982 1052 3036 die
1077 2982 1269 3038 exitus
1301 2983 1391 3038 sui
1414 2983 1567 3052 ignis
1583 2998 1786 3054 repro-

116 3065 227 3123 bos
273 3072 503 3123 exurat.
538 3100 606 3108 —
637 3071 870 3124 Parcus.
905 3069 1038 3137 Sed,
1073 3085 1302 3141 quaeso,
1335 3070 1480 3142 quia
1511 3069 1786 3146 superior

118 3171 315 3213 sermo
346 3157 420 3213 de
450 3156 596 3212 locis
629 3157 968 3228 poenalibus
1007 3158 1222 3213 inferni
1252 3159 1628 3229 versabatur,
1657 3158 1786 3215 ubi-

116 3261 259 3302 nam
293 3262 424 3301 esse
452 3245 753 3300 infernum
797 3251 1081 3317 putemus
1104 3247 1132 3303 ‘I
1171 3263 1351 3319 super
1381 3248 1538 3304 hanc
1567 3252 1784 3303 terram

117 3351 192 3392 an
226 3338 436 3392 subter
466 3335 634 3390 terris
664 3335 791 3406 {al.,
810 3336 922 3390 sub
943 3336 1058 3392 hac
1089 3338 1263 3409 terra]
1296 3353 1423 3393 esse
1451 3338 1786 3394 credendus

117 3427 244 3482 est?
277 3457 348 3466 —
382 3427 718 3480 Gm-zcomus.
767 3428 882 3481 Hac
912 3425 987 3480 de
1017 3441 1080 3481 re
1110 3429 1330 3481 temere
1360 3427 1611 3482 delinire
1640 3425 1787 3482 nihil

119 3515 338 3570 audeo.
357 3513 637 3569 Nonnulli
658 3530 922 3586 namque
957 3514 1018 3569 in
1040 3515 1308 3588 quadam
1339 3520 1633 3572 terrarum
1655 3531 1788 3588 par-

121 3607 172 3658 te
201 3603 510 3659 infernum
548 3617 679 3658 esse
729 3607 1131 3675 putaverunt;
1173 3603 1271 3659 alii
1302 3620 1446 3661 vero
1476 3604 1639 3660 hunc
1671 3604 1786 3660 sub

122 3696 274 3750 terra
291 3709 427 3750 esse
450 3692 886 3750 aestimantSed
913 3697 1115 3749 tamen
1137 3694 1251 3750 hoc
1269 3695 1543 3751 animum
1563 3695 1786 3768 pulsat,

118 3782 282 3854 quia,
310 3782 362 3837 si
392 3781 616 3837 idcirco
644 3780 946 3837 infernum
978 3782 1235 3838 dicimus
1263 3784 1409 3856 quia
1428 3784 1674 3840 inferius
1706 3785 1788 3852 ja-

119 3876 226 3938 cet,
249 3870 425 3944 quod
454 3875 612 3927 terra
639 3871 718 3927 ad
748 3871 968 3926 caelum
986 3872 1120 3943 [al.,
1138 3888 1175 3928 a
1195 3873 1369 3944 coelo]
1390 3878 1500 3941 est,
1524 3875 1639 3929 hoc
1655 3889 1785 3930 esse

119 3959 389 4017 infernus
414 3959 593 4017 debet
620 3959 700 4016 ad
729 3965 951 4016 terram
983 3961 1084 4032 [aL
1100 4005 1112 4029 ,
1133 3978 1169 4018 a
1199 3963 1395 4034 terra].
1419 3962 1584 4018 Unde
1606 3968 1786 4036 etpu-

121 4053 176 4103 to
227 4066 340 4122 per
388 4049 770 4105 Psalmistam
824 4050 1051 4106 dictum
1098 4051 1227 4122 [at.,
1274 4057 1331 4107 et
1379 4052 1630 4108 fortasse
1677 4069 1786 4126 per

121 4138 498 4194 Psalmistam
529 4137 768 4209 dicitur]
801 4155 811 4194 :
860 4139 1161 4194 Liberasti
1183 4140 1444 4197 animam
1475 4155 1665 4197 meam
1710 4157 1785 4197 ea:

117 4229 355 4296 inferno
381 4229 666 4299 inferiori
691 4229 879 4295 (Psal.
907 4244 1116 4290 Lxxxv,
1149 4229 1266 4298 l3);
1302 4234 1367 4285 ut
1394 4229 1664 4286 infernus
1687 4247 1784 4286 su-

119 4317 311 4388 perior
342 4318 405 4373 in
435 4322 611 4386 terra,
636 4316 877 4373 inferior
906 4317 1021 4372 sub
1052 4322 1209 4373 terra
1234 4334 1364 4374 esse
1389 4319 1684 4375 videatur.
1720 4322 1786 4376 Et

117 4408 358 4463 Joannis
383 4407 574 4462 voxin
601 4423 673 4463 ea
704 4407 1098 4462 mstimatione
1124 4409 1487 4476 concordat;
1517 4409 1781 4482 quicum

120 4496 424 4565 signatum
449 4497 669 4552 librum
699 4501 930 4568 septem
958 4496 1165 4564 sigillis
1199 4497 1416 4554 vidisse
1446 4514 1508 4554 se
1538 4499 1782 4569 diceret,

121 4588 258 4655 quia
288 4602 461 4644 nemo
499 4587 775 4642 inventus
807 4591 888 4641 est
917 4587 1136 4656 dignus
1168 4603 1356 4659 neque
1381 4590 1444 4643 in
1487 4591 1655 4660 caelo,
1689 4605 1782 4646 ne-

122 4689 230 4743 que
257 4677 319 4730 in
348 4682 536 4737 terra,
567 4690 758 4746 neque
784 4674 990 4730 subtus
1021 4681 1268 4742 terram,
1293 4679 1530 4746 aperire
1562 4679 1782 4734 librum

123 4769 175 4820 et
205 4767 434 4822 solvere
461 4765 779 4835 signacula
810 4767 960 4833 ejus,
991 4765 1301 4835 adjunxit:
1334 4769 1408 4820 Et
1435 4783 1540 4837 ego
1565 4769 1782 4838 ﬂebam

125 4855 374 4910 multum
427 4855 630 4924 (Apoc.
660 4870 718 4917 v,
758 4857 803 4919 l,
838 4858 890 4923 3,
924 4856 978 4920 4,
1012 4858 1063 4919 5,
1098 4858 1254 4925 etc.).
1291 4858 1479 4921 Quem
1523 4857 1782 4913 multum

124 4946 319 5000 tamen
352 4944 744 5016 postmodum
793 4942 1013 4998 librum
1057 4959 1164 5015 per
1215 4947 1470 5000 Leonem
1520 4946 1593 5001 de
1623 4946 1782 5002 tribu

123 5033 274 5089 Juda
330 5033 475 5089 dicit
522 5033 756 5106 aperiri.
814 5033 874 5086 In
922 5049 1044 5103 quo
1101 5033 1378 5089 videlicet
1433 5035 1584 5090 libro
1633 5034 1781 5106 quid

124 5120 283 5177 aliud
327 5139 516 5195 quam
567 5138 739 5178 sacra
781 5119 1084 5192 Scriptura
1121 5121 1423 5190 signatur;
1469 5140 1655 5194 quam
1688 5140 1781 5179 so-

122 5209 212 5264 lus
245 5213 604 5284 Redemptor
650 5215 850 5266 noster
904 5211 1174 5282 aperuit;
1216 5211 1342 5283 qui,
1374 5213 1556 5268 homo
1588 5212 1780 5267 factus

124 5304 230 5366 est,
274 5302 611 5372 moriendo,
658 5299 1054 5370 resurgendo,
1100 5302 1508 5370 ascendendo,
1565 5307 1782 5358 cuncta

127 5391 407 5460 mysteria
435 5407 574 5464 quae
621 5391 684 5446 in
733 5405 804 5445 ea
848 5389 1085 5445 fuerant
1124 5389 1350 5458 clausa,
1377 5391 1673 5463 patefecit.
1703 5391 1778 5446 Et

128 5479 330 5534 nullus
351 5481 414 5534 in.
433 5481 600 5547 caelo,
620 5478 765 5552 quia
780 5493 976 5550 neque
993 5477 1264 5551 angelus,
1278 5481 1486 5535 nullus
1509 5481 1569 5534 in
1593 5485 1779 5546 terra,

127 5567 267 5637 quia
285 5584 480 5640 neque
501 5569 687 5624 homo
709 5566 916 5622 vivens
945 5566 1005 5622 in
1037 5583 1306 5639 corpore,
1334 5575 1386 5624 et
1419 5569 1626 5624 nullus
1648 5568 1782 5622 sub-

131 5660 222 5709 tus
253 5662 472 5713 terram
495 5658 712 5727 dignus
739 5657 1014 5712 inventus
1037 5662 1141 5726 est,
1174 5657 1317 5729 quia
1337 5673 1533 5730 neque
1561 5657 1780 5712 animae

130 5758 378 5816 corpore
395 5751 587 5802 exutae
608 5744 840 5818 aperire
856 5743 1030 5800 nobis
1051 5751 1264 5817 praeter
1285 5746 1606 5803 Dominum
1629 5743 1783 5801 sacri

134 5832 349 5906 eloquii
371 5839 597 5894 secreta
615 5836 958 5907 potuerunt.
985 5833 1134 5893 Cum
1154 5848 1298 5908 ergo
1319 5835 1399 5896 ad
1429 5834 1786 5895 solvendum

1882 1825 2126 1895 femum
2153 1823 2506 1880 descendent
2537 1822 2741 1879 omnia
2769 1838 2898 1879 mea
2919 1822 3074 1893 (Job.
3103 1839 3248 1894 xvu,
3284 1824 3400 1894 l6):
3424 1822 3551 1894 qui,

1886 1916 1998 1970 etsi
2024 1917 2161 1969 ante
2183 1912 2511 1970 adventum
2532 1911 2880 1968 mediatoris
2899 1911 3002 1967 Dei
3019 1916 3076 1967 et
3101 1911 3445 1983 hominum,
3468 1911 3556 1967 in-

1887 2003 2125 2059 fernum
2145 2002 2551 2058 descensurus
2573 2005 2720 2069 erat,
2735 2000 2924 2073 liquet
2943 2005 3147 2056 tamen
3168 2000 3313 2072 quia
3334 2001 3396 2055 in
3417 2015 3556 2073 pro-

1887 2090 2314 2147 fundissimum
2348 2089 2652 2146 infernum
2680 2089 3082 2145 descensurus
3125 2103 3252 2144 non
3285 2092 3433 2145 erat.
3463 2091 3556 2144 An

1889 2181 2023 2254 ipsa
2079 2179 2395 2252 superiora
2439 2178 2574 2235 loca
2603 2177 2775 2234 inferi
2803 2176 3352 2250 profundissimum
3380 2176 3559 2232 infer-

1890 2285 2040 2325 num
2068 2272 2266 2339 vocat,
2298 2267 2442 2340 quia
2467 2265 2759 2329 videlicet,
2782 2269 3081 2339 quantum
3111 2265 3190 2322 ad
3220 2265 3558 2322 sublimita-

1893 2363 2013 2415 tem
2043 2357 2197 2428 cceli,
2223 2357 2353 2429 jam
2381 2356 2567 2427 hujus
2615 2355 2770 2412 aeris
2808 2354 3074 2428 spatium
3104 2369 3228 2411 non
3257 2354 3559 2412 immerito

1891 2447 2008 2504 dici
2037 2447 2306 2503 infernus
2331 2447 2577 2520 potest?
2609 2445 2796 2516 Unde,
2815 2461 2954 2501 cum
2977 2447 3270 2518 apostatze
3303 2444 3501 2515 angeli
3522 2459 3562 2500 ει

1892 2535 2231 2593 coelestibus
2262 2534 2507 2590 sedibus
2528 2534 2590 2590 in
2619 2533 2734 2591 hoc
2767 2533 3098 2604 caliginoso
3128 2548 3265 2590 aere
3293 2537 3431 2588 sunt
3462 2533 3562 2589 de-

1892 2625 2094 2693 mersi,
2122 2627 2324 2680 Petrus
2355 2621 2666 2696 apostolus
2692 2623 2870 2678 dicit:
2905 2623 3155 2694 Angelis
3173 2622 3560 2692 peccantibus

1893 2731 2014 2771 non
2040 2715 2328 2784 percepit,
2365 2714 2467 2770 sed
2511 2713 2864 2769 rudentibus
2904 2713 3138 2782 inferni
3166 2713 3466 2768 detractos
3497 2712 3563 2767 in

1895 2809 2196 2860 tartarum
2226 2804 2481 2861 tradidit
2499 2803 2586 2858 ‘in
2609 2802 2846 2873 judicio
2881 2801 3238 2858 cruciandos
3265 2804 3569 2858 reservari

1893 2895 1985 2966 (II
2009 2895 2174 2950 Petr.
2207 2911 2264 2962 ιι,
2310 2893 2383 2964 4).
2423 2893 2480 2950 Si
2503 2893 2707 2964 itaque
2747 2891 2824 2948 ad
2857 2891 3272 2948 celsitudinem
3302 2891 3435 2947 caeli
3460 2905 3564 2946 aer

1894 2984 2004 3039 iste
2034 2983 2398 3052 caliginosus
2425 2981 2694 3036 infernus
2715 2985 2826 3047 est,
2849 2984 3148 3053 quantum
3180 2981 3259 3036 ad
3289 2981 3563 3052 ejusdem

1814 3103 1858 3158 ο
1897 3071 2051 3128 aeris
2103 3069 2479 3126 altitudinem
2521 3071 2701 3158 terra,
2729 3084 2865 3158 quae
2913 3066 3162 3123 inferius
3184 3069 3364 3138 jacet,
3393 3072 3450 3123 et
3479 3067 3566 3122 in-

1898 3161 2104 3218 fernus
2155 3158 2400 3228 intelligi
2460 3162 2517 3214 et
2564 3156 2920 3229 profundior
2976 3159 3212 3229 potest;
3263 3159 3563 3228 quantum

1901 3265 2038 3306 vero
2069 3249 2147 3306 ad
2176 3248 2450 3319 ejusdem
2480 3251 2649 3301 terrae
2682 3243 3082 3312 altitudinem,
3115 3247 3172 3300 et
3201 3243 3302 3300 illa
3320 3244 3456 3300 loca
3478 3243 3566 3300 in-

1899 3339 2004 3395 feri
2035 3355 2169 3410 quae
2211 3335 2522 3409 superiora
2551 3338 2692 3389 sunt
2726 3332 2856 3388 aliis
2903 3331 3317 3405 receptaculis,
3347 3332 3564 3390 inferni

1896 3429 2012 3484 hoc
2033 3427 2167 3484 loco
2190 3441 2314 3482 non
2329 3426 2658 3494 incongrue
2679 3421 3138 3494 profundissimi
3163 3421 3563 3495 appellatione

1900 3515 2386 3589 signantur,quia
2404 3512 2571 3587 quod
2593 3527 2696 3569 aer
2717 3510 2797 3568 ad
2821 3511 3227 3579 coelum,terra
3238 3511 3317 3568 ad
3341 3527 3564 3580 aerem,

1898 3607 2014 3664 hoc
2041 3607 2135 3663 ille
2171 3611 2260 3663 est
2285 3603 2558 3678 superior
2586 3601 2961 3659 infernorum
2993 3600 3160 3657 sinus
3189 3600 3268 3657 ad
3297 3600 3564 3672 terram.]

1970 3698 2012 3767 σι-
2035 3695 2200 3752 Idem
2250 3695 2312 3750 in
2360 3697 2524 3763 Mor.,
2555 3692 2594 3749 l.
2625 3709 2720 3760 xu,
2753 3708 2805 3748 c.
2837 3693 2908 3747 6:
2944 3691 3085 3762 [Nec
3115 3693 3318 3745 tamen
3345 3687 3429 3743 ita
3463 3687 3564 3756 ju-

1898 3789 2131 3843 storum
2163 3784 2400 3841 animas
2428 3783 2508 3839 ad
2543 3780 2846 3838 infernum
2873 3779 3131 3834 dicimus
3156 3775 3562 3842 descendisse,

1895 3880 1962 3931 ut
1989 3875 2050 3930 in
2079 3875 2226 3930 locis
2254 3871 2600 3946 poenalibus
2625 3872 2986 3939 tenerentur,
3010 3866 3116 3923 sed
3143 3881 3276 3921 esse
3301 3862 3565 3937 superio-

1893 3979 1962 4020 ra
1992 3962 2207 4019 inferni
2236 3962 2389 4028 loca,
2422 3975 2552 4015 esse
2583 3958 2702 4014 alia
2739 3955 3022 4013 inferiora
3051 3953 3355 4011 credenda
3387 3956 3560 4020 sunt;

1893 4057 1960 4108 ut
1984 4056 2040 4108 et
2081 4051 2142 4108 in
2190 4047 2604 4123 superioribus
2629 4045 2775 4117 justi
2803 4044 3264 4117 requiescerent,
3299 4045 3358 4098 et
3384 4041 3447 4096 in
3469 4040 3562 4096 in-

1893 4139 2209 4198 ferioribus
2250 4139 2454 4210 injusti
2480 4136 2909 4193 cruciarentur.
2947 4132 3112 4189 Unde
3143 4135 3200 4189 et
3229 4130 3560 4199 Psalmista,

1891 4235 2138 4304 propter
2206 4227 2674 4302 praevenientem
2736 4239 2800 4281 se
2860 4223 2960 4280 Dei
3025 4221 3306 4294 gratiam,
3373 4220 3562 4292 dicit:

1894 4321 2192 4390 Eripuistz
2251 4320 2518 4376 animam
2581 4331 2773 4374 meam
2843 4330 2918 4372 ea:
2982 4314 3223 4383 inferno
3279 4310 3564 4381 inferiori

1894 4410 2084 4484 (Psal.
2116 4425 2322 4479 Lxxxv,
2357 4407 2467 4479 13.]

1967 4502 2009 4570 -ιο
2031 4499 2428 4572 Hieronymus
2449 4498 2512 4554 in
2539 4495 2911 4570 expositione
2927 4494 3096 4549 Isaiae
3115 4491 3358 4565 proph..
3379 4489 3482 4545 lib.
3499 4505 3559 4560 v,

1895 4604 1948 4646 c.
1985 4591 2070 4657 14,
2111 4588 2206 4643 l9:
2237 4589 2352 4651 [Tu
2403 4593 2603 4644 autem
2640 4587 2941 4656 proiectus
2972 4598 3028 4638 es
3058 4582 3131 4637 de
3153 4579 3427 4648 sepulcro
3458 4584 3559 4633 tuo

1894 4679 2070 4750 quasi
2087 4679 2270 4746 stirps
2293 4677 2548 4744 inutilis,
2569 4675 2840 4744 pollutus
2865 4677 2918 4728 et
2950 4671 3284 4734 obvolutus,
3310 4681 3442 4723 cum
3467 4666 3558 4721 his

1895 4769 2001 4838 qui
2030 4765 2332 4834 interfecti
2376 4770 2516 4820 sunt
2574 4762 2799 4833 gladio,
2831 4766 2885 4817 et
2913 4759 3346 4816 descenderunt
3377 4769 3560 4825 usque

1893 4856 1976 4912 ad
2012 4854 2414 4925 fundamenta
2461 4853 2582 4908 laci
2609 4853 2752 4920 (Isa.
2784 4865 2906 4918 xw,
2942 4851 3048 4914 l9).
3093 4850 3158 4904 Et
3186 4851 3274 4902 est
3305 4859 3552 4900 sensus:

1895 4943 2144 5017 sepultis
2177 4942 2462 4998 omnibus
2491 4941 2598 5015 qui
2627 4957 2664 4997 a
2704 4945 2758 4996 te
2789 4937 3077 4994 interfecti
3118 4939 3276 5005 sunt,
3307 4937 3367 4989 tu
3394 4931 3557 4988 solus

1893 5031 2226 5105 insepultus
2265 5032 2515 5103 jacebis.
2550 5030 2658 5086 Alii
2704 5044 2845 5085 vero
2875 5027 3076 5084 locum
3127 5026 3307 5082 istum
3352 5023 3436 5078 sic
3466 5022 3556 5078 ius

1891 5125 2294 5196 terpretantur
2317 5139 2330 5178 :
2353 5125 2574 5179 Omnes
2604 5120 2822 5176 animae
2852 5116 3015 5191 apud
3039 5116 3259 5173 inferos
3289 5114 3558 5185 aliquam

1891 5211 2163 5284 requiem
2194 5212 2515 5284 accipiunt,
2547 5215 2613 5267 tu
2643 5209 2806 5266 solus
2845 5208 2906 5265 in
2949 5211 3248 5265 extremas
3282 5201 3559 5260 tenebras

1891 5300 2260 5370 religaberis,
2293 5302 2570 5358 omnium
2620 5299 2781 5357 enim
2826 5297 3112 5372 operieris
3157 5291 3468 5362 sanguine,
3503 5291 3559 5345 et

1894 5390 2317 5448 universorum
2341 5407 2518 5448 cruor
2544 5395 2598 5447 te
2623 5388 2903 5462 perimet;
2929 5385 3226 5457 simulque
3247 5379 3556 5445 discimus,

1894 5479 2064 5552 quod
2114 5479 2386 5538 infernus
2435 5480 2552 5537 sub
2609 5484 2766 5536 terra
2814 5477 2910 5548 sit,
2942 5475 3174 5532 dicente
3217 5469 3556 5542 Scriptura:

1899 5568 2096 5639 Usque
2119 5569 2202 5625 ad
2223 5571 2632 5640 fundamenta
2661 5568 2826 5639 laci.]

1967 5659 2009 5726 οξ-
2040 5657 2204 5714 Idem
2237 5662 2297 5715 in
2338 5660 2442 5717 lib.
2475 5677 2557 5732 ιιι,
2593 5677 2644 5716 c.
2673 5664 2728 5726 7,
2763 5658 2862 5715 1οε
2900 5655 3036 5732 [Vis,
3068 5653 3282 5728 inquit,
3313 5654 3379 5710 ut
3406 5649 3564 5707 scin-

1899 5746 2079 5802 datur
2103 5750 2280 5821 terra,
2314 5753 2372 5808 et
2414 5748 2631 5822 grandi
2657 5747 2828 5806 hiatu
2870 5745 3041 5804 inferi
3079 5747 3326 5822 pateant
3369 5739 3478 5816 qui
3504 5737 3566 5799 in

1899 5835 2077 5894 corde
2105 5839 2274 5897 terrae
2308 5856 2442 5920 esse
2474 5839 2774 5904 dicuntur.
