3950 6368
382 271 520 325 mo
1494 258 1549 313 s.
1575 250 1944 313 PRUDBNTII
1979 247 2361 306 raacsssm
2388 248 2699 305 Episcom
3689 253 3851 306 meo

455 395 497 463 ιι-
525 391 695 449 idem
743 390 803 445 in
850 385 1110 461 Epistola
1158 383 1236 439 ad
1285 383 1498 461 phes.
1535 384 1689 453 (cap.
1728 377 1840 447 l7):
1874 373 2043 443 [tnt‘e-
2082 375 2123 437 Α
2157 370 2512 463 inferiorem,
2547 371 2977 463 peccatoribus
2988 372 3226 463 doctor
3250 372 3623 463 Augustinus
3672 374 3850 429 aesti-

380 458 542 539 riora
596 484 800 537 autem
854 458 1022 533 terra
1069 458 1341 529 infernus
1390 469 1701 543 accipitur,
1735 466 1814 522 ad
1855 478 2041 537 quem
2155 467 2283 519 mat
2314 478 2441 519 esse
2481 461 2921 534 deputandum.
2956 460 3127 517 Unde
3167 477 3329 518 nunc
3383 462 3608 531 gratias
3639 478 3851 531 agens

380 569 674 629 Dominus
702 570 904 623 noster
933 562 1321 633 Salvatorque
1351 558 1679 620 descendit,
1709 561 1772 612 ut
1804 557 2041 609 sancto-
2154 551 2348 607 ﬁdelis
2378 552 2644 626 populus
2684 552 2866 607 dicit:
2926 553 3191 608 animam
3241 567 3411 608 suam
3465 553 3540 609 ab
3588 554 3855 623 inferno

381 675 520 718 rum
550 656 810 725 animas,
846 668 983 726 quas
1024 650 1108 706 ibi
1145 649 1504 706 tenebantur
1534 647 1802 710 inclusae,
1835 657 2041 699 secum
2154 642 2453 711 inferiori,
2486 642 2541 697 id
2573 646 2661 698 est
2690 640 2933 713 pcenali,
2967 656 3090 699 esse
3121 643 3484 715 liberatam]

385 749 464 809 ad
496 746 680 804 emlos
708 743 897 803 victor
936 740 1296 806 adduceret;
1344 737 1505 793 unde
1536 740 1593 792 et
1615 743 1752 805 post
1782 744 2045 790 rerurre-
2223 732 2266 801 ει-
2287 731 2589 787 Verumne
2614 734 2700 786 tot
2726 730 3023 799 Patrihus,
3060 730 3401 787 testimonio
3431 731 3631 797 unius,
3658 733 3725 787 id
3753 739 3849 788 est

386 838 635 897 stionem
668 834 794 905 ejus
813 830 1088 903 plurima
1118 842 1375 899 corpora
1394 829 1701 897 justorum
1733 827 1795 880 in
1833 825 2045 878 sancta
2154 818 3009 892 Augustini,priescribendum
3030 820 3338 891 putes,qui
3363 820 3551 876 multa
3570 821 3852 903 aliterde

385 926 628 985 civitate
657 923 785 980 visa
831 924 972 977 sunt
1015 919 1258 987 (Matth.
1290 933 1462 987 xxvu,
1495 916 1604 985 52).
1640 913 1811 980 Quod
1842 916 2046 968 autem
2154 908 2428 964 inferisin
2446 908 2809 964 duodecimo
2828 908 2978 963 libro
3002 910 3174 980 (Aug.
3198 909 3417 967 RetrJ.
3443 910 3592 980 n)de
3617 909 3852 965 Genesl

2157 996 2233 1053 ad
2264 997 2518 1052 litteram
2564 997 2915 1069 disputavit,
2950 997 3095 1053 audi
3124 998 3271 1070 quid
3302 998 3482 1054 etiam
3518 998 3651 1072 ipse
3683 999 3850 1059 dum

2158 1086 2440 1147 eumdem
2463 1086 3071 1159 retractarct(oap.24)
3093 1087 3556 1161 deprompserit.
3575 1088 3667 1159 [[n
3682 1087 3851 1143 duo-

381 1013 654 1074 infemus
693 1011 756 1069 in
803 1008 1066 1066 inferiori
1094 1011 1264 1082 parte
1311 1011 1482 1068 terrae
1524 1005 1617 1068 sit,
1650 1009 1707 1060 et
1734 1000 2049 1060 Psalmista

383 1107 638 1163 testatur
689 1100 936 1157 dicens:
987 1098 1220 1167 Aperta
1277 1102 1360 1153 est
1406 1100 1590 1162 terra,
1633 1099 1686 1149 et
1732 1091 2048 1162 deglutivit

384 1192 636 1250 Dathan
682 1194 739 1247 et
783 1188 1016 1259 operuit
1055 1200 1236 1255 super
1273 1184 1791 1255 congregationem
1821 1180 2051 1235 Abi-ron

387 1281 579 1356 (Psal.
612 1296 706 1348 ον,
742 1278 848 1350 l7).
883 1276 949 1332 ld
977 1275 1181 1349 ipsum
1210 1273 1272 1330 in
1303 1276 1700 1328 Numerorum
1743 1269 1896 1325 libro
1930 1267 2051 1341 ple.

387 1370 529 1429 nius
553 1367 903 1442 explicatur.
943 1364 1075 1421 Alio
1104 1378 1348 1437 quoque
1372 1361 1507 1418 loco
1535 1360 1817 1432 legimus:
1849 1359 2055 1419 Veniat

389 1474 552 1520 mers
579 1473 764 1530 super
791 1472 908 1527 eos,
940 1461 992 1511 et
1032 1454 1397 1515 descendant
1428 1453 1489 1508 in
1520 1452 1828 1521 infernum
1858 1451 2056 1505 viven-

393 1555 479 1609 tes
505 1548 708 1622 (Num.
741 1561 855 1609 xw,
885 1545 946 1601 81
983 1543 1186 1616 seq.).]

466 1640 513 1710 σξ-
540 1636 848 1709 Philippus
898 1634 959 1690 in
1008 1626 1384 1706 expositione
1430 1629 1591 1686 beati
1631 1629 1742 1685 Job
1772 1629 1847 1699 (ο,
1879 1631 1971 1697 26,
1998 1627 2060 1682 in

2160 1174 2762 1247 decim,inquiens,de
2781 1174 2840 1230 in
2850 1176 3209 1245 feris,magis
3232 1177 3378 1235 mihi
3393 1177 3603 1233 videor
3615 1176 3854 1232 docere

2161 1264 2441 1320 debuisse
2463 1265 2628 1337 quod
2662 1264 2776 1319 sub
2810 1266 2976 1321 terris
3003 1265 3139 1336 sint,
3163 1283 3351 1338 quam
3373 1267 3674 1323 rationem
3706 1266 3854 1322 red-

2163 1354 2305 1410 dere
2331 1370 2437 1409 cur
2466 1354 2580 1409 sub
2602 1354 2773 1409 terris
2804 1371 2939 1410 esse
2967 1354 3283 1410 credentur
3314 1355 3440 1412 sive
3469 1356 3813 1420 dicantur.)

2235 1446 2277 1514 ει-
2306 1443 2401 1498 His
2431 1446 2733 1499 tantorum
2782 1446 3023 1500 Patrum
3068 1444 3379 1500 veracibus
3410 1443 3855 1517 disputationi-

2166 1532 2282 1588 bus
2306 1548 2518 1588 omnes
2547 1536 2664 1588 tua;
2697 1533 2965 1601 argutius,
2988 1549 3325 1606 omnesque
3349 1533 3601 1589 fallacias
3632 1534 3857 1608 incon—

2168 1621 2599 1693 venientesque
2658 1621 3078 1678 similitudines
3136 1622 3401 1678 contritte
3465 1636 3860 1694 pessumque

395 1709 754 1803 principio):
786 1722 986 1797 [Quod
1032 1725 1236 1778 autem
1265 1720 1382 1777 ait:
1430 1719 1556 1777 Sub
1593 1720 1762 1791 aquis
1789 1720 2060 1789 gigantes
2089 1728 2136 1782 Β
2172 1709 2329 1803 datas
2352 1713 2583 1803 suntut
2614 1725 2861 1803 prorsus
2891 1710 3035 1803 nihil
3064 1727 3189 1766 esse
3212 1710 3580 1803 iudicentur,
3608 1710 3860 1803 quibus

396 1830 649 1888 gemere,
679 1814 762 1871 ita
802 1810 1016 1884 inquit,
1047 1809 1208 1867 velut
1236 1808 1285 1865 si
1335 1808 1581 1865 dixisset
1625 1807 1734 1863 sub
1785 1813 1969 1868 terra,
2000 1804 2064 1861 id

398 1903 573 1963 estin
598 1900 981 1961 inferioribus
1009 1902 1203 1966 terrm,
1235 1897 1341 1954 ubi
1370 1896 1540 1953 inferi
1573 1913 1703 1952 esse
1742 1895 2064 1968 perhiben-

397 1998 533 2065 tur;
562 1990 725 2049 unde
768 1994 827 2051 et
864 1988 981 2063 ipsi
1008 1987 1181 2049 infert
1221 1990 1669 2059 nuncupantur.
1706 1990 1889 2057 Aquae
1922 1998 2063 2054 ergo

400 2083 533 2156 ejus
558 2084 789 2139 naturae
818 2080 960 2139 sunt
1006 2080 1072 2134 ut
1116 2076 1245 2133 sine
1289 2080 1447 2132 terra
1474 2090 1604 2130 esse
1642 2090 1763 2130 non
1796 2073 2060 2146 possint:

403 2171 560 2230 sicut
608 2186 752 2242 ergo
800 2166 972 2225 inferi
1019 2166 1081 2222 in
1126 2163 1432 2239 profunde
1469 2168 1760 2220 terrarum
1791 2166 1949 2229 sunt,
1984 2162 2066 2224 ita

401 2265 574 2320 terrae
603 2259 666 2316 in
693 2255 998 2332 profundo
1027 2270 1346 2328 aquarum.

477 2351 523 2421 ᾧ
540 2348 708 2405 Idem
735 2346 799 2403 in
826 2343 1043 2403 eodem
1072 2343 1230 2416 (cap.
1260 2343 1386 2411 36):
1419 2342 1551 2414 [Ore
1576 2344 1779 2401 autem
1808 2343 2069 2409 augusto

404 2436 579 2498 inferi
608 2436 744 2494 ideo
765 2433 1166 2510 appellantur.
1188 2448 1262 2491 eo
1291 2431 1460 2505 quod
1479 2430 1752 2503 amplum
1776 2429 1847 2486 sit
1877 2429 1952 2485 ad
1978 2444 2068 2484 re.

406 2525 775 2601 cipiendum,
808 2526 1137 2594 angustum
1183 2520 1263 2577 ad
1299 2518 1746 2589 dimittendum,
1776 2518 2068 2591 quoniam

406 2621 680 2676 mortuos
706 2614 863 2671 intra
894 2628 957 2668 se
986 2614 1247 2677 teneant,
1277 2613 1336 2666 et
1363 2624 1465 2664 eos
1497 2608 1575 2669 ad
1607 2608 1790 2664 vitam
1820 2622 1942 2663 non
1959 2623 2070 2680 pa-

405 2706 636 2764 tiantur
673 2703 848 2761 exire.
896 2699 1087 2759 David
1128 2712 1373 2772 quoque
1417 2701 1662 2757 sanctus
1692 2696 1960 2754 similiter
1991 2696 2071 2752 ait

410 2793 494 2852 ad
520 2792 875 2850 Dominum:
927 2789 1146 2845 Libera
1181 2801 1275 2843 me
1302 2801 1377 2844 es:
1400 2786 1731 2843 odia-utilius
1779 2801 1890 2847 me,
1921 2790 1976 2843 et
2001 2785 2074 2842 de

409 2880 737 2954 profundis
765 2890 1105 2950 aquarum;
1149 2891 1270 2933 non
1298 2890 1392 2933 me
1427 2875 1730 2946 demerget
1760 2880 2072 2944 tempestas.

410 2985 605 3043 aqua,
627 2982 818 3043 neque
843 2965 1159 3029 absorbent
1182 2979 1274 3022 me
1306 2965 1701 3035 profundam,
1732 2978 1922 3035 neque
1942 2978 2075 3018 eone

2174 1799 2351 1855 etiam
2375 1797 2761 1869 oonjungitur
2791 1798 2954 1870 quod
2985 1798 3046 1854 in
3074 1798 3461 1854 conclusione
3483 1798 3820 1854 subnectis
3844 1814 3858 1852 :

2745 1903 2986 1944 JOANNES
3026 1903 3254 1945 SCOTUS.

2244 1977 2409 2048 (Cap.
2450 1980 2534 2045 Π,
2561 1992 2730 2031 num.
2769 1981 2850 2042 t2,
2876 1981 3014 2031 sect.
3039 1980 3118 2045 9.)
3148 1982 3187 2030 Θ
3213 1977 3495 2039 Proinde,
3528 1976 3852 2048 inquiens,

2172 2065 2225 2120 si
2252 2065 2427 2121 nulla
2462 2064 2764 2120 beatitudo
2795 2070 2879 2121 est
2909 2065 3027 2120 nisi
3055 2065 3179 2120 vita
3206 2070 3450 2135 mterna,
3482 2066 3610 2120 vita
3639 2070 3854 2120 autem

2174 2163 2395 2219 aeterna
2419 2158 2474 2209 et
2505 2154 2772 2209 veritatis
2802 2154 3081 2223 cognitio,
3106 2153 3282 2208 nulla
3312 2153 3504 2223 igitur
3532 2152 3854 2209 beatitudo

2173 2248 2257 2297 est
2306 2242 2426 2297 nisi
2478 2242 2748 2297 veritatis
2798 2243 3074 2310 cognitio.
3106 2241 3226 2297 Sed
3282 2255 3355 2297 ne
3404 2242 3519 2297 iSta
3571 2242 3853 2297 collectio

2174 2331 2348 2387 nullo
2391 2330 2565 2387 modo
2614 2332 2675 2385 in
2718 2332 3012 2386 mentibus
3056 2332 3274 2386 nostris
3303 2336 3491 2398 nutet,
3520 2331 3854 2387 audiamus

2175 2422 2367 2490 ipsam
2395 2421 2569 2477 illam
2600 2421 2919 2477 Veritatem
2946 2427 3152 2489 aperte
3181 2421 3540 2477 clamantem
3564 2436 3578 2475 :
3612 2420 3727 2486 Qui
3756 2420 3854 2476 di-

2175 2507 2303 2578 ligit
2350 2524 2446 2565 me
2492 2507 2771 2578 diligetur
2816 2526 2849 2565 a
2896 2512 3067 2565 Patre
3113 2525 3271 2575 meo,
3324 2513 3381 2565 et
3431 2525 3543 2580 ego
3592 2508 3851 2578 diligam

2178 2614 2339 2665 eum,
2368 2602 2425 2665 et
2458 2598 2860 2654 manifestabo
2893 2599 3196 2672 meipsum
3226 2598 3308 2655 illi
3339 2602 3540 2667 (Joan.
3567 2616 3697 2668 xxv,
3730 2601 3849 2670 Et).

2178 2688 2326 2744 Item
2360 2686 2549 2743 alibi:
2581 2687 2718 2743 Haec
2748 2693 2836 2743 est
2863 2693 3067 2744 autem
3097 2690 3221 2744 vita
3251 2693 3495 2758 aeterna,
3528 2692 3594 2744 ut
3624 2703 3852 2757 cogno-

2181 2779 2351 2831 scant
2394 2781 2449 2830 te
2480 2774 2677 2839 solum
2720 2792 2931 2831 verum
2980 2779 3187 2846 Deum,
3216 2780 3272 2832 et
3301 2793 3484 2849 quem
3514 2776 3730 2831 misisti
3762 2777 3854 2830 Je-

2182 2880 2318 2921 sum
2348 2864 2641 2920 Christum
2672 2865 2869 2934 (Joan.
2901 2882 3038 2935 xvu,
3075 2868 3128 2937 3)
3154 2884 3166 2921 :
3214 2866 3520 2938 Quidquid
3547 2871 3749 2922 autem
3780 2866 3854 2921 de

2187 2955 2552 3021 beatitudine
2581 2955 2870 3025 creditur,
2899 2955 2971 3011 de
3011 2957 3139 3025 ejus
3169 2957 3427 3026 defectu,
3454 2956 3517 3011 id
3554 2962 3645 3012 est
3681 2957 3855 3011 mise-

413 3061 602 3118 tineat
634 3072 816 3129 super
842 3070 934 3113 me
953 3060 1169 3127 puteus
1215 3070 1278 3118 os
1318 3069 1492 3111 suum
1531 3054 1722 3125 (Psat.
1758 3047 1950 3117 Lx'vui,
1991 3052 2071 3119 l5,
2105 3081 2145 3135 ρ
2185 3045 2303 3115 ria,
2328 3059 2558 3101 necesse
2597 3049 2678 3101 est
2710 3059 2741 3101 e
2766 3045 3072 3101 contrario
3117 3045 3424 3101 credatur.
3460 3049 3565 3116 Ita,
3596 3046 3650 3099 si
3672 3046 3853 3100 nulla

415 3149 525 3220 η).
555 3146 811 3210 Proinde
840 3144 1189 3207 noverimus
1231 3142 1378 3217 quia
1412 3141 1549 3198 loca
1578 3139 1958 3199 infernalium
1990 3156 2077 3195 es.
2117 3132 2145 3135 ’
2184 3132 2425 3188 miseria
2451 3138 2533 3189 est
2562 3133 2682 3188 nisi
2703 3148 2861 3188 mors
2899 3138 3143 3200 aeterna,
3176 3138 3404 3190 (eterna
3448 3138 3644 3189 autem
3688 3148 3853 3189 mors

413 3236 812 3309 gastulorum,
835 3232 1173 3292 secundum
1210 3232 1398 3288 ﬁdem
1431 3230 1893 3303 Scripturarum,
1925 3228 2078 3285 inter

412 3320 750 3384 immensas
779 3321 986 3396 abyssi
1014 3337 1207 3394 aquas
1242 3320 1360 3377 sint
1388 3318 1758 3389 constituta.]

485 3416 529 3485 ᾧ
556 3414 724 3474 idem
750 3412 814 3473 in
841 3410 1058 3467 eodem
1087 3408 1246 3481 (cap.
1279 3412 1368 3476 3):
1419 3407 1617 3480 [Quod
1660 3414 1862 3464 autem
1906 3405 2079 3462 infer:

415 3519 534 3563 nus
561 3502 624 3559 in
651 3501 777 3558 imo
803 3504 1098 3557 terrarum
1138 3492 1233 3566 sit,
1265 3491 1448 3554 Jonas
1471 3497 1788 3571 prapheta,
1822 3496 1927 3569 qui
1952 3511 2083 3568 spes

417 3590 643 3653 cialiter
668 3589 931 3661 ﬁguram
965 3586 1180 3643 habuit
1208 3586 1548 3656 Salvatoris,
1579 3585 1641 3652 in
1667 3585 1937 3642 oratione
1969 3600 2083 3641 sua

418 3696 607 3756 quam
645 3679 708 3735 in
754 3681 961 3735 ventre
1004 3674 1186 3749 piscis
1227 3673 1383 3730 fudit
1410 3674 1491 3732 ad
1540 3675 1727 3730 Deum
1771 3674 2083 3729 manifeste

416 3764 809 3833 demonstrat,
841 3775 1148 3836 quemque
1175 3758 1479 3816 infernum
1521 3759 1730 3832 abyssi
1771 3774 1948 3831 aqum
1980 3758 2083 3814 cir-

418 3853 805 3916 cumﬂuat.
826 3854 894 3908 Et
918 3849 1124 3919 multis
1152 3848 1286 3906 aliis
1312 3848 1461 3905 locis
1492 3849 1811 3923 Scriptum.
1841 3847 1915 3904 de
1936 3863 2083 3920 quae

417 3945 580 4004 litate
606 3942 936 4001 inferorum
965 3940 1344 4014 loquuntur.]

490 4038 534 4107 1-
552 4031 948 4094 Cassiodorus
972 4030 1036 4087 in
1056 4029 1363 4105 psalmum
1394 4045 1591 4085 Lxxxv
1613 4045 1626 4084 :
1654 4028 1795 4101 [Sed
1813 4028 2084 4085 conside:

418 4122 949 4197 musquiapum
970 4120 1136 4177 dicat
1157 4121 1466 4190 infernum
1485 4119 1763 4189 inferius,
1782 4118 2084 4175 infernum

422 4213 798 4271 demonstrat
839 4225 973 4271 esse
1014 4207 1315 4281 superius.
1346 4212 1717 4277 Argumenta
1746 4207 1886 4264 talia
1909 4207 1969 4264 in
2001 4212 2085 4263 to~

421 4299 574 4376 picis
601 4299 885 4356 dicuntur
911 4297 1045 4367 conj
1056 4300 1257 4366 ugata,
1275 4313 1410 4369 qum
1434 4302 1565 4354 orta
1592 4296 1671 4353 ab
1695 4312 1815 4353 uno
1834 4297 2084 4361 nomine

424 4388 585 4448 varie
614 4388 1082 4448 commutantur,
1111 4388 1176 4441 ut
1223 4384 1321 4440 hic
1365 4385 1632 4457 positum
1659 4390 1747 4442 est
1774 4387 2082 4456 infernum

423 4474 1013 4551 inferiuanternum
1032 4489 1173 4532 vero
1193 4488 1318 4530 non
1332 4472 1817 4541 irrationabiiiter
1834 4473 2082 4541 forsitan

423 4567 789 4628 arbiu'amur
806 4582 938 4622 esse
956 4553 1080 4622 sub
1104 4563 1441 4632 terris,cum
1462 4562 1523 4618 in
1543 4562 1729 4619 Veteri
1748 4565 2086 4619 Testamen:

424 4663 487 4718 to
509 4657 587 4715 de
618 4656 853 4715 Dathan
895 4659 954 4712 et
983 4653 1208 4712 Abtron
1245 4652 1494 4724 legitur:
1522 4651 1780 4722 Aperuit
1807 4667 1869 4709 se
1896 4658 2083 4723 tem’a,

425 4754 480 4806 et
502 4747 824 4820 deglutivit
863 4760 979 4816 eos,
1008 4749 1066 4802 et
1102 4744 1228 4800 viai
1268 4742 1700 4805 descenderunt
1729 4743 1809 4799 ad
1837 4742 2080 4811 inferos,

423 4838 540 4896 Sed
558 4853 683 4911 quo
702 4836 908 4894 itinere
928 4834 1068 4891 illuc
1084 4832 1305 4891 animm
1326 4832 2086 4906 transferantur,quoniam

423 4930 490 4982 in
514 4925 867 4983 auctoritate
896 4922 1100 4980 divina
1142 4937 1268 4979 non
1305 4920 1540 4992 legitur,
1566 4920 1866 4979 habemus
1893 4920 2085 4981 iaces.

424 5018 577 5072 tam.
610 5014 909 5071 Internum
954 5016 1160 5071 autem
1199 5011 1429 5068 habere
1476 5010 1823 5068 inferiorem
1850 5015 2085 5084 partem

426 5101 732 5174 Evangelii
767 5102 941 5159 locus
982 5101 1082 5157 ille
1106 5102 1278 5173 (Luc.
1312 5116 1427 5170 xvi,
1463 5105 1552 5168 l3)
1585 5104 1834 5157 testatur
1859 5100 1968 5173 qui
1992 5101 2083 5156 di-

425 5194 524 5265 cit,
550 5208 698 5250 cum
721 5191 978 5265 impium
1000 5190 1249 5247 divitem
1278 5190 1452 5248 ultrix
1483 5191 1734 5248 ﬂamma
1760 5194 2081 5264 torqueret,

423 5284 656 5342 levasse
698 5279 913 5339 oetdos
966 5295 1134 5349 suos,
1168 5283 1226 5335 et
1268 5279 1331 5335 in
1376 5279 1513 5335 sinu
1551 5279 1806 5337 Abrahae
1860 5279 2084 5336 vidisse

426 5376 758 5441 Lanarum;
801 5370 970 5435 unde
1015 5373 1269 5443 apparet
1312 5372 1610 5441 utrosque
1640 5368 1815 5442 apud
1862 5368 2085 5426 inferos

425 5462 730 5529 Mssa,ut
765 5476 839 5518 se
878 5459 1082 5517 sidere
1124 5458 1474 5522 valuissent,
1505 5462 1563 5514 et
1602 5450 1893 5515 illum‘ex
1934 5458 2085 5516 inle-

426 5547 725 5604 riorileoo
772 5548 853 5606 ad
883 5547 1195 5620 superiore.
1238 5546 1444 5604 oculos
1471 5545 1753 5603 eievasse.
1790 5547 1923 5615 Sed,
1950 5547 2087 5609 licet

427 5639 667 5707 Hique
695 5636 860 5708 apud
892 5635 1120 5693 inferos
1164 5652 1296 5694 esse
1324 5635 1685 5706 viderentur,
1718 5654 1827 5709 pro
1854 5638 2087 5695 merito-

428 5732 570 5785 κιι
586 5725 796 5790 tamen
812 5724 1578 5799 ὥηαηῆοηοιιφθιιίωοιῃ
1615 5725 1817 5795 locum
1839 5728 2083 5799 sanctis,

2187 3222 2456 3278 veritatis
2487 3223 2858 3291 ignorantia,
2890 3223 3067 3278 nulla
3102 3224 3290 3293 igitur
3334 3223 3574 3279 miseria
3621 3227 3705 3278 est
3735 3224 3858 3278 nisi

2188 3311 2457 3367 veritatis
2486 3312 2856 3381 ignorantia.
2893 3311 2998 3367 Ubi
3029 3313 3231 3382 itaque
3260 3313 3566 3382 ignoratur
3606 3313 3852 3379 veritas,

2188 3400 2274 3456 ibi
2299 3401 2475 3456 nulla
2500 3401 2669 3456 vita:
2719 3400 2825 3455 ubi
2868 3406 3064 3456 autem
3116 3402 3292 3457 nulla
3338 3401 3480 3467 vita,
3514 3401 3599 3456 ibi
3626 3415 3855 3457 necesse

2190 3494 2272 3546 est
2302 3489 2649 3545 continuam
2678 3495 2926 3549 mortem
2954 3489 3173 3547 adesse.
3205 3489 3345 3557 Quae
3368 3490 3422 3545 si
3450 3490 3536 3545 ita
3557 3489 3699 3558 sint,
3723 3490 3854 3561 quis

2191 3576 2412 3634 audeat
2441 3577 2637 3634 dicere
2664 3579 2852 3634 Deum
2880 3593 3001 3635 esse
3048 3578 3599 3647 prazdestinatorem
3633 3593 3851 3647 paena,

2190 3666 2310 3725 nisi
2336 3667 2444 3738 qui
2485 3667 2666 3723 audet
2695 3681 2828 3723 eum
2859 3682 3121 3724 asserere
3158 3674 3462 3724 auctorem
3493 3668 3854 3738 ignorantiav

2191 3755 2333 3811 dum
2366 3754 2442 3811 ab
2472 3770 2536 3812 eo
2566 3757 2639 3810 sit
2669 3758 2860 3823 omnis
2888 3756 3336 3826 intelligentia?
3370 3758 3853 3828 Unumquemque

2193 3844 2383 3913 igitur
2432 3858 2543 3899 sua
2587 3847 2770 3913 punit
2827 3846 3227 3912 contumacia,
3280 3861 3413 3917 qua?
3459 3845 3632 3900 nullo
3682 3845 3850 3903 modo

2193 3947 2229 3988 α
2253 3933 2376 4005 Deo
2422 3938 2529 4001 est,
2557 3947 2630 3991 ac
2652 3950 2762 4003 per
2789 3935 2899 3991 hoc
2936 3936 3065 4005 ejus
3097 3940 3310 3991 auctor
3337 3935 3510 3990 nullo
3536 3933 3709 3991 modo
3731 3949 3848 3990 cre-

2192 4021 2424 4083 dendus
2454 4027 2558 4078 est.

2859 4129 3160 4170 CORRECTIO
3169 4156 3182 4170 .

2263 4203 2305 4271 ει-
2336 4200 2457 4257 Nisi
2483 4208 2767 4260 caecasset
2796 4207 2849 4258 te
2880 4203 3165 4276 iniquitas
3196 4207 3318 4272 tua,
3350 4201 3707 4258 nullomodo
3731 4206 3846 4258 tam

2193 4290 2299 4347 tibi
2356 4290 2471 4364 ipsi
2525 4293 2824 4349 contraria
2873 4293 3249 4365 protulisses.
3298 4297 3362 4348 in
3411 4296 3579 4348 sexta
3622 4292 3848 4351 decima

2196 4379 2420 4453 quippe
2464 4381 2748 4452 periocha
2793 4380 2990 4437 dixisti
3024 4381 3246 4437 habere
3285 4381 3535 4437 miseros
3568 4379 3845 4436 felicitatis

2195 4469 2503 4527 notionem
2546 4474 2726 4544 atque
2768 4471 3077 4527 scientiam
3122 4471 3385 4543 [Veritas
3414 4474 3521 4539 est,
3552 4468 3840 4541 inquiens,

2193 4559 2474 4627 felicitas.
2497 4560 2700 4616 Nullus
2712 4577 2855 4629 ergo
2880 4565 3048 4619 extra
3068 4566 3351 4617 naturam
3374 4574 3550 4615 suam
3567 4558 3844 4619 felicitatis

2196 4651 2253 4705 et
2274 4649 2581 4705 notionem
2624 4655 2680 4706 et
2705 4649 3017 4705 scientiam
3046 4650 3362 4707 habiturus
3390 4648 3483 4704 sit.
3517 4652 3581 4703 In
3612 4647 3843 4704 misero-

2193 4753 2330 4795 rum
2347 4737 2554 4811 itaque
2585 4743 2801 4794 natura
2830 4739 2938 4795 erit
2965 4739 3203 4806 veritas,
3238 4740 3347 4795 erit
3380 4738 3557 4807 igitur
3583 4734 3837 4794 felicitas.

2196 4832 2295 4884 Ast
2326 4826 2638 4901 quomodo
2670 4828 2770 4884 illa
2800 4834 3016 4885 natura
3063 4829 3282 4885 misera
3319 4829 3447 4890 erit,
3479 4827 3575 4883 cui
3606 4826 3838 4884 felicitas

2195 4917 2384 4985 inerit,
2417 4933 2551 4989 quae
2582 4922 2670 4973 est
2698 4920 2913 4975 veritas
2938 4922 2965 4973 ?
3006 4922 3071 4974 Et
3121 4918 3199 4973 ad
3250 4917 3528 4973 ultimum
3558 4916 3839 4973 conclusi-

2197 5008 2303 5064 sti:
2334 5008 2529 5064 Nulta
2582 5008 2798 5065 dehinc
2849 5014 3074 5064 natura
3107 5009 3436 5077 punietur:
3486 5022 3607 5062 non
3641 5009 3838 5076 punita

2193 5114 2312 5155 non
2337 5100 2452 5155 erit
2480 5097 2746 5173 misera.]
2779 5102 2944 5154 Nunc
2971 5113 3114 5154 vero
3154 5098 3302 5153 dicis
3330 5114 3344 5152 :
3378 5096 3461 5168 [Si
3491 5094 3659 5155 nulla
3685 5096 3837 5150 mise-

2192 5188 2280 5244 ria
2309 5191 2402 5243 est
2436 5186 2551 5243 nisi
2600 5203 2765 5242 mors
2811 5192 3055 5253 aeterna,
3087 5190 3311 5243 aeterna
3341 5190 3543 5243 autem
3580 5201 3737 5241 mors
3763 5186 3842 5268 est

2192 5278 2456 5337 veritatis
2504 5278 2866 5348 ignorantia,
2899 5277 3065 5332 nulla
3114 5276 3293 5347 igitur
3323 5276 3563 5332 miseria
3606 5280 3707 5343 est,
3738 5275 3836 5332 nis'

2194 5368 2460 5425 veritatis
2505 5367 2868 5437 ignorantia.
2926 5366 3032 5423 Ubi
3091 5366 3294 5440 itaque
3351 5366 3664 5435 ignoratur
3707 5364 3834 5421 veri-

2195 5463 2308 5527 tas,
2338 5458 2421 5514 ibi
2448 5457 2614 5514 nulla
2640 5459 2792 5515 vita:
2846 5458 2949 5514 ubi
2993 5462 3195 5514 autem
3243 5456 3410 5515 nulla
3453 5457 3596 5523 vita,
3629 5456 3708 5511 Ibi
3746 5472 3833 5511 ne-

2196 5565 2361 5606 cesse
2409 5553 2500 5605 est
2541 5549 2889 5605 continuam
2940 5552 3193 5604 mortem
3244 5547 3503 5617 adesse.)
3559 5546 3706 5611 Quid
3757 5550 3832 5601 est

2196 5640 2311 5695 hoc
2332 5638 2361 5693 ‘t
2391 5653 2554 5694 nunc
2580 5638 2690 5694 das
2734 5638 2965 5695 miseris
2996 5637 3258 5694 veritatis
3292 5636 3628 5706 scientiam,
3661 5634 3829 5691 aufers

2185 5727 2487 5787 miseriam
2506 5746 2520 5797 ;
2549 5742 2711 5785 nunc
2732 5726 2943 5785 tribuis
2961 5726 3375 5798 ignorantiam
3389 5725 3677 5798 veritatis,
3693 5740 3830 5782 mor-
