3950 6360
107 236 249 290 1301

1204 236 1260 291 S.
1308 229 1692 288 PRl'DENTlI
1737 229 2114 287 TRBCENSIS
2147 230 2478 288 EPISCOPI.

3421 233 3557 288 i302

106 363 239 413 tem
267 361 445 429 atque
475 356 802 413 miseriam.
826 358 882 415 Si
910 358 1073 413 enim
1094 372 1304 413 verum
1329 360 1416 413 est
1441 370 1544 411 eos
1561 353 1788 410 habere
1817 356 1863 409 Α
1903 357 2143 423 vetitas,
2178 358 2265 413 ibi
2310 358 2485 412 nulla
2532 357 2656 411 vita
2708 354 2908 422 (Joan.
2947 371 3070 424 xxv,
3122 356 3194 427 6).
3228 357 3357 410 Non
3395 355 3558 412 enim

104 447 385 503 veritatis
411 444 976 516 scientiam,t’alsum
998 447 1090 504 est
1110 446 1356 503 eosdem
1374 445 1598 501 habere
1621 443 1790 512 igno-

106 535 399 591 rantiam.
434 538 712 601 Rursum,
749 536 801 591 si
829 552 1037 593 verum
1064 540 1152 593 est
1184 552 1286 591 eos
1319 535 1544 591 habere
1569 532 1787 588 verita-

106 625 181 680 tis
239 624 667 693 ignorantiam,
720 624 939 681 falsum
992 630 1086 682 est
1141 625 1226 681 eis
1274 625 1469 681 inesse
1525 619 1791 678 veritatis

105 714 451 769 scientiam.
494 714 637 769 Item
688 714 905 770 falsum
951 720 1043 771 est
1093 713 1261 787 quod
1308 711 1787 769 dicis:Nullam

103 818 241 860 esse
288 805 585 860 miseriam
615 804 735 859 nisi
780 811 1026 861 mortem
1058 810 1363 860 aeternam.
1400 800 1594 857 Multis
1625 798 1788 855 enim

103 898 166 948 et
197 898 549 966 peccatores
594 897 651 948 et
693 893 838 965 justi
868 893 929 949 in
961 894 1074 949 Lac
1103 894 1224 949 vita
1254 877 1509 948 miseriis
1540 892 1596 945 ct
1624 887 1786 945 cala-

104 982 429 1037 mitatibus
450 982 793 1052 noxiantur,
814 998 847 1038 a
870 983 1094 1056 quibus
1118 983 1216 1037 Dei
1250 983 1442 1052 gratia
1472 977 1788 1052 aliquoties

102 1076 426 1139 eruuntur,
461 1071 779 1147 aliquoties
806 1072 1079 1142 ejusdem
1107 1071 1342 1143 justitia
1372 1086 1495 1125 non
1524 1068 1786 1124 liberan-

107 1164 226 1215 tur.
267 1163 438 1227 Nam,
472 1160 521 1215 si
568 1160 880 1216 beatitudo
932 1160 1149 1216 dicitur
1200 1159 1446 1232 assequi
1498 1157 1787 1229 nulloque

102 1265 323 1305 carere
350 1250 648 1323 quidquid
677 1250 1112 1306 rationabiliter
1136 1250 1416 1312 volueris,
1451 1264 1589 1304 cum
1620 1250 1788 1303 tanto

104 1340 289 1395 bono
314 1339 594 1410 priveris,
626 1355 750 1396 non
801 1340 1101 1396 immerito
1130 1340 1314 1396 miser
1341 1338 1589 1406 diceris;
1618 1352 1786 1392 cum-

100 1444 230 1500 que
256 1432 343 1483 tot
377 1428 633 1483 miseriis
672 1428 1111 1501 temporalibus
1142 1429 1272 1501 pios
1300 1428 1497 1485 addici
1528 1424 1788 1500 semissi-

104 1533 211 1573 me
246 1515 587 1584 videamus,
617 1533 1011 1589 nequaquam
1042 1534 1146 1573 eos
1177 1518 1255 1574 ad
1305 1521 1593 1573 mternam
1624 1529 1787 1571 mor-

104 1610 237 1661 tem
281 1604 585 1660 credimus
625 1620 997 1677 properare:
1032 1621 1141 1661 nec
1193 1605 1329 1661 ideo
1385 1605 1468 1661 eis
1525 1602 1788 1660 veritatis

1898 447 2094 515 potest
2114 444 2376 515 ignorari
2407 444 2499 501 vel
2526 443 2660 499 sciri
2683 442 2924 513 veritas,
2942 441 3057 499 nisi
3085 438 3166 503 ab
3191 441 3395 519 aliqua
3412 443 3557 517 vita,

1899 533 2017 590 Erit
2043 533 2225 603 igitur
2254 535 2312 591 in
2341 535 2619 605 gehenna
2649 534 2978 590 damnatus
3009 532 3133 591 vita
3167 535 3227 590 et
3253 532 3473 589 animm
3503 535 3564 592 et

1895 624 2186 696 corporis,
2217 624 2497 697 quamvis
2529 625 2660 679 sine
2688 638 2833 679 vera
2856 622 2999 691 vita,
3030 637 3169 695 quin
3198 620 3349 679 dixit
3378 639 3394 678 :
3428 620 3560 694 Ego

1893 727 2024 768 sum
2056 714 2173 781 via,
2208 717 2447 779 veritas,
2481 718 2536 770 et
2582 714 2728 770 vita.
2759 711 2899 782 Erit,
2931 709 3210 786 inquam,
3255 709 3371 768 illis
3415 710 3557 783 vita,

1896 801 2003 858 sed
2032 802 2251 861 misera
2284 819 2298 858 :
2329 802 2623 877 quoniam
2671 806 2729 859 et
2758 800 2966 859 anima
3021 816 3263 875 semper
3284 800 3462 873 vivet,
3494 804 3561 859 ut

1895 908 2137 965 semper
2179 892 2494 961 crucietur,
2527 896 2585 948 et
2629 907 2851 969 corpus
2883 890 3081 965 pcenis
3114 889 3561 949 combustione-

1892 997 2012 1055 que
2043 981 2310 1038 attritum
2342 997 2660 1056 nunquam
2708 979 2964 1053 deﬁciet,
2994 994 3316 1055 nunquam
3349 979 3560 1037 dissol-

1891 1070 2066 1127 vetur
2113 1070 2172 1127 in
2229 1071 2561 1145 pulverem,
2593 1085 2912 1144 nunquam
2963 1068 3045 1127 ita
3074 1072 3466 1126 consumatur
3494 1071 3562 1126 ut

1893 1160 2144 1217 omnino
2174 1176 2296 1217 non
2345 1160 2441 1231 sit,
2488 1160 2594 1217 sed
2626 1159 2863 1217 aeternis
2894 1158 3258 1216 cruciatibus
3286 1154 3561 1215 durabile

1891 1250 2289 1323 permanebit.
2353 1250 2579 1306 Harum
2634 1249 2909 1306 omnium
2981 1262 3304 1322 poenarum
3368 1248 3559 1305 Deum

1887 1339 2294 1411 justisslmum
2334 1338 2603 1410 judicem
2657 1353 2788 1395 esse
2842 1337 3259 1411 irrogatorem,
3320 1348 3393 1393 ac
3451 1350 3561 1409 per

1891 1430 2008 1486 hoc
2037 1433 2095 1486 et
2124 1434 2453 1495 auctorem,
2485 1429 2653 1485 omni
2683 1427 2977 1501 propulsa
3023 1425 3345 1484 formidine
3368 1425 3558 1483 conﬁ-

1892 1524 2109 1589 temur,
2141 1518 2457 1593 quoniam,
2488 1520 2635 1575 teste
2685 1517 2993 1592 Scriptura
3022 1533 3037 1573 :
3063 1517 3230 1575 Mors
3259 1521 3315 1575 et
3344 1518 3470 1574 vita
3518 1530 3557 1574 a

1893 1608 2149 1665 Domino
2180 1614 2289 1666 Deo
2341 1615 2426 1665 est
2459 1609 2625 1679 (Sap.
2658 1622 2779 1674 xvr,
2812 1607 2919 1680 t3),
2951 1610 3012 1665 et
3046 1604 3367 1664 Psalmista
3398 1622 3413 1662 :
3444 1605 3563 1662 Ar-

106 1693 524 1765 ignorantiam
552 1684 761 1765 ingeri,
786 1694 929 1766 quia
968 1693 1384 1767 frequentibus
1404 1693 1683 1750 videmus
1702 1690 1789 1747 in-
1817 1708 1859 1763 Β
1893 1712 2029 1755 cum
2057 1712 2232 1754 suum
2262 1698 2531 1767 tetendit,
2567 1704 2624 1755 et
2643 1694 2893 1767 paravit
2918 1697 3119 1754 illum.

105 1782 501 1839 felicitatibus
528 1782 860 1855 quemlibet
891 1782 1301 1856 temporaliter
1339 1781 1544 1852 affligi.
1569 1785 1651 1838 Ae
1680 1792 1789 1853 per

104 1868 251 1935 hoc,
287 1869 337 1924 si
363 1868 427 1925 id
452 1870 530 1925 de
556 1870 700 1926 solis
731 1869 965 1928 inferno
993 1871 1228 1928 traditis
1260 1871 1573 1933 diceretur,
1598 1866 1790 1924 nulla-

107 1963 295 2014 tenus
342 1958 693 2016 abhorreret
738 1974 775 2017 a
804 1975 966 2017 vero.
1002 1962 1150 2016 Cum
1184 1965 1382 2016 autem
1434 1957 1791 2029 generaliter

107 2046 281 2105 nulla
311 2063 441 2105 esse
472 2050 732 2119 miseria,
757 2050 874 2106 nisi
904 2066 1071 2106 mors
1099 2054 1323 2105 aeterna
1362 2048 1595 2114 dicitur,
1638 2046 1788 2103 veri-

106 2136 375 2209 tatisque
393 2138 756 2209 ignorantia,
773 2140 907 2212 ipsa
928 2137 1170 2195 videndi
1190 2143 1247 2194 et
1266 2137 1613 2212 experiendi
1636 2134 1787 2192 assi-

106 2225 345 2283 duitate
361 2226 755 2284 falsissimum
775 2244 906 2285 esse
923 2228 1317 2285 convincitur.
1332 2229 1525 2293 Quam
1546 2239 1789 2304 perver-

107 2316 351 2373 sitatem
380 2322 544 2373 tuam
591 2318 809 2376 beatus
839 2319 951 2375 Job
976 2318 1194 2390 jugulo
1215 2319 1319 2389 [αι.
1346 2320 1525 2388 forte,
1559 2316 1791 2392 gladio]

109 2404 385 2461 veritatis
436 2407 768 2478 transﬁgat,
803 2409 907 2481 qui
956 2408 1033 2463 de
1077 2407 1337 2463 miseriis
1381 2406 1666 2463 humanis
1694 2406 1777 2461 ita

108 2494 392 2567 deplorat
416 2510 430 2551 ε
454 2497 674 2565 Home,
695 2497 996 2570 inquiens,
1019 2501 1200 2553 natus
1230 2497 1303 2553 de
1330 2497 1602 2567 muliere,
1622 2494 1793 2552 brevi

116 2588 325 2642 vivens
348 2591 630 2657 tempore,
643 2589 919 2658 repletur
932 2588 1138 2645 multis
1158 2589 1413 2644 miseriis
1429 2587 1558 2657 (Job
1568 2602 1692 2657 xiv,
1709 2590 1782 2655 t).

186 2676 294 2731 Cui
353 2682 598 2733 sanctus
656 2677 977 2748 Gregorius
1032 2678 1208 2747 (Mor.
1265 2676 1369 2733 lib.
1411 2693 1498 2744 χι,
1540 2691 1591 2733 c.
1654 2674 1785 2748 ult.)

110 2767 485 2838 exponendo
504 2768 910 2835 consentiens,
935 2782 1238 2840 quasnam
1260 2766 1586 2835 intelligere
1616 2765 1787 2821 mise-

111 2854 235 2910 rias
266 2854 607 2913 debeamus
637 2857 837 2913 edicat
861 2875 873 2912 :
904 2857 1081 2928 [Quid
1110 2856 1171 2912 in
1201 2872 1268 2911 se
1291 2855 1540 2911 habebit
1559 2853 1789 2911 fortitu-

114 2944 298 3014 dinis,
332 2947 440 3016 qui
480 2951 665 3002 natus
714 2951 803 3004 est
853 2961 929 3003 ea:
984 2947 1358 3015 inﬁrmitate,
1394 2944 1788 3001 brevivivens

1964 1784 2359 1843 Cassiodorus
2408 1787 2490 1853 (in
2536 1787 2705 1843 Psat.
2735 1800 2836 1857 vn,
2880 1786 3016 1854 t3):
3050 1785 3301 1857 [Arcum
3354 1783 3563 1857 itaque

1895 1874 2334 1949 Scripturarum
2356 1874 2498 1932 Novi
2518 1879 2575 1931 et
2596 1872 2817 1931 Veteris
2834 1872 3200 1930 Testamenti
3217 1886 3556 1943 congruen-

1894 1969 1982 2021 ter
2009 1963 2360 2037 accipimus,
2392 1963 2497 2036 qui
2528 1962 2771 2019 duobus
2800 1960 3262 2036 quodammodo
3293 1960 3556 2017 curvatis

1893 2053 2150 2111 ﬂexibus
2178 2053 2535 2111 devotorum
2574 2051 2730 2110 colla
2759 2050 3178 2125 complectitur
3207 2067 3222 2109 :
3246 2050 3344 2108 hic
3373 2048 3562 2107 ﬁdeli-

1891 2145 2007 2200 bus
2034 2159 2216 2200 suave
2230 2144 2445 2215 jugum
2475 2141 2833 2199 ostenditur.
2858 2141 3332 2198 Contumacibus
3358 2142 3563 2198 autem

1893 2249 2064 2291 arma
2092 2232 2377 2291 terribilia
2406 2230 2823 2290 declarantur:
2849 2228 3095 2288 tetendit
3124 2229 3429 2305 adjectum
3450 2233 3559 2301 est,

1893 2338 1968 2378 ne
1990 2323 2120 2395 ejus
2143 2322 2432 2397 patientia
2454 2321 2711 2378 remissa
2731 2322 3066 2395 putaretur,
3084 2319 3164 2377 ad
3185 2322 3561 2397 postremum

1891 2414 2093 2488 posuit
2124 2431 2137 2470 :
2170 2414 2416 2485 paravit
2456 2413 2653 2480 illum,
2687 2415 2750 2468 ut
2797 2427 2933 2469 mos
2985 2410 3114 2489 ipse
3144 2410 3558 2482 sagittantium

1892 2502 2241 2578 plenissime
2266 2503 2567 2559 videretur
2595 2515 2945 2576 expressus,
2975 2500 3103 2575 qui,
3136 2503 3463 2575 postquam
3483 2502 3564 2555 te-

1893 2592 2192 2651 tenderint
2212 2607 2420 2651 arcum
2444 2594 2653 2649 contra
2675 2591 2916 2662 signum
2923 2604 3209 2663 ,manum
3240 2588 3562 2662 collocant,

1894 2684 1955 2740 in
1985 2682 2306 2753 sagittandi
2357 2697 2537 2757 opere
2570 2679 2821 2738 brachia
2871 2683 3308 2754 prmparantes.
3337 2677 3452 2735 Sed
3479 2677 3563 2734 vi-

1893 2772 2150 2830 deamus
2179 2786 2355 2828 arcus
2383 2773 2763 2849 praeparatus
2793 2785 2950 2843 quas
2981 2768 3228 2840 sagittas
3257 2766 3559 2825 emiserit:

1896 2863 1970 2918 Et
1996 2863 2059 2919 in
2092 2863 2219 2932 ipso
2260 2863 2512 2932 paravit
2552 2874 2699 2918 vasa
2739 2859 2992 2929 mortis;
3019 2859 3273 2931 sagittas
3300 2870 3442 2915 suas
3467 2872 3565 2914 ar-

1894 2950 2173 3009 dentibus
2192 2951 2387 3020 elecit
2417 2948 2608 3018 (Psat.
2645 2964 2744 3017 vn,
2775 2948 2885 3017 Μ).
2918 2946 3025 3003 Hic
3052 2945 3391 3007 distributio
3413 2946 3567 3003 divi-

114 3039 402 3104 tempore,
423 3037 693 3105 repletus
715 3036 927 3092 multis
954 3034 1207 3091 miseriis
1228 3035 1261 3089 9
1290 3036 1434 3088 Ecce
1466 3031 1655 3088 sancti
1674 3030 1786 3087 viri
1812 3060 1861 3117 ο
1894 3056 1989 3096 nae
2021 3038 2358 3112 majestatts
2408 3034 2764 3103 ostenditur,
2797 3035 2942 3109 quia
2989 3050 3099 3108 per
3127 3050 3361 3109 arcum,
3390 3034 3453 3091 id
3475 3036 3566 3091 est

112 3122 373 3179 vocibus
395 3139 581 3196 paena
608 3122 873 3179 hominis
899 3122 1161 3179 breviter
1191 3127 1278 3177 est
1298 3136 1583 3194 expressa
1604 3138 1617 3187 ;
1642 3119 1788 3193 quia

114 3216 171 3267 et
195 3217 563 3283 angustatur
592 3212 670 3268 ad
697 3212 906 3280 vitam,
938 3215 997 3267 et
1023 3210 1311 3267 dilatatur
1338 3210 1413 3265 ad
1457 3209 1782 3266 miseriam.

115 3301 173 3358 Si
214 3302 387 3359 enim
433 3300 728 3357 subtiliter
775 3300 1210 3370 consideretur,
1239 3300 1404 3373 quod
1447 3300 1542 3356 hic
1569 3299 1783 3370 agitur,

113 3406 302 3463 pinna
334 3395 393 3446 et
418 3390 659 3446 miseria
684 3394 807 3459 est;
844 3390 960 3463 ipsi
1005 3390 1225 3447 etenim
1258 3389 1625 3463 corruptioni
1655 3404 1787 3445 car-

115 3476 209 3531 nis
239 3476 471 3531 servire
497 3475 578 3531 ad
628 3475 970 3532 necessaria
994 3478 1177 3547 autne
1206 3490 1517 3544 concessa,
1547 3474 1790 3530 miseria

118 3570 206 3621 est
230 3583 249 3621 ε
278 3570 347 3622 ut
395 3569 603 3622 contra
650 3564 839 3636 frigus
879 3564 1253 3634 vestimenta,
1289 3568 1501 3619 contra
1554 3563 1782 3620 famem

119 3652 429 3720 alimenta,
454 3659 664 3711 contra
689 3661 905 3711 assium
932 3652 1157 3725 frigora
1187 3654 1591 3725 requirantur,
1618 3652 1787 3726 quod

119 3745 311 3804 multa
327 3744 563 3801 cautela
579 3743 912 3800 custoditur
932 3742 1099 3798 salus
1113 3742 1401 3815 corporis,
1416 3742 1584 3815 quo-.l
1603 3742 1785 3798 etiam

121 3834 422 3891 custodita
450 3834 758 3903 amittitur,
791 3832 1019 3888 amissa
1058 3847 1201 3891 cum
1247 3832 1418 3902 gravi
1458 3831 1668 3888 labore
1696 3847 1788 3888 re-
1818 3862 1823 3870 -

120 3928 389 3994 paratur,
417 3928 474 3979 et
504 3928 705 3980 tamen
755 3925 1034 3994 reparata
1078 3935 1320 3992 semper
1365 3919 1427 3976 in
1457 3920 1648 3977 dubie
1670 3924 1780 3977 est.

122 4014 274 4077 Quid
320 4014 443 4070 hoc
489 4012 653 4070 aliud
700 4026 890 4085 quam
920 4010 1192 4068 mortalis
1212 4011 1349 4066 vitae
1378 4010 1620 4068 miseria
1647 4016 1735 4067 est
1759 4012 1795 4068 τι

118 4102 283 4173 quod
333 4116 619 4160 amamus
669 4101 918 4171 amicos,
955 4100 1235 4173 suspeeti,
1287 4115 1367 4155 ne
1402 4099 1627 4156 offendi
1682 4115 1787 4156 va.

119 4190 317 4262 learnt;-
347 4192 756 4251 formidamus
801 4190 1102 4254 inimicos,
1135 4195 1315 4262 atque
1362 4190 1555 4245 securi
1584 4189 1661 4246 de
1698 4190 1787 4246 eis

119 4295 239 4338 non
287 4300 511 4340 sumus
563 4283 766 4355 utique
812 4296 969 4354 quos
1015 4279 1437 4349 formidamus,-
1465 4278 1635 4352 quod
1663 4280 1786 4352 ple-

122 4387 378 4446 rumque
407 4372 663 4429 inimicis
715 4370 803 4427 sic
828 4369 1081 4425 ﬁdenter
1128 4369 1303 4441 quasi
1348 4368 1564 4425 amicis
1584 4368 1782 4442 loqui-

125 4476 278 4530 mur,
309 4467 366 4519 et
396 4474 845 4534 nonnunquam
872 4473 1026 4532 pura
1055 4458 1241 4537 verba
1268 4458 1703 4531 proximorum,
1727 4461 1786 4514 et

126 4553 379 4610 multum
412 4569 529 4609 nos
552 4552 807 4608 fortasse
837 4549 1217 4620 diligentiam
1246 4549 1425 4621 quasi
1469 4548 1651 4605 verba
1682 4565 1784 4604 su-

128 4641 413 4714 scipimus
457 4641 884 4706 inimicorum;
915 4643 972 4695 et
1027 4637 1133 4711 qui
1166 4637 1291 4693 t'alli—
1331 4652 1652 4711 nunquam
1690 4638 1791 4694 vel

130 4726 325 4788 fallere
340 4731 641 4799 volumus,
656 4746 730 4787 ex
749 4727 985 4786 cautela
999 4732 1205 4784 nostra
1226 4727 1473 4798 gravius
1492 4742 1782 4787 erramus.

130 4818 279 4883 Quid
302 4822 509 4894 itaque
536 4821 673 4889 hoc,
700 4818 819 4874 nisi
857 4817 1149 4873 humana
1189 4817 1329 4873 vitae
1357 4817 1599 4877 miseria
1649 4817 1793 4873 est?

130 4908 289 4977 quod
309 4909 540 4966 amissa
558 4906 789 4965 ealesti
808 4906 1003 4979 patria
1028 4904 1303 4978 repulsus
1324 4906 1515 4961 homo
1534 4904 1791 4965 delecta-

130 4998 223 5050 tur
243 4999 473 5069 exsilio,
496 5001 784 5069 gravatur
810 4996 988 5063 curis,
1013 4999 1071 5051 et
1098 4999 1308 5053 tamen
1325 4993 1597 5063 cogitare
1613 4994 1787 5050 dissi-

134 5086 317 5144 mulat
333 5103 527 5161 quam
546 5101 730 5158 grave
752 5085 847 5150 sit,
861 5084 1011 5158 quia
1037 5081 1229 5139 multa
1248 5083 1606 5152 cogitantur,
1620 5083 1790 5156 quod

132 5174 395 5245 privatus
423 5182 518 5234 est
544 5177 781 5234 interno
808 5174 1037 5231 lumine
1068 5189 1083 5229 :
1111 5177 1171 5229 et
1194 5176 1404 5235 tamen
1439 5172 1643 5228 iubae
1664 5172 1791 5229 vita

134 5262 235 5321 diu
262 5268 383 5325 vult
409 5268 639 5342 perpeti
679 5266 1009 5324 caecitatem
1039 5279 1235 5321 suam.
1269 5263 1425 5328 Quid
1455 5263 1579 5319 hoc
1601 5263 1785 5332 aliud,

135 5362 314 5419 quam
337 5356 415 5413 de
432 5371 619 5429 poena
637 5359 847 5413 nostra
864 5358 1012 5410 nata
1027 5352 1273 5413 miseria
1289 5353 1419 5408 est?
1437 5351 1555 5409 Sed
1576 5368 1791 5424 quam-

137 5439 226 5493 vis
250 5442 352 5500 diu
374 5445 473 5503 hic
503 5449 668 5502 stare
682 5442 1001 5509 desideret,
1031 5442 1171 5517 ipso
1188 5447 1394 5501 tamen
1424 5455 1607 5497 cum
1630 5455 1795 5498 mer-

140 5526 266 5584 talis
289 5534 424 5591 vitae
447 5532 774 5608 impellitur
802 5537 869 5589 ut
892 5532 1287 5607 egrediatur.}

210 5620 252 5687 ἰ’
278 5624 498 5682 Eodem
518 5624 705 5681 modo
725 5623 915 5680 nihilo
936 5623 1130 5680 secius
1151 5622 1493 5680 confutatur
1513 5623 1687 5697 quod
1701 5624 1807 5681 ais-

146 5704 296 5781 (εδει.
340 5718 424 5784 n,
448 5728 620 5774 num.
655 5714 740 5780 ιθ,
767 5718 909 5771 sect.
943 5714 1045 5785 ψ
1080 5712 1191 5771 ubi
1238 5713 1442 5789 itaque
1468 5715 1807 5786 ignaram.

1894 3145 2003 3203 per
2017 3130 2195 3184 Vetus
2216 3130 2274 3182 et
2290 3128 2525 3183 Novum
2540 3126 2983 3181 Testamentum
3010 3121 3162 3180 sicut
3175 3124 3306 3197 jam
3333 3122 3563 3180 dictum

1895 3219 2003 3287 est,
2029 3220 2088 3272 et
2116 3215 2361 3272 effectus
2389 3214 2601 3271 mortis
2641 3213 2822 3284 venit,
2850 3216 2907 3270 et
2944 3212 3177 3283 sagittis
3226 3211 3417 3291 ipsius
3438 3210 3565 3271 vita

1894 3309 2233 3377 praestatur.
2267 3307 2531 3375 Egressm
2586 3305 2727 3360 sunt
2755 3306 2958 3360 autem
2989 3301 3065 3359 de
3119 3299 3232 3362 isto
3262 3315 3408 3358 arcu
3433 3304 3566 3361 tan-

1895 3411 2083 3468 quam
2118 3393 2373 3464 sagittas,
2404 3391 2466 3448 id
2494 3397 2583 3450 est
2612 3391 2893 3467 apostoli,
2916 3388 3023 3469 qui
3047 3388 3421 3461 ardentibus,
3442 3390 3563 3448 hoc

1895 3486 1984 3540 est
2014 3482 2497 3539 desiderantibus
2538 3480 2777 3554 animis,
2808 3481 2870 3538 in
2919 3480 3176 3538 modum
3206 3480 3561 3554 sagittarum

1894 3574 2195 3655 praecepta
2224 3571 2510 3628 salutaria
2539 3568 3035 3627 transmiserunt:
3070 3566 3234 3631 unde
3283 3572 3343 3628 et
3384 3566 3565 3649 impii

1897 3660 2333 3730 sauciarentur,
2366 3662 2423 3717 et
2446 3658 2729 3716 ﬁdelibus
2757 3657 2971 3716 eﬂicax
3000 3672 3152 3721 cura
3190 3658 3561 3735 proveniret.

1893 3752 2116 3822 E/fecit
2142 3756 2345 3807 autem
2371 3749 2671 3822 signiﬁcat
2700 3750 2988 3822 Operams
3018 3746 3158 3818 est.)

1964 3838 2008 3910 ᾧ
2039 3840 2184 3906 Quis
2222 3855 2367 3896 vero
2404 3836 2670 3894 veritatis
2719 3835 3129 3908 ignorantiam
3158 3833 3467 3892 damnatis
3497 3835 3561 3893 in

1897 3932 2117 3985 tartara
2146 3926 2419 3985 illaturus
2451 3931 2557 3995 est,
2589 3924 2705 3982 nisi
2736 3923 2927 3997 judex
2951 3923 3231 3981 terribilis
3260 3929 3441 4001 atque
3463 3926 3561 3998 ju-

1895 4017 2209 4085 stissimus,
2237 4018 2342 4096 qui
2382 4016 2551 4073 novit
2577 4013 2727 4089 quid
2776 4015 2873 4071 cui
2918 4012 3013 4072 vel
3058 4013 3285 4085 demat,
3327 4014 3421 4071 vel
3464 4010 3561 4072 tri-

1892 4106 2041 4163 buat
2061 4107 2096 4163 ‘l‘
2120 4106 2237 4164 Sed
2264 4105 2339 4162 de
2360 4105 2454 4162 his
2476 4106 2618 4163 satis
2648 4109 2851 4163 actum
2881 4104 2989 4161 est.
3024 4102 3191 4160 Nunc
3220 4100 3282 4159 in
3311 4098 3563 4161 nomine

1893 4197 1951 4251 et
1973 4192 2274 4275 adiutorio
2306 4192 2543 4251 Domini
2572 4193 2654 4251 ad
2675 4191 2910 4267 reliqua
2934 4190 3325 4253 divertamus.

2503 4298 2733 4357 CAPUT
2767 4299 2955 4359 XVIII.

1813 4417 1859 4485 ι)
1899 4406 2070 4476 Quod
2093 4423 2265 4485 error
2288 4423 2490 4485 eorum
2519 4409 2627 4485 qui
2652 4409 2836 4485 aliter
2876 4422 3058 4483 quam
3100 4406 3343 4485 lintres
3364 4404 3569 4485 sancti

1967 4472 2233 4538 sentiunt
2263 4480 2335 4537 de
2386 4472 2943 4545 Prwitestinatione,
2977 4492 3052 4535 ea:
3092 4475 3434 4536 liberalium
3464 4474 3559 4530 cli-

1968 4552 2369 4621 stipi/inanem
2394 4551 2746 4622 ignorantia
2775 4548 3043 4606 inolevit.

1968 4643 2230 4697 Octavus
2278 4638 2552 4695 deteimus
2593 4638 3033 4712 proterviarum
3075 4639 3317 4693 tuarum
3358 4632 3567 4691 tumor

1895 4730 1977 4786 ita
2001 4731 2394 4803 prmnotatur.

2472 4832 2711 4874 JOANNES
2750 4831 2974 4873 SCOTUS.

1966 4907 2163 4977 (Num.
2196 4912 2236 4963 2
2260 4921 2380 4963 sec.
2412 4910 2493 4976 t.)
2518 4905 3195 4975 eguerim-arearum
3239 4903 3347 4975 qui
3376 4900 3561 4960 aliter

1895 5011 2075 5067 quam
2105 4998 2327 5054 Patres
2350 4996 2548 5053 sancti
2569 4995 2843 5052 sentnmt
2881 4995 2957 5052 de
2995 4992 3557 5059 Praedestinatione,

1896 5102 1974 5144 ea:
2012 5086 2357 5143 liber-altrm:
2404 5085 2873 5156 disciplinme
2910 5083 3262 5157 ignorantia
3289 5082 3556 5141 inolevit.

1898 5177 2183 5232 Errorem
2214 5177 2419 5247 itaque
2447 5175 2832 5232 saevissimum
2860 5186 3064 5233 eat-mn
3110 5174 3219 5247 qui
3251 5168 3557 5229 venerabi-

1901 5267 2051 5322 lium
2079 5266 2358 5328 Patrum,
2387 5265 2767 5335 mazbneque
2801 5265 3002 5321 sancti
3045 5260 3394 5333 Augustini,
3424 5272 3557 5317 seu-

1899 5355 2119 5412 tentias
2145 5354 2399 5425 confuse
2417 5369 2490 5410 ac
2508 5366 2626 5424 per
2651 5352 2763 5410 hoc
2787 5351 3100 5423 mortifere
3117 5351 3389 5409 adsuum
3416 5362 3562 5420 pra-

1900 5447 2203 5503 vissimum
2232 5454 2475 5502 sensum
2497 5442 2801 5515 redigunt,
2832 5440 3179 5500 mutillum
3210 5434 3560 5513 disciplina-

1898 5550 2056 5604 rum,
2093 5548 2249 5607 quas
2271 5535 2417 5604 ipsa
2454 5532 2768 5604 Sapientia
2795 5545 2940 5589 suas
2974 5529 3216 5588 comites
3241 5526 3560 5603 investigar-

1900 5626 2201 5698 uicesque
2218 5624 2359 5693 ﬁeri
2377 5623 2591 5692 voluit,
2622 5621 2979 5695 ignorantia
3018 5617 3376 5678 crediderim
3405 5633 3560 5678 sum-
