3950 6406
344 223 481 280 1303

1012 360 1112 401 COR
1118 360 1311 401 RECTIO
1319 388 1330 400 .

412 435 456 504 σι·
482 433 730 488 Videtur
749 432 901 489 mihi
920 448 1036 489 vox
1051 431 1166 489 ista
1185 432 1342 488 illius
1365 432 1523 489 dicto
1546 431 1881 501 concinere,
1899 429 2006 502 qui

338 523 573 599 primus
598 522 822 579 dixisse
851 522 1104 593 legitur:
1134 525 1203 579 In
1225 525 1439 581 cazlum
1467 522 1809 592 ascendam,
1827 535 2007 590 super

341 614 543 670 sidera
568 613 706 669 caeli
731 627 951 682 ponam
975 614 1194 668 solium
1229 629 1446 684 meum,
1469 611 1674 668 sedebo
1718 612 1781 666 in
1810 614 2008 667 monte

351 704 732 775 Testamenti,
747 704 810 758 in
831 704 1119 760 lateribus
1141 704 1463 777 aquilonis,
1481 719 1581 760 ero
1597 702 1810 759 similis
1826 702 2009 757 Altis-

344 798 493 853 simo
522 797 659 868 (Isa.
683 810 806 864 xxv,
831 796 934 867 l3),
959 794 1033 850 de
1060 811 1183 868 quo
1205 794 1285 851 ad
1310 794 1558 851 beatum
1587 793 1698 849 Job
1722 791 2010 849 Dominus

341 884 609 958 loquitur
641 900 655 939 :
700 883 886 941 Omne
921 885 1177 941 sublime
1206 885 1385 948 videt,
1418 885 1543 953 ipse
1588 888 1645 939 et
1693 896 1805 939 rex
1830 895 2013 951 super

345 989 543 1031 omnes
568 974 727 1043 ﬁlios
756 974 1050 1043 superbia:
1082 974 1213 1045 (Job
1236 989 1352 1040 xm,
1371 974 1497 1043 25);
1526 987 1724 1045 neque
1751 986 1790 1028 a
1817 985 2011 1027 mem-

342 1063 470 1119 bris
500 1062 657 1118 illius
683 1061 1015 1119 desciscere
1041 1062 1117 1119 de
1149 1062 1372 1136 quibus
1414 1062 1715 1135 Propheta
1740 1074 2011 1134 pronun-

345 1153 454 1210 tiat
476 1169 491 1209 :
514 1153 859 1209 Posuerunt
890 1153 954 1208 in
985 1154 1133 1210 coelo
1161 1151 1283 1224 [al.,
1304 1154 1368 1207 in
1390 1152 1625 1223 calum]
1649 1167 1711 1207 os
1738 1165 1935 1218 suum,
1957 1154 2013 1206 et

351 1243 565 1314 lingua
608 1257 811 1298 eorum
864 1243 1147 1299 transivit
1193 1243 1257 1298 in
1302 1248 1468 1298 terra
1511 1242 1701 1312 (Psal.
1729 1256 1903 1303 Lxxu,
1934 1239 2010 1311 9).

350 1334 784 1387 Verumtamen
824 1330 932 1386 ﬁlii
976 1331 1332 1387 humilitatis
1375 1336 1431 1387 et
1473 1330 1737 1386 veritatis
1782 1344 2013 1402 nequa-

350 1436 542 1494 quam
589 1419 811 1476 talibus
858 1418 1092 1491 injuriis
1125 1424 1604 1489 commoventur,
1632 1421 1701 1475 ut
1741 1416 2016 1475 convicia

352 1509 659 1577 conviciis,
675 1512 733 1565 et
752 1508 1150 1565 contumelias
1167 1507 1541 1565 contumeliis
1556 1507 1848 1564 referant:
1868 1506 2015 1579 quin

351 1595 703 1652 humiliores
734 1595 947 1667 etfecti,
974 1595 1273 1671 quidquid
1305 1596 1419 1652 sibi
1466 1595 1755 1665 magistra
1781 1593 2017 1651 humili-

1443 222 1500 278 S.
1543 218 1925 274 PRUDENTII
2006 218 2345 276 RECENSIS
2386 218 2687 277 EPISCOP]

2041 344 2086 398 Δ
2120 342 2339 400 horum
2368 343 2776 415 ignorantiam
2807 343 3016 413 inuris,
3042 340 3325 415 nunquid
3343 341 3579 398 moveri
3608 340 3829 398 debet

3661 219 3830 275 1304

2115 436 2323 489 nostra
2338 433 2666 499 humilitas,
2682 448 2823 489 cum
2842 432 3163 489 videamus
3186 446 3399 487 omnes
3415 430 3830 488 orthodoxos

2114 525 2317 593 patres
2363 526 2603 580 nostros
2652 522 2851 579 eidem
2897 520 3130 594 injuriae
3162 519 3519 591 substratos,
3562 519 3817 578 eadem

2115 608 2368 668 infamia
2396 611 2734 683 denotatos,
2760 612 2868 685 qui
2895 626 3110 667 omnes
3134 613 3303 667 tanta
3327 608 3687 667 liberalium
3708 609 3814 665 di-

2118 696 2507 770 sciplinarum
2551 699 2884 755 eruditione
2914 700 3325 766 coruscarunt,
3348 701 3414 755 ut
3442 696 3655 754 nullus
3685 696 3810 769 eis,

2117 802 2273 859 quos
2297 788 2572 861 apprime
2601 788 2998 861 philosophos
3030 787 3299 844 mundus
3321 787 3591 861 suscipit,
3625 802 3817 844 vera-

2120 876 2263 933 citer
2309 877 2677 951 tequiparari
2724 877 3208 951 possitzquippe
3245 892 3386 934 cum
3430 877 3516 934 ita
3566 893 3684 933 eos
3735 878 3809 932 in

2118 965 2405 1022 omnibus
2420 982 2559 1023 vera
2576 966 2872 1040 sapientia
2891 966 3257 1035 instruxerit,
3272 970 3338 1022 ut
3357 969 3527 1023 tanto
3546 966 3815 1024 eviden-

2119 1054 2236 1111 tius
2261 1059 2509 1111 nossent
2532 1055 2675 1128 quid
2704 1056 2765 1112 in
2791 1056 2875 1111 eis
2905 1055 3242 1119 vitandum,
3259 1054 3410 1128 quid
3430 1058 3586 1112 esset
3603 1070 3815 1129 appe-

2122 1142 2395 1210 tendum,
2427 1148 2657 1217 quanto
2688 1144 2881 1201 eidem
2914 1160 3071 1200 verae
3119 1144 3425 1217 sapientiae
3455 1145 3813 1201 connexius

2120 1234 2492 1291 inhaererent.
2513 1235 2627 1292 Sed
2647 1235 2947 1309 nunquid,
2961 1235 3107 1308 quia
3127 1251 3199 1292 ea
3221 1236 3358 1292 sciri
3383 1251 3495 1309 pro
3515 1239 3811 1308 tempore

2122 1323 2353 1380 Veritas
2373 1339 2498 1380 non
2529 1324 2860 1397 prohibuit,
2878 1324 3014 1381 ideo
3039 1324 3277 1381 mentiri
3300 1324 3483 1396 jussit
3507 1325 3639 1382 sive
3665 1340 3812 1381 coe-

2124 1412 2256 1483 git?
2285 1415 2361 1469 At
2388 1412 2450 1469 in
2480 1414 2721 1486 quantis
2750 1414 3054 1470 mentibus
3102 1414 3205 1482 sis,
3246 1414 3522 1488 quisquis
3569 1414 3809 1471 eadem

2126 1501 2377 1558 Veritate
2408 1502 2735 1559 illustratus
2766 1508 2869 1560 tua
2915 1502 3074 1575 legit,
3106 1507 3378 1576 patenter
3405 1503 3686 1561 advertit.
3716 1508 3811 1559 Ac

2127 1606 2235 1663 per
2262 1590 2399 1661 hoc,
2430 1591 2978 1664 quemadmodum,
3012 1592 3276 1648 donante
3307 1592 3581 1657 Domino,
3615 1608 3814 1665 supe-

354 1687 473 1741 tate
517 1687 575 1739 et
610 1684 858 1740 veritate
906 1685 1118 1741 datum
1149 1685 1332 1755 gratis
1360 1689 1678 1753 noverunt,
1712 1684 1791 1739 ad
1819 1683 2018 1741 dantis
2045 1698 2092 1754 B
2128 1678 2290 1736 riora
2306 1679 2595 1748 indicant,
2610 1684 2674 1737 tu
2692 1680 2893 1753 potius
2914 1697 3038 1737 non
3058 1680 3253 1737 solum
3274 1681 3431 1739 dicta
3447 1681 3807 1749 Dominica,

357 1771 612 1844 gloriam
643 1776 699 1829 et
722 1773 1019 1829 honorem
1042 1776 1387 1846 retorquere
1413 1774 1651 1846 penitus
1678 1772 2016 1843 elaborent;

356 1860 530 1931 cujus
561 1860 609 1915 si
632 1860 981 1931 magisterio
1011 1861 1107 1917 vel
1135 1861 1359 1930 doceri,
1382 1862 1475 1917 vel
1500 1862 1582 1918 uti
1611 1860 2018 1935 quaesivisses,

354 1963 677 2020 nunquam
705 1948 769 2003 in
799 1953 998 2005 tantas
1045 1949 1457 2023 blasphemias
1488 1954 1669 2023 atque
1698 1949 2020 2024 impuden-

357 2037 468 2094 tias
498 2038 903 2111 prorupisses.
928 2040 1077 2095 Nam
1096 2039 1228 2111 ipsa
1248 2039 1328 2095 ad
1355 2039 1786 2095 destruendam
1806 2037 2023 2096 mundi

358 2125 739 2198 sapientiam,
763 2126 860 2184 cui
881 2127 1181 2200 superbus
1210 2128 1482 2197 insudas,
1504 2127 1722 2185 idiotas
1750 2132 1807 2185 et
1829 2127 2024 2201 pisca-

355 2219 534 2284 tores,
566 2230 692 2272 non
722 2216 1023 2289 sophistas
1051 2216 1249 2287 elegit,
1280 2233 1544 2290 quorum
1584 2222 1853 2273 tumores
1880 2233 2020 2275 cum

357 2303 526 2377 apud
554 2304 890 2359 Corinthios
940 2304 1035 2361 vel
1058 2306 1325 2362 maxime
1352 2312 1409 2363 et
1438 2306 1828 2363 Colossenses
1857 2307 2021 2379 Apo-

358 2391 547 2448 stolus
575 2391 779 2449 divina
800 2393 1155 2451 auctoritate
1176 2395 1619 2468 comminuerit,
1649 2395 1830 2469 pauci
1848 2394 2020 2452 factis

357 2479 645 2537 omnibus
695 2498 769 2538 ex
811 2482 1091 2555 explosis,
1134 2483 1209 2539 de
1262 2499 1324 2540 se
1372 2483 1584 2557 suique
1628 2484 2022 2558 participibus

357 2570 501 2627 dixit
527 2590 541 2629 :
577 2572 752 2629 Nihil
772 2573 1050 2643 judzcari
1068 2588 1160 2630 me
1178 2588 1331 2631 scire
1345 2574 1505 2630 inter
1526 2590 1648 2645 vos,
1670 2575 1789 2631 nisi
1816 2574 2021 2631 Chris-

360 2666 487 2716 tum
514 2662 739 2732 Jesum,
767 2667 823 2719 et
872 2662 1034 2720 hunc
1080 2665 1437 2733 cruciﬁxum
1486 2664 1546 2735 (Ι
1584 2665 1723 2722 Cor.
1756 2680 1814 2732 ιι,
1847 2664 1922 2736 2).
1956 2666 2025 2719 Et

357 2748 499 2821 ipsa
528 2750 755 2807 Veritas
785 2752 1012 2807 clamat
1041 2769 1055 2807 :
1101 2753 1305 2809 Venite
1328 2752 1410 2809 ad
1453 2768 1547 2809 me
1574 2767 1772 2810 omnes
1803 2754 1907 2825 qui
1930 2753 2021 2810 la-

361 2836 587 2893 boratis
612 2844 666 2895 et
695 2841 932 2896 onerati
960 2840 1118 2907 estis,
1138 2846 1191 2897 et
1219 2856 1324 2912 ego
1353 2842 1618 2912 reﬁciam
1658 2857 1778 2898 vos.
1809 2843 2025 2900 Tollite

352 2926 579 2996 jugum
609 2942 805 2984 meum
834 2944 1017 2998 super
1044 2944 1165 2998 vos,
1193 2936 1249 2985 et
1273 2930 1479 2987 discite
1504 2944 1541 2987 a
1570 2946 1663 2987 me
1689 2932 1833 3003 quia
1862 2932 2022 2987 mitis

357 3032 491 3071 sum
513 3021 570 3072 et
596 3016 844 3073 humilis
866 3019 1074 3089 corde;
1095 3025 1149 3075 et
1173 3019 1485 3076 invenietis
1509 3021 1767 3092 requiem
1794 3022 2024 3078 anima-

360 3104 467 3159 bus
494 3106 724 3161 vestris.
767 3108 993 3178 Jugum
1024 3108 1179 3164 enim
1223 3124 1413 3165 meum
1440 3124 1623 3166 suave
1645 3114 1751 3180 est,
1784 3115 1836 3166 et
1870 3125 2022 3167 onus

356 3209 551 3251 meum
582 3196 709 3252 leve
739 3195 976 3268 (Matth.
1009 3213 1083 3267 χι,
1116 3199 1229 3267 28).
1265 3200 1409 3254 Ecce
1451 3199 1745 3269 magistra
1798 3199 2024 3257 Veritas

357 3283 514 3341 disci
532 3300 570 3341 a
584 3300 647 3341 se
665 3285 1066 3344 humilitatem
1089 3291 1145 3343 et
1164 3288 1721 3361 mansuetudinem,
1747 3304 1871 3346 non
1890 3289 2023 3346 rhe-

251 3378 258 3384 '
356 3372 612 3428 toricam
640 3376 699 3430 et
717 3372 1093 3432 dialecticam
1114 3375 1305 3448 jubet.
1325 3379 1394 3433 Et
1416 3376 1737 3449 Apostolus
1766 3377 1921 3450 ejus,
1944 3377 2025 3435 ab

357 3460 477 3517 hac
505 3460 753 3518 inﬂante
782 3462 1030 3520 scientia
1056 3463 1212 3520 ﬁlios
1241 3479 1383 3521 suos
1407 3464 1763 3538 prohibens,
1780 3466 2025 3523 humili-

358 3548 467 3607 tati
491 3554 550 3606 et
596 3551 829 3609 veritati
858 3554 1223 3625 evangelicae
1277 3554 1646 3612 studendum
1673 3556 1946 3630 praecipit
1976 3561 2023 3626 (1

364 3637 515 3694 Tim.
541 3654 621 3709 vi,
649 3641 765 3710 20).
794 3640 939 3697 Hinc
983 3647 1041 3699 et
1082 3642 1267 3699 Isaias
1316 3644 1614 3716 propheta
1657 3645 1775 3702 ait:
1804 3646 1914 3703 Ubi
1941 3651 2027 3703 est

363 3727 665 3786 litteratus
686 3732 716 3786 ?
748 3730 861 3787 Ubi
889 3731 1069 3789 verba
1098 3733 1244 3803 legis
1257 3733 1606 3802 ponderans
1622 3737 1651 3790 ?
1676 3734 1782 3790 ubi
1817 3735 2029 3791 doctor

350 3819 802 3888 parvulorum?
830 3820 1135 3892 Populum
1180 3822 1620 3892 imprudentem
1665 3820 1790 3895 [al.,
1829 3824 2024 3894 impu-

358 3905 593 3964 dentem
596 3908 614 3972 J
650 3924 769 3965 non
794 3910 1039 3979 videbis,
1059 3912 1359 3981 populum
1389 3913 1504 3969 alti
1521 3914 1829 3983 sermonis,
1853 3915 1939 3970 ita
1958 3918 2026 3970 ut

358 4010 481 4051 non
502 3999 696 4066 possis
724 3999 1065 4071 intelligere
1106 4001 1587 4059 disertitudinem
1625 4004 1854 4075 lingua:
1896 4004 2026 4073 ejus

357 4084 424 4141 in
455 4101 571 4157 quo
601 4088 780 4144 nulla
804 4093 891 4145 est
913 4090 1215 4160 sapientia
1243 4091 1383 4162 (Isa.
1408 4107 1615 4161 χχχιιι,
1648 4093 1738 4163 18,
1770 4092 1878 4165 l9).

430 4173 577 4230 Hine
630 4177 746 4231 Leo
802 4176 865 4232 in
925 4179 1211 4235 Sermone
1264 4179 1338 4235 de
1392 4180 1679 4238 Passione
1736 4181 2020 4239 Domini:

358 4261 570 4332 [Hanc,
592 4260 982 4331 dilectissimi,
1004 4264 1437 4322 incarnationis
1459 4267 1782 4326 Dominicae
1812 4269 2019 4341 ﬁdem,

356 4367 469 4425 per
499 4367 689 4424 quam
720 4356 844 4411 tota
893 4355 1155 4414 Ecclesia
1179 4373 1399 4431 corpus
1429 4364 1517 4416 est
1542 4360 1779 4428 Christi,
1807 4361 2018 4421 incon-

2128 1784 2341 1825 verum
2361 1769 2537 1826 etiam
2562 1770 2805 1827 Patrum
2828 1770 3149 1827 sententias
3180 1774 3341 1828 tanta
3356 1769 3812 1843 depravatione

2128 1856 2245 1913 tuis
2283 1858 2586 1914 erroribus
2622 1859 2932 1930 intorsisti,
2957 1864 3019 1915 ut
3037 1859 3223 1916 lector
3256 1859 3488 1916 illorum
3505 1874 3811 1915 necessa-

2126 1944 2283 2002 riam
2311 1962 2561 2019 prorsus
2582 1947 2809 2005 habeat
2825 1953 2882 2005 et
2902 1948 3387 2005 exercitationem
3406 1947 3715 2016 sedulam,
3739 1951 3808 2003 et

2128 2036 2659 2108 prtesentissimam
2711 2037 3044 2096 veritatem.
3086 2039 3459 2111 Quapropter
3505 2035 3806 2094 manifes-

2128 2128 2258 2181 tum
2269 2128 2360 2182 est
2374 2128 2451 2196 et,
2465 2124 2601 2183 ideo
2621 2141 2659 2182 a
2672 2126 2919 2183 veritate
2940 2126 3230 2199 tantisper
3243 2126 3630 2197 exorbitasse,
3643 2126 3804 2200 quia

2127 2212 2361 2270 inuisus
2378 2214 2612 2272 inﬂanti
2644 2215 2925 2287 scientiae,
2955 2216 3124 2290 quod
3142 2232 3351 2273 verum
3387 2219 3515 2274 erat
3548 2220 3805 2290 sponta-

2128 2317 2244 2359 nea
2267 2303 2643 2378 proindeque
2675 2305 3112 2379 superbissima
3132 2305 3444 2364 aversione
3473 2304 3795 2379 reliquisti.

2202 2392 2486 2465 Nunquid
2506 2397 2763 2450 sanctus
2793 2394 3160 2465 Fulgentius,
3182 2394 3271 2451 vir
3298 2395 3534 2468 absque
3559 2394 3802 2451 haesita-

2130 2478 2289 2537 tione
2337 2481 2742 2552 doctissimus,
2788 2483 3132 2555 ignorantia
3173 2483 3633 2558 disciplinarum
3689 2497 3799 2540 ea-

2127 2568 2410 2626 rumdem
2439 2572 2724 2628 mentitus
2754 2576 2861 2641 est,
2895 2572 3255 2647 exponendo
3288 2573 3365 2630 de
3410 2572 3800 2646 praedestina-

2129 2658 2289 2714 tione
2322 2660 2678 2717 sententiam
2702 2662 3040 2734 Augustini,
3072 2662 3136 2719 in
3165 2662 3339 2735 cujus
3369 2662 3797 2736 explanatione

2128 2746 2352 2805 librum
2381 2749 2641 2807 mirabili
2669 2751 3015 2825 eloquentia
3039 2756 3098 2809 et
3125 2751 3388 2809 veritatis
3418 2751 3669 2809 scientia
3697 2766 3795 2808 re-

2129 2836 2519 2895 fertissimum
2548 2840 2854 2899 absolvit?
2879 2858 3065 2916 quem
3094 2842 3176 2900 ita
3204 2842 3470 2899 vicinum
3510 2840 3798 2914 tempori-

2128 2925 2245 2982 bus
2272 2927 2546 2999 ejusdem
2592 2929 2906 3000 Augustini
2935 2930 3241 3002 novimus,
3273 2935 3340 2988 ut
3384 2930 3477 2988 vel
3520 2930 3601 2988 ab
3626 2931 3790 3003 ipso,

2130 3015 2226 3072 vel
2254 3016 2332 3074 ab
2362 3017 2741 3075 auditoribus
2768 3019 2946 3091 illius,
2975 3020 3378 3091 integritatem
3420 3020 3551 3092 ejus
3574 3018 3797 3077 doctri-

2130 3121 2223 3162 nae
2251 3106 2555 3164 sinceriter
2589 3108 2902 3169 addiscew
2929 3110 3239 3183 potuisset.
3271 3109 3551 3184 Nunquid
3576 3112 3633 3166 et
3656 3123 3797 3165 sana-

2130 3199 2261 3252 ctus
2289 3198 2543 3270 Prosper
2569 3198 2788 3255 harum
2817 3198 3052 3256 inscitia
3078 3200 3317 3272 erravit,
3345 3199 3450 3272 qui
3505 3198 3792 3255 eumdem

2130 3285 2389 3358 propriis
2416 3286 2687 3360 epistolis
2738 3287 3087 3358 consulens,
3116 3288 3194 3345 ab
3238 3304 3432 3362 eoque
3487 3287 3789 3367 rescriptis

2131 3375 2439 3434 catholicis
2468 3377 2737 3447 edoctus,
2772 3377 2926 3436 adeo
2949 3378 3012 3435 in
3037 3379 3366 3436 assertione
3406 3378 3673 3435 veritatis
3697 3393 3791 3434 ro-

2129 3464 2377 3523 boratus
2423 3469 2537 3535 est,
2585 3471 2650 3524 ut
2696 3471 2820 3524 tam
2856 3468 3116 3542 propriae
3156 3467 3508 3525 eruditionis
3556 3466 3790 3539 scriptis

2131 3570 2320 3628 quam
2362 3556 2709 3630 apostolicae
2759 3558 2927 3616 Sedis
2975 3557 3227 3615 decretis
3269 3557 3605 3615 doctrinam
3642 3556 3790 3613 tanti

2131 3645 2317 3702 Patris
2356 3645 2708 3710 defenderit,
2742 3645 3107 3720 defendique
3154 3646 3470 3704 studuerit.
3509 3644 3791 3718 Nunquid

2131 3733 2294 3791 beati
2334 3735 2628 3791 antistites
2662 3736 2981 3807 Gregorius
3011 3741 3069 3792 et
3091 3736 3356 3793 Isidorus
3378 3735 3597 3792 harum
3625 3734 3790 3805 igno-

2131 3823 2328 3880 rantia
2355 3830 2718 3895 erraverant,
2750 3842 3013 3898 quarum
3059 3826 3144 3882 eis
3187 3825 3429 3883 affuisse
3465 3823 3789 3897 plurimam

2132 3912 2444 3970 scientiam
2467 3914 2809 3971 nullatenus
2828 3916 3182 3986 ignoramus
3203 3917 3231 3973 ?
3254 3914 3467 3971 Desine
3494 3913 3674 3985 igitur
3690 3928 3788 3969 ca..-

2134 4001 2365 4059 tholicis
2391 4002 2655 4077 virisque
2684 4005 3104 4061 eruditissimis
3131 4004 3290 4061 hanc
3309 4003 3633 4076 importare
3654 4018 3791 4059 con-

2132 4090 2462 4160 tumeliam,
2484 4107 2641 4164 quos
2667 4092 2961 4163 magistra
2982 4093 3206 4150 Veritas
3233 4107 3343 4165 per
3371 4094 3648 4148 sanctum
3667 4091 3791 4163 Spi-

2131 4179 2314 4238 ritum
2356 4197 2604 4239 omnem
2649 4182 2853 4240 docuit
2898 4183 3224 4240 veritatem.
3251 4185 3476 4255 Nempe
3521 4196 3660 4238 cum
3702 4183 3792 4237 tot

2129 4269 2377 4326 urbium
2405 4270 2946 4345 coenobiorumque
2966 4275 3175 4329 sancta
3199 4269 3481 4327 examina
3497 4284 3786 4326 memora-

2128 4362 2328 4416 tarum
2370 4359 2590 4417 artium
2634 4360 2874 4418 videam
2922 4361 3102 4417 ﬂores
3146 4360 3365 4431 legere,
3395 4358 3551 4415 fetus
3591 4357 3780 4427 edere,

357 4424 541 4498 cusso
571 4441 752 4499 corde
787 4449 1111 4518 servantes,
1143 4446 1222 4505 ab
1270 4449 1556 4506 omnibus
1601 4450 2020 4511 haereticorum
2049 4424 2094 4479 θ
2129 4448 2481 4507 dulcissima
2531 4450 2713 4507 mella
2761 4465 3148 4524 componere,
3175 4463 3496 4521 nunquam
3542 4445 3648 4503 uni
3683 4446 3783 4503 tibi

350 4530 621 4603 jejunate
650 4533 1001 4592 mendaciis.
1034 4538 1103 4594 Et
1129 4536 1213 4595 ita
1239 4537 1416 4596 vobis
1443 4538 1662 4596 credite
1686 4539 2021 4599 misericor-

354 4619 472 4676 diae
525 4637 713 4695 opera
759 4623 1100 4699 profutura,
1152 4626 1237 4684 ita
1309 4627 1612 4686 fructuose
1668 4628 2019 4689 habendam

353 4710 735 4769 continentia
792 4714 1136 4789 puritatem,
1191 4716 1240 4773 si
1290 4722 1523 4775 mentes
1579 4723 1789 4777 vestrae
1851 4720 2021 4781 nulla

350 4813 679 4872 pravarum
732 4804 1091 4878 opinionum
1141 4806 1601 4865 intaminatione
1641 4808 2016 4869 sordescunt.

349 4887 601 4961 Abjicite
631 4907 815 4951 exosa
844 4896 1101 4955 Domino
1147 4897 1483 4955 mundanae
1532 4903 1892 4970 argumenta
1922 4918 2020 4959 sa-

348 4975 612 5048 pientiae,
643 4996 752 5051 per
789 4998 979 5055 quam
999 5000 1182 5044 nemo
1224 4986 1304 5043 ad
1326 4986 1731 5057 cognitionem
1754 4989 2018 5046 veritatis

347 5064 544 5136 potuit
593 5071 925 5141 pervenire,
958 5077 1016 5130 et
1061 5074 1178 5132 hoc
1222 5075 1414 5133 ﬁxum
1455 5076 1672 5133 habete
1699 5078 1762 5134 in
1810 5078 2017 5135 animo

347 5153 516 5224 quod
543 5153 736 5211 dicitis
760 5158 823 5213 in
852 5161 1179 5239 symbolo.]

420 5244 462 5331 ξι-
488 5246 752 5318 Apparet
778 5247 960 5319 igitur
985 5253 1159 5324 cujus
1184 5255 1264 5311 sis
1311 5257 1494 5326 ﬁlius,
1526 5257 1652 5331 qui,
1683 5257 1763 5315 ab
1792 5257 2015 5315 horum

346 5330 596 5426 salutari
622 5334 993 5396 institutione
1023 5342 1385 5417 descissens,
1412 5347 1527 5403 illis
1548 5330 1613 5404 te
1642 5348 1879 5418 inseris,
1895 5347 2011 5403 illis

342 5419 569 5511 inﬂaris
586 5440 720 5497 quae
743 5426 837 5483 isti
856 5432 912 5486 et
925 5433 1405 5504 reprobaverunt
1421 5427 1478 5494 et
1493 5438 1665 5495 ﬂocci
1684 5436 2015 5511 pendenda

342 5504 660 5598 duxerunt.
679 5515 963 5579 Quamvis
977 5522 1281 5598 quidquid
1297 5527 1360 5583 in
1387 5528 1471 5584 eis
1502 5528 1644 5585 utile
1670 5504 2011 5584 salubritati

340 5597 397 5648 et
415 5597 781 5689 simplicitati
806 5597 1310 5670 Christianteﬁdei
1323 5617 1347 5687 j
1357 5619 1651 5683 udicatur,
1666 5630 2014 5689 usquequa-

338 5690 456 5747 que
480 5699 591 5739 nec
612 5685 990 5761 improbetur
1011 5711 1121 5753 nec
1141 5685 1467 5770 ignoretur.
1484 5713 1564 5765 Ac
1583 5712 1745 5769 certe
1761 5685 1812 5762 si
1831 5685 2012 5774 nobis.

2130 4539 2506 4611 singulariter
2531 4540 2950 4614 deputaverim
2977 4539 3147 4614 quod
3166 4538 3491 4612 sapientia:
3524 4538 3694 4593 Dives
3717 4537 3782 4593 in

2125 4645 2325 4687 omnes
2373 4632 2480 4703 qui
2528 4633 2813 4689 invocant
2858 4632 3032 4688 illam
3083 4631 3269 4702 (Rom.
3302 4645 3356 4698 x,
3406 4629 3511 4699 l2),
3557 4626 3784 4698 passim

2125 4723 2294 4777 tanta
2310 4720 2603 4793 largitatis
2626 4719 2933 4778 affluentia
2953 4718 3256 4792 dispertiri
3277 4714 3790 4788 cognoscitur.Ne‘

2125 4826 2246 4884 que
2276 4809 2508 4867 silentio
2531 4809 3021 4883 praetereundum
3056 4808 3304 4878 videtur,
3327 4806 3495 4881 quod
3515 4820 3697 4862 ausus
3715 4820 3785 4860 es

2126 4900 2347 4971 dicere,
2380 4901 2658 4958 liberales
2702 4902 3058 4972 disciplinas
3099 4901 3339 4957 comites
3381 4912 3521 4966 esse,
3554 4896 3779 4952 investi-

2125 4993 2503 5064 gatrieesque
2534 4993 2910 5062 sempiternce
2957 4990 3327 5061 Sapientia],
3354 5004 3509 5061 quas
3558 4988 3783 5042 constat

2125 5081 2416 5137 nimirum
2436 5081 2781 5138 inventione
2803 5080 3123 5137 hominum
3145 5081 3313 5135 aDeo
3333 5081 3391 5133 et
3411 5092 3534 5132 una
3553 5074 3783 5147 Sapien-

2122 5169 2207 5226 tia
2250 5170 2579 5227 extorrium
2626 5175 2806 5243 atque
2855 5168 3189 5241 expertium
3219 5169 3503 5239 repertas.
3535 5163 3590 5220 Si
3630 5162 3781 5218 enim

2124 5257 2240 5314 illae
2262 5260 2511 5317 comites
2531 5259 3124 5330 investigatrieesque
3144 5255 3469 5312 creduntur
3488 5252 3783 5324 sempiter-

2124 5362 2218 5403 nee
2254 5348 2879 5422 Sapientise,sequitur
2918 5350 2983 5402 ut
3018 5346 3361 5402 inventores
3381 5357 3591 5399 earum
3610 5340 3781 5397 homi-

2122 5452 2231 5494 nes
2256 5444 2575 5510 tequentur
2594 5440 2712 5512 ipsi
2745 5436 3127 5509 sempiternae
3152 5432 3488 5507 Sapientiae,
3513 5446 3620 5504 per
3637 5446 3778 5504 quos

2122 5525 2216 5582 sui
2246 5526 2497 5584 comites
2527 5529 2746 5602 suique
2785 5524 3261 5595 investigatrices
3290 5522 3549 5577 inventae
3581 5519 3777 5593 praedi-

2120 5618 2357 5674 cantur.
2407 5616 2580 5674 Nulla
2619 5622 2825 5674 autem
2869 5624 3145 5672 creatura
3189 5617 3425 5668 aeternae
3476 5608 3777 5683 Sapientia:

2126 5704 2354 5776 aquari
2373 5703 2573 5774 debet,
2587 5721 2786 5778 eaque
2808 5702 3113 5761 ullatenus
3134 5700 3305 5760 valet.
3323 5698 3562 5759 Falsum
3583 5702 3668 5753 est
3685 5697 3781 5769 igi-
