3950 6372
121 265 138 316 l
154 264 268 317 305

1065 267 1156 320 DE
1195 261 1865 324 PREDESTINATIONE
1907 260 2200 320 CONTRA
2236 263 2286 320 J.
2332 261 2627 321 SCOTUM.

3434 264 3570 318 1306

111 387 221 441 tur
247 401 376 457 eas,
397 385 461 442 id
485 389 574 443 est
600 387 980 445 inventiones
1001 387 1328 460 humanas,
1351 405 1682 462 earumque
1705 405 1791 444 re-
1823 389 1874 442 Α
1911 391 2073 458 runt,
2106 392 2163 444 et
2188 389 2545 462 priusquam
2566 388 2778 444 ﬁerent
2800 385 2876 443 de
2905 385 2992 443 eis
3028 385 3357 456 cogitatum
3383 387 3490 454 est,
3518 389 3575 442 et

109 478 415 545 pertores,
449 475 698 532 comites
727 481 908 550 atque
951 477 1428 548 investigatrices
1475 495 1605 536 esse
1634 494 1793 534 verte

110 563 628 638 sempiternteque
662 567 1000 640 Sapientiae,
1023 567 1257 625 dicente
1280 569 1606 642 Propheta:
1643 569 1794 636 Quo-

110 654 292 710 niam
321 655 453 726 quis
479 657 542 712 in
567 655 825 712 nubibus
871 659 1214 730 aequabitur
1254 660 1527 726 Domino,
1582 659 1795 714 similis

111 742 241 797 erit
259 743 380 798 Deo
401 744 561 800 inter
578 745 738 813 filios
753 746 867 802 Dei
887 746 1006 818 (Ps.
1037 763 1316 818 Lnxvui,
1341 748 1415 818 7),
1440 752 1669 820 quanto
1695 746 1798 801 mi-

112 845 246 886 nus
280 829 435 888 ﬁlios
465 832 742 889 diaboli?
789 833 1010 892 Deinde
1040 834 1280 906 efﬁngis
1321 835 1576 892 alteram
1628 836 1796 906 igno-

110 920 338 976 rantia:
365 920 703 988 infamiam,
761 939 897 996 qua;
928 924 1008 981 ad
1031 941 1161 982 rem
1207 941 1331 982 non
1376 925 1671 998 pertinere
1703 925 1793 980 ni-

110 1007 458 1067 hilominus
489 1011 944 1084 comprobatur.

687 1117 939 1159 JOANNES
979 1118 1206 1160 SCOTUS.

185 1186 368 1260 (Cap.
405 1189 490 1256 18,
515 1203 686 1245 num.
721 1193 775 1261 3,
809 1193 954 1247 sect.
992 1191 1064 1263 l.)
1094 1197 1134 1244 Θ
1192 1192 1450 1264 Insuper
1480 1194 1678 1264 etiam,
1706 1193 1792 1248 in-

103 1274 360 1347 quiens,
394 1276 744 1335 ercarum
795 1281 1137 1337 litterarum
1195 1282 1439 1339 inscitia
1467 1284 1531 1338 in
1580 1282 1793 1354 quibus

93 1364 668 1434 praedestinationis
679 1369 1098 1439 interpretatio
1117 1371 1356 1428 nullam
1383 1371 1792 1441 ambiguitatis

99 1454 439 1522 caliginem
469 1457 703 1527 gignit,
743 1472 874 1529 qua
901 1459 956 1513 si
1001 1459 1354 1530 diligentius
1381 1461 1458 1517 ab
1486 1461 1793 1530 inquisito-

105 1541 290 1596 ribus
313 1544 732 1614 veritatis,non
755 1545 832 1601 ab
857 1548 1257 1604 assertoribus
1281 1549 1795 1618 falsitatis,atten-

103 1629 372 1698 dantur,
388 1633 853 1705 quotiescunque
877 1635 999 1690 sive
1029 1635 1100 1691 de
1134 1636 1300 1692 bonis
1332 1639 1794 1705 usitatc,sivede

97 1721 294 1776 malis
320 1722 562 1778 abusive
581 1724 1041 1792 preedestinatio
1068 1727 1297 1795 [mntis
1328 1743 1470 1794 suae,
1499 1730 1788 1798 sapienti-
1824 1746 1864 1800 η

103 1811 272 1865 tibus
303 1812 539 1882 quidem
572 1814 916 1881 notissimee,
953 1817 1183 1885 inﬂatis
1216 1833 1351 1873 vero
1377 1819 1670 1887 superbiae
1697 1825 1789 1888 ty-

98 1900 233 1970 pho
258 1900 976 1973 abstrusissimwmrimas
987 1913 1194 1974 partes
1216 1910 1675 1977 aperuerit,tota
1703 1910 1790 1962 ni-

106 1991 362 2054 mirum,
383 1993 562 2049 nulla
591 1993 950 2051 interstante
977 2010 1166 2063 mora,
1190 1997 1286 2066 pie
1308 1998 1784 2068 intelligentibus

105 2094 242 2135 eam
267 2081 522 2150 patebit.
552 2082 660 2137 Est
687 2083 877 2153 igitur
908 2083 1153 2140 verbum
1193 2086 1360 2153 apud
1388 2087 1623 2142 Graecos
1645 2087 1785 2162 ὠρῶ,

107 2169 278 2241 quod
307 2171 475 2240 apud
499 2171 751 2229 Latinos
810 2172 1003 2228 tribus
1053 2175 1358 2243 exJipitur
1399 2176 1626 2247 verbis;
1669 2178 1787 2251 ὡρῶ

105 2259 340 2330 quippe
368 2265 422 2315 et
450 2259 628 2316 video
673 2265 730 2317 et
757 2260 1006 2334 deﬁnio,
1039 2267 1096 2318 et
1135 2261 1371 2319 destino
1421 2266 1788 2335 interpreta-

106 2353 232 2404 tur.
266 2348 564 2407 Similiter
591 2353 980 2422 compositum
1007 2353 1259 2426 προὼρῶ,
1283 2354 1610 2427 praevideo,
1633 2371 1788 2429 prae-

107 2436 365 2509 deﬁnio,
396 2437 785 2511 praedestino.

787 2545 1112 2589 COREECTIO.

173 2617 218 2686 -ι-
251 2618 298 2672 O
326 2617 526 2673 virum
552 2619 1036 2689 sagacissimum,
1083 2620 1213 2694 qui,
1242 2620 1412 2693 quod
1461 2621 1522 2676 in
1565 2621 1784 2678 Latinis

102 2705 413 2775 defecerit,
461 2707 542 2763 ad
575 2709 779 2765 Graeca
808 2725 922 2766 nos
959 2711 1230 2781 retrahit,
1279 2715 1336 2766 et
1381 2709 1444 2766 in
1498 2712 1784 2768 Romanis

103 2795 498 2852 sermonibus
519 2798 752 2854 Graacas
771 2798 1035 2869 origines
1066 2799 1317 2870 efﬁngit.
1348 2800 1519 2870 Quid,
1550 2817 1782 2874 quaeso,

101 2885 410 2957 pertinent
435 2886 620 2944 verba
641 2888 847 2945 Latina
890 2891 1080 2955 video,
1117 2891 1357 2959 deﬁnio,
1405 2891 1656 2959 destino,
1703 2892 1784 2947 ad

104 2976 386 3032 Graecum
414 2977 804 3046 vocabulum,
853 2980 1020 3051 quod
1052 2984 1143 3036 est
1171 2981 1332 3053 ὡρῶίῖ
1381 2981 1658 3052 nunquid
1701 2980 1780 3036 ab

102 3077 174 3118 eo
202 3062 305 3119 vel
362 3063 633 3122 derivata
665 3070 823 3133 sunt,
855 3068 949 3122 vel
1002 3066 1434 3122 denominata:
1501 3067 1780 3140 nunquid
1813 3099 1856 3152 ο

105 3150 322 3208 saltem
354 3151 472 3209 ista
515 3153 848 3210 litterarum
877 3155 1225 3228 superﬁcies
1257 3153 1554 3227 quiddam
1587 3155 1781 3212 simile

103 3244 526 3313 repraesentat.
575 3245 814 3314 Verum,
855 3244 1002 3315 quia
1039 3243 1216 3299 nobis
1267 3243 1426 3299 hanc
1477 3243 1781 3300 inscitiam

102 3329 320 3401 inuris,
356 3331 637 3403 nunquid
689 3336 746 3388 et
770 3332 995 3388 sanctis
1048 3333 1344 3399 Patribus,
1401 3349 1525 3388 non
1577 3335 1782 3390 minus

103 3419 315 3475 Graeca
342 3435 533 3493 quam
554 3421 762 3478 Latina
783 3422 1116 3478 eruditione
1143 3421 1585 3496 lampantibus,
1617 3423 1780 3482 idem

103 3505 345 3564 facinus
377 3507 714 3565 obtendes?
767 3526 1033 3583 quorum
1064 3516 1130 3568 ut
1173 3517 1420 3568 casteros
1480 3513 1780 3587 omittam)

105 3596 520 3669 Ambrosium,
581 3599 1036 3673 Hieronymum,
1092 3601 1524 3674 Augustinum,
1566 3606 1782 3673 Grego-

104 3686 282 3754 rium,
318 3687 639 3757 Isidorum,
692 3689 1091 3759 Fulgentium,
1140 3691 1569 3747 Cassiodorum
1601 3697 1781 3748 testes

105 3775 373 3832 veritatis
408 3776 692 3849 adhibeo,
743 3795 900 3851 quos
931 3781 1200 3836 Grteeam
1239 3780 1480 3836 novisse
1506 3780 1779 3851 linguam

109 3867 286 3936 atque
319 3864 653 3935 scientiam,
686 3866 891 3922 nullus
923 3867 1037 3923 nisi
1071 3868 1222 3924 nihil
1276 3869 1471 3924 sciens
1501 3870 1775 3939 ignorat;

107 3951 209 4023 qui
234 3968 454 4010 omnes
486 3953 604 4010 alio
663 3971 845 4012 sensu
893 3956 1064 4012 verbi
1113 3957 1389 4028 ejusdem
1444 3957 1778 4028 intelligen-

107 4040 249 4098 tiam
277 4049 752 4117 prosequuntur.
788 4049 937 4102 Nam
961 4051 1210 4102 sanctus
1233 4047 1584 4102 Ambrosius
1613 4048 1676 4102 in
1706 4063 1778 4103 eo

103 4127 231 4187 loco
260 4131 370 4190 ubi
400 4133 725 4206 Apostolus
774 4135 854 4191 ad
886 4135 1173 4208 Ephesios
1225 4135 1405 4192 dicit:
1457 4135 1778 4192 Prcedesti-

109 4233 258 4277 nans
286 4238 399 4279 nos
427 4224 492 4279 in
515 4224 898 4294 adoptionem
925 4226 1195 4293 ﬁliorum
1227 4241 1339 4295 per
1364 4227 1567 4281 Jesum
1603 4225 1778 4282 Chri-

107 4312 257 4366 stum
287 4312 351 4368 in
388 4312 584 4382 ipsum
633 4313 816 4384 (Eph.
849 4329 888 4383 I,
921 4314 998 4386 5).
1049 4315 1136 4370 Ita
1174 4315 1536 4386 exponendo
1569 4315 1776 4370 subse-

1908 481 2120 550 postea
2145 479 2556 535 substiterunt.

1979 569 2022 637 -ξο
2043 569 2110 624 Et
2126 566 2285 624 infra
2301 567 2633 640 (Id.,ibid.):
2659 565 2857 633 [Quod
2869 582 3010 622 cum
3027 563 3414 638 praedestinet
3433 577 3568 630 nos,

1908 655 2032 710 sive
2062 656 2362 728 praeﬁniat
2382 659 2538 713 Deus
2561 657 2621 712 in
2653 655 3046 728 adoptionem
3070 653 3332 709 ﬁliorum
3355 668 3463 725 per
3481 653 3572 707 Je-

1909 762 2049 801 sum
2072 745 2473 818 Christum.]-j-
2505 750 2568 804 Et
2588 750 2728 819 post
2754 743 3069 817 paululum
3095 761 3106 797 :
3128 744 3288 813 [Quae
3317 741 3570 810 laus,in-

1907 835 2354 908 quiunt,gloriae
2385 837 2589 907 gratiae
2608 835 2709 891 Dei
2732 835 2858 906 (Id.,
2885 834 3055 901 ibid.)
3079 837 3170 888 est
3200 831 3329 888 aliis
3351 830 3572 901 gratiﬁ-

1907 927 2032 980 cari
2054 925 2114 980 in
2126 924 2381 990 Christo,
2396 923 2545 982 alios
2573 925 2810 980 aeternis
2826 937 3198 995 praepareare
3217 918 3568 992 suppliciis.]

1979 1017 2022 1083 -ι-
2035 1017 2100 1069 In
2115 1013 2350 1070 eadem:
2366 1015 2581 1086 [Supra
2592 1014 2915 1070 secundum
2929 1013 3119 1082 placit
3128 1027 3224 1066 um
3241 1009 3568 1065 voluntatis

1908 1119 2030 1159 sua:
2058 1103 2300 1174 (Ep/LV,
2320 1107 2572 1170 5),nunc
2597 1101 2930 1158 secundum
2953 1100 3243 1173 placitum
3270 1113 3449 1154 suum
3465 1112 3569 1152 vo-

1907 1193 2136 1249 luntate
2147 1191 2863 1268 detracta,1rpodipwpov,id
2887 1188 3568 1260 estprwdestinationem

1906 1281 1968 1338 in
1999 1282 2390 1354 adoptionem
2427 1281 2691 1338 ﬁliorum
2719 1296 2831 1353 per
2882 1281 3090 1336 Jesum
3120 1277 3421 1333 Christum
3464 1290 3572 1346 po-

1907 1371 2045 1440 suit,
2072 1371 2170 1428 hic
2196 1386 2336 1427 vero
2363 1373 2632 1445 πρόθεσιν,
2663 1369 2726 1426 id
2755 1373 2844 1425 est
2875 1367 3362 1439 propositionem.
3413 1364 3572 1419 Inter

1907 1460 2498 1532 praedestinationem
2524 1464 2730 1516 autem
2759 1461 2817 1514 et
2840 1456 3239 1531 propositum,
3267 1453 3328 1510 hi
3354 1451 3460 1525 qui
3479 1467 3571 1508 so-

1906 1549 2030 1604 lent
2056 1549 2208 1606 inter
2235 1549 2423 1605 verba
2451 1548 2768 1618 discutere,
2810 1547 2927 1602 hoc
2958 1547 3236 1602 asserunt
3258 1543 3568 1609 interesse,

1912 1639 2081 1712 quod
2134 1639 2586 1712 praedestinatio
2638 1637 2896 1708 alicujus
2943 1635 3029 1692 rei
3079 1633 3271 1690 multo
3317 1634 3476 1700 ante,
3505 1628 3570 1684 in

1905 1734 2106 1785 mente
2138 1729 2270 1800 ejus
2297 1729 2403 1802 qui
2441 1728 2719 1796 destinet,
2751 1725 2901 1800 quid
2939 1725 3209 1782 futurum
3267 1721 3342 1777 sit
3368 1718 3568 1793 praaﬁ-

1905 1823 2077 1888 guret
2104 1839 2118 1887 ;
2151 1818 2530 1891 propositum
2553 1821 2776 1885 autem,
2795 1831 2936 1870 cum
2960 1815 3090 1884 jam
3121 1812 3319 1868 vicina
3341 1809 3417 1864 sit
3443 1825 3571 1864 ma-

1907 1906 2192 1976 chinatio,
2223 1911 2281 1962 et
2303 1921 2457 1978 pene
2487 1905 2911 1975 cogitationem
2938 1904 3226 1973 sequatur
3277 1893 3568 1965 effectus.)
3661 1907 3666 1912 ·

1974 1998 2017 2066 -ι-
2047 1995 2283 2052 Etinfra
2311 1995 2506 2065 (Hier.,
2532 1995 2704 2066 ibid.)
2728 2012 2741 2050 :
2773 1991 3008 2065 [Omnis
3030 1986 3400 2062 dispensatio
3426 2002 3566 2059 quas

1904 2089 2043 2140 ante
2067 2085 2370 2140 mundum
2403 2089 2460 2141 et
2484 2089 2698 2157 postea
2723 2099 2852 2140 esse
2880 2081 3060 2153 ccepit
3086 2080 3150 2134 in
3178 2077 3565 2146 mundo,tam

1901 2173 2296 2230 invisibilium
2325 2189 2513 2247 quam
2541 2172 2866 2229 visibilium
2883 2173 3315 2231 creaturarum,
3339 2165 3564 2221 adven-

1901 2267 2032 2320 tum
2065 2263 2161 2320 Dei
2185 2262 2291 2318 ﬁlii
2320 2261 2758 2336 pollicebatur.]

1978 2353 2022 2423 -ι-
2051 2355 2120 2408 Et
2149 2356 2288 2426 post
2315 2367 2516 2425 pauca
2547 2351 2681 2422 (Id.,
2707 2349 2853 2406 ibid.
2881 2348 2987 2421 Il):
3022 2343 3565 2420 [Considerandum

1903 2441 2071 2514 quod
2097 2446 2156 2499 et
2183 2441 2283 2498 hic
2310 2446 2668 2516 προώρισμος,
2702 2461 2790 2492 και
2818 2441 3064 2514 προθεσις
3111 2435 3176 2492 id
3224 2439 3314 2492 est
3337 2433 3566 2507 praede—

1900 2531 2161 2602 stinatio,
2193 2535 2252 2588 et
2299 2532 2681 2605 propositum
2733 2528 2915 2585 simul
2941 2526 3145 2602 posita
3173 2528 3335 2594 sunt,
3387 2523 3564 2594 juxta

1899 2619 2068 2691 quod
2111 2626 2404 2690 operatur
2431 2621 2635 2677 omnia
2685 2620 2839 2675 Deus
2867 2615 3193 2674 secundum
3244 2612 3562 2669 consilium

1899 2710 2230 2766 voluntatis
2253 2709 2424 2780 suam]

1970 2799 2013 2868 σι-
2044 2798 2206 2854 Idem
2235 2798 2298 2854 in
2330 2798 2486 2854 Isaia
2514 2801 2563 2867 (c
2593 2814 2676 2864 xx,
2707 2797 2785 2867 5),
2809 2795 2962 2852 libro
2990 2793 3190 2850 tertio:
3222 2789 3562 2864 [Quomodo

1899 2887 2061 2942 enim
2085 2887 2290 2957 vestis,
2316 2903 2454 2959 quae
2475 2887 2750 2943 humano
2782 2883 3079 2954 sanguine
3107 2884 3418 2938 cruentata
3449 2883 3562 2948 est,

1896 2975 2087 3031 lavari
2112 2992 2237 3032 non
2274 2981 2491 3048 potest,
2524 2977 2630 3032 sed
2658 2975 2878 3032 infecta
2910 2973 3203 3043 sanguine
3231 2970 3358 3040 igni
3398 2985 3562 3025 com-

1894 3065 2149 3132 buritur,
2178 3069 2246 3120 ut
2271 3065 2526 3120 macula:
2572 3081 2714 3119 cum
2755 3064 3117 3119 vestimento
3159 3059 3304 3115 foedi
3333 3056 3562 3113 cruoris

1893 3154 2226 3222 intereant;
2261 3153 2344 3210 sic
2374 3153 2603 3210 diaboli
2631 3153 2894 3209 violenta
2932 3148 3223 3224 praedatio
3249 3152 3308 3204 et
3337 3144 3558 3202 tumul-

1893 3248 1991 3300 tus
2042 3260 2113 3300 ac
2157 3244 2373 3314 turbae,
2419 3243 2644 3316 quibus
2673 3243 3015 3299 humanum
3057 3238 3170 3294 sibi
3223 3237 3561 3308 subjecerat

1893 3351 2107 3405 genus,
2142 3333 2432 3406 gehennae
2461 3332 2704 3402 ignibus
2733 3333 3033 3404 deputatae
3059 3329 3245 3401 sunt.]

1966 3425 2003 3491 -Ι-
2030 3423 2197 3480 Idem
2225 3424 2287 3480 in
2316 3423 2603 3480 Zacharia
2633 3422 2967 3495 propheta:
3001 3421 3020 3492 [
3050 3417 3222 3483 Quod
3252 3420 3451 3473 autem
3473 3430 3562 3471 se-

1894 3514 2165 3570 cundum
2196 3516 2324 3570 LXX
2341 3512 2600 3584 legimus
2633 3530 2646 3568 :
2677 3513 2756 3568 Et
2772 3526 3020 3582 pascam
3068 3524 3200 3566 oves
3250 3506 3559 3564 occisionis

1893 3605 1956 3660 in
2005 3609 2172 3660 terra
2203 3603 2504 3660 Chanaan
2547 3601 2826 3674 (Zachar.
2851 3619 2934 3669 ιι,
2968 3605 3047 3667 7),
3095 3599 3182 3656 sic
3223 3612 3558 3672 possumus

1891 3691 2220 3763 intelligere
2245 3692 2414 3765 quod
2439 3691 2737 3765 populum
2765 3689 3134 3758 Iudaeorum,
3167 3686 3272 3759 qui
3301 3685 3561 3742 destina-

1891 3786 1987 3837 tus
2017 3787 2106 3838 est
2141 3781 2344 3854 morti,
2376 3781 2438 3838 in
2486 3784 2610 3838 toto
2647 3779 2796 3838 orbe
2824 3779 3192 3851 dispersum,
3233 3776 3348 3831 hoc
3374 3776 3467 3830 est
3494 3772 3558 3828 in

1889 3875 2049 3927 terra
2097 3871 2387 3928 Chanaan
2435 3873 2616 3944 atque
2647 3868 2980 3939 gentilium,
3010 3868 3221 3938 pascat
3263 3862 3554 3920 Dominus

1889 3964 1947 4015 et
1975 3959 2201 4015 nutriat
2228 3959 2305 4016 ad
2330 3955 2822 4031 immolandum.]

1961 4048 1998 4114 ’ἰ-
2045 4047 2209 4102 Idem
2271 4045 2334 4102 in
2392 4046 2549 4102 Isaia
2597 4046 2667 4116 (c.
2698 4061 2848 4114 xxrv,
2888 4045 2960 4111 l),
2993 4043 3146 4098 libro
3179 4045 3390 4097 octavo
3423 4056 3436 4094 :
3466 4039 3556 4109 [Et

1889 4135 2312 4209 dispergentur
2329 4135 2700 4193 habitatores
2728 4135 2858 4206 ejus
2882 4133 2942 4190 in
2973 4133 3208 4188 diversa
3226 4131 3381 4200 loca,
3403 4145 3556 4202 prie-

1889 4226 2028 4282 miis
2059 4226 2155 4281 vel
2182 4225 2494 4299 suppliciis
2525 4225 2848 4297 destinati.]

1962 4318 2004 4387 -ι-
2030 4321 2177 4373 Item
2215 4316 2278 4372 in
2318 4316 2561 4372 Michaea
2594 4316 2664 4388 (c.
2696 4332 2777 4385 ιιι,
2809 4316 2865 4387 3)
2899 4331 2911 4370 :
2947 4315 3032 4386 [Et
3079 4313 3446 4369 satiaverunt
3491 4325 3554 4365 se

108 4398 341 4466 quitur:
383 4402 526 4472 [Hoc
556 4402 738 4459 diccit
760 4403 1104 4460 decrevisse
1152 4405 1341 4460 Deum
1373 4408 1437 4459 ut
1466 4404 1777 4460 credentes
1809 4453 1851 4473 τ,
1891 4407 2198 4471 carnibus,
2231 4411 2286 4464 et
2316 4406 2633 4463 incrassati
2661 4409 2822 4470 sunt,
2845 4409 2902 4461 et
2927 4403 3040 4459 sub
3073 4404 3202 4473 [al.,
3227 4401 3398 4471 sicut]
3421 4400 3553 4472 pin-

106 4484 164 4540 in
195 4488 502 4548 Christum
530 4491 966 4565 adoptarentur
1013 4493 1074 4548 in
1101 4493 1256 4549 ﬁlios
1289 4509 1326 4549 a
1353 4495 1471 4550 Deo
1502 4498 1566 4550 ut
1596 4499 1776 4566 caput
1808 4484 1852 4505 ν
1890 4496 2180 4566 guissima
2229 4496 2427 4553 hostia
2479 4494 2905 4552 interfectionis
2961 4497 3018 4547 et
3061 4496 3200 4546 sunt
3243 4489 3551 4563 suppliciis

107 4571 373 4646 ipsorum
401 4580 479 4636 sit
503 4581 772 4638 Christus
799 4597 983 4638 verus
1016 4582 1192 4638 Filius
1222 4583 1371 4654 Dei.]

176 4665 217 4734 -ι-
244 4669 309 4724 Et
330 4667 492 4725 infra
515 4685 528 4724 :
554 4669 574 4742 [
598 4671 674 4726 In
703 4685 820 4742 quo
842 4671 1183 4744 sortiti[al.,
1217 4678 1272 4728 et
1295 4687 1399 4728 nos
1421 4672 1584 4742 forte
1613 4688 1777 4729 cons-

115 4753 288 4828 tituti]
313 4773 543 4830 sumus,
564 4760 984 4829 praedestinati
1037 4763 1363 4818 secundum
1400 4763 1772 4831 propositum

115 4843 234 4915 Dei,
266 4851 369 4920 qui
396 4851 681 4906 universa
709 4853 959 4922 creavit,
983 4853 1308 4908 secundum
1336 4854 1650 4910 consilium
1682 4869 1776 4909 vo-

118 4930 358 4993 luntatis
381 4952 529 4994 suae.
572 4939 645 4994 Ut
675 4941 859 4996 simus
890 4943 953 4995 in
988 4941 1226 4997 laudem
1258 4943 1470 5012 gloriae
1494 4945 1622 5011 ejus
1644 4961 1769 5010 nos,

115 5021 211 5086 Qui
235 5032 372 5082 ante
401 5027 784 5096 speravimus
814 5029 878 5083 in
920 5027 1181 5084 Christo.
1219 5029 1342 5084 Hoc
1372 5035 1459 5084 est
1488 5029 1650 5098 quod
1681 5029 1770 5083 di-

117 5107 204 5171 cit,
236 5114 375 5184 quia
402 5115 781 5188 dispensatio
811 5117 1258 5189 praedicationis
1279 5117 1373 5172 his
1404 5118 1643 5173 decreta
1686 5124 1774 5174 est

117 5209 151 5248 θ.
197 5201 330 5270 Deo,
373 5205 479 5277 qui
519 5221 593 5262 ex
641 5206 863 5262 Judaais
905 5206 1288 5264 crediderunt
1329 5208 1388 5262 in
1435 5207 1765 5264 Christum:

117 5285 268 5343 unde
295 5291 498 5349 nullus
527 5308 601 5349 ex
631 5294 912 5364 gentibus
943 5295 1020 5352 ad
1043 5297 1384 5368 apostolum
1409 5296 1632 5352 electus
1654 5301 1764 5352 est:

118 5368 356 5441 dignum
385 5381 550 5439 enim
586 5387 714 5439 erat
742 5399 815 5440 ex
839 5384 933 5440 bis
983 5383 1119 5455 eligi
1166 5385 1612 5458 praedicatores,
1663 5387 1768 5458 qui

120 5465 246 5554 ante
273 5480 664 5540 speraverunt
695 5472 952 5530 salutem
1001 5489 1139 5547 qum
1166 5474 1280 5530 illis
1312 5474 1612 5548 promissa
1641 5480 1768 5531 erat

121 5552 174 5601 In
203 5552 470 5632 Christo.]

184 5641 224 5706 +
254 5644 644 5724 Hieronymus
669 5652 732 5708 iu
763 5654 1138 5726 expositione
1166 5657 1217 5725 ej
1229 5655 1440 5712 usdcm
1464 5654 1760 5728 Ερὶςῑοιω;

121 5729 518 5806 Προωριστεντος
553 5743 630 5802 ad
659 5759 762 5802 eos
803 5743 1055 5802 refertur
1101 5746 1205 5817 qui
1249 5749 1425 5804 antea
1472 5760 1597 5802 non
1640 5744 1762 5801 fue-

1889 4586 2127 4642 Domini
2147 4586 2516 4660 praeparati]

1958 4676 1996 4742 '1‘
2025 4675 2188 4731 Idem
2234 4675 2297 4730 in
2340 4674 2539 4730 Abdia
2581 4675 2658 4745 (c.
2688 4688 2728 4739 1,
2765 4675 2873 4741 I6),
2903 4672 3013 4743 [Ita
3058 4669 3354 4725 universae
3404 4681 3549 4736 gen-

1886 4768 1972 4820 tes
1993 4763 2089 4820 vel
2108 4763 2485 4820 fortitudines
2513 4761 2848 4832 contrariie,
2877 4758 3185 4832 suppliciis
3212 4754 3549 4826 delegata]

1955 4857 1998 4924 σξ-
2029 4853 2384 4909 Ambrosius
2407 4853 2470 4908 in
2497 4851 2803 4925 Epistolal
2832 4849 2911 4906 ad
2937 4848 3305 4906 Corinthios:
3331 4846 3548 4918 [Quam

1875 4943 2334 5012 praedestinavit
2395 4943 2543 4998 Deus
2598 4947 2741 4998 ante
2795 4939 3017 4996 saecula
3049 4939 3110 4993 in
3153 4937 3417 5008 gloriam
3447 4950 3550 4991 no-

1881 5039 2070 5089 stram
2117 5033 2175 5100 (I
2200 5031 2336 5088 Cor.
2370 5048 2430 5098 ιι,
2463 5037 2519 5099 7)
2555 5047 2566 5086 :
2602 5033 2801 5102 Usque
2849 5029 3002 5086 adeo
3048 5043 3191 5084 vera
3229 5026 3544 5100 sapientia,

1882 5125 1938 5175 et
1999 5137 2138 5176 cum
2189 5121 2308 5176 Deo
2353 5135 2592 5192 semper
2643 5118 2826 5175 fuisse
2874 5117 3233 5181 declaratur,
3282 5119 3350 5172 ut
3408 5119 3544 5170 ante

1882 5209 2105 5266 saecula
2163 5209 2592 5281 prtedestinata
2635 5210 2696 5264 iu
2753 5208 3006 5279 gloriam
3057 5213 3324 5263 nostram
3383 5203 3546 5258 dica-

1880 5304 1994 5368 tur,
2025 5301 2130 5371 qui
2177 5299 2542 5370 credimuus,
2583 5299 2874 5370 prmscius
2923 5297 3082 5352 enim
3117 5298 3270 5351 Deus
3313 5307 3544 5348 errores

1880 5391 2110 5443 futuros
2160 5389 2220 5444 in
2265 5389 2517 5454 mundo,
2563 5404 2747 5460 quem
2787 5390 2912 5442 erat
2966 5385 3234 5440 facturus
3280 5383 3395 5438 hoc
3437 5380 3542 5436 de-

1877 5477 2061 5533 crevit
2105 5476 2184 5533 ad
2235 5477 2657 5533 confusionem
2707 5475 2966 5540 illorum,
3017 5473 3121 5544 qui
3179 5471 3292 5527 sibi
3349 5469 3541 5526 stulti-

1875 5566 2019 5622 tiam
2077 5565 2436 5638 sapientiam
2482 5564 2694 5620 facturi
2722 5567 2893 5619 erant
2924 5565 3085 5630 (Sap.
3118 5577 3175 5628 v,
3209 5563 3287 5631 4),
3319 5558 3398 5614 ad
3439 5574 3542 5616 no-

1874 5662 2057 5711 stram
2122 5660 2324 5713 autem
2373 5655 2648 5727 gloriam,
2694 5654 2798 5727 qui
2849 5651 3130 5706 credituri
3182 5665 3425 5706 eramus
3483 5654 3542 5706 et

1874 5745 2216 5816 credimus.]
