3950 6368
316 259 449 314 im

1374 251 1432 307 S.
1472 245 1852 306 PRUDENTII
1888 245 2267 305 TRICINSIﬂ
2306 247 2640 307 EPISCOPI.

3611 252 3754 307 ιεοι

386 380 550 437 Idem
574 378 636 434 in
665 376 1039 450 expositione
1070 374 1376 444 Evangelii
1399 374 1559 433 beati
1601 375 1773 429 Lucae
1802 371 1878 441 (c.
1906 386 1968 435 ιι,
2000 374 2048 427 Α
2085 387 2169 437 re,
2195 371 2255 427 in
2282 388 2407 444 quo
2429 377 2565 429 ante
2586 372 2809 430 saacula
2836 389 2943 445 per
2979 373 3573 445 prmdestinationem
3604 388 3753 430 cana

314 471 383 524 25
429 468 581 539 seq.)
614 483 626 518 :
661 466 825 536 [Ecce
868 469 925 519 et
972 463 1211 519 Simeon
1259 462 1580 536 prophetat
1624 460 1687 516 in
1733 458 1973 516 ruinam

316 561 373 612 et
400 552 891 610 resurrectionem
927 549 1328 623 plurimorum
1381 549 1619 606 venisse
1651 547 1975 606 Dominum

315 646 522 699 Jesum
556 642 874 707 Christum,
902 644 969 694 ut
992 639 1317 710 justorum,
1350 638 1818 712 iniquorumque
1848 650 1974 693 me-

317 732 429 788 rita
474 731 794 794 discernat,
835 732 891 784 et
920 743 1031 800 pro
1078 732 1428 784 nostrorum
1457 726 1744 801 qualitate
1797 724 1977 781 facto~

316 837 473 883 rum,
502 818 687 890 judex
716 833 896 873 verus
917 820 973 878 et
998 817 1217 888 justus,
1242 821 1346 872 aut
1371 815 1668 890 supplicia
1695 813 1980 871 decernat

318 915 422 967 aut
449 908 717 981 praemia.

386 997 753 1067 Augustinus
783 996 845 1052 in
883 996 1037 1053 libro
1066 996 1140 1052 de
1171 994 1701 1052 Praedestinatione
1734 995 1977 1050 Sancto-

314 1103 452 1145 rum
499 1087 656 1159 (cap.
696 1090 785 1154 l7)
817 1102 831 1141 :
867 1085 1158 1152 Quocirca
1207 1083 1659 1157 praedestinatio
1689 1081 1809 1150 Dei,
1842 1095 1979 1153 quae

316 1176 378 1232 in
402 1176 568 1232 bono
599 1178 707 1243 est,
741 1174 948 1245 gratias
978 1179 1070 1231 est
1096 1172 1506 1247 praeparatio.]

388 1267 431 1335 -ιο
461 1264 649 1332 Idem,
680 1264 745 1319 in
797 1264 952 1320 libro
1003 1263 1078 1319 de
1126 1265 1294 1319 Dono
1336 1259 1792 1334 perseverantiae
1822 1258 1977 1332 (cap.

322 1354 449 1427 l7):
489 1356 759 1426 Namque
809 1353 873 1409 in
923 1368 1056 1417 sua,
1111 1367 1249 1425 quas
1297 1350 1419 1407 falli
1472 1350 1812 1422 mutarique
1858 1363 1984 1404 non

318 1446 534 1517 potest,
559 1442 957 1515 praescientia,
979 1456 1165 1514 opera
1192 1456 1303 1496 sua
1326 1440 1529 1496 futura
1557 1438 1898 1511 disponere,
1921 1436 1984 1492 id

320 1531 571 1588 omnino
600 1545 711 1586 nec
743 1530 907 1586 aliud
940 1530 1282 1602 quidquam
1313 1532 1404 1585 est
1439 1524 1911 1601 praedestinara]

391 1620 435 1689 ιι-
482 1618 669 1686 Idem,
718 1618 794 1674 de
844 1618 1367 1675 Praedestinatione
1423 1618 1779 1674 Sanctorum
1824 1618 1981 1686 (cap.

2087 460 2241 532 cepti
2270 478 2504 528 sumus,
2522 462 2603 517 ita
2623 466 2688 518 ut
2709 462 2887 518 creati
2909 477 3017 534 per
3048 461 3270 519 saecula
3292 461 3756 537 producamur.)

2155 551 2198 620 ει-
2226 549 2410 619 Idem,
2444 550 2506 607 in
2535 550 2797 607 Ezechiel
2824 550 3074 608 homilia
3103 552 3300 623 prima
3332 551 3520 624 partis
3564 555 3758 609 extre.

2084 654 2201 694 mas
2226 639 2406 711 (hom.
2446 642 2506 697 13
2534 647 2666 709 post
2696 641 2979 711 medium)
3013 658 3026 697 :
3060 642 3163 713 [Et
3184 642 3455 698 calamus
3482 641 3546 697 in
3586 655 3756 698 men-

2085 742 2232 785 sura
2259 729 2323 784 in
2348 744 2533 785 manu
2564 731 2713 799 ejus.
2734 732 2813 785 De
2837 732 3045 785 sancta
3075 729 3334 787 Ecclesia
3362 745 3469 802 per
3495 729 3759 803 prophe-

2087 818 2211 871 tam
2240 816 2426 873 alium
2454 817 2746 874 Dominus
2797 817 3111 890 pollicetur
3138 817 3344 874 dicens
3379 835 3392 873 ι
3424 819 3668 875 Orietur
3689 818 3759 874 in

2088 920 2156 961 ea
2182 906 2346 962 viror
2373 907 2598 963 calami
2621 908 2867 977 etjunci
2896 907 3031 978 (Isa.
3050 909 3306 979 xxxvﬂ).
3329 906 3501 973 Quod
3528 907 3592 962 in
3611 905 3753 963 loco

2090 993 2206 1050 alio
2263 995 2612 1067 exposuisse
2682 1011 2780 1051 me
2837 994 3132 1052 memini:
3183 1000 3250 1053 ut
3296 1012 3404 1069 per
3451 997 3759 1053 calamum

2089 1082 2426 1155 scriptores,
2454 1100 2564 1156 per
2583 1086 2842 1154 juncum
2874 1099 3018 1142 vero
3046 1084 3307 1143 debeant
3334 1085 3637 1141 auditores
3665 1084 3763 1140 in-

2089 1171 2271 1241 telligi
2299 1191 2312 1240 ;
2345 1173 2449 1229 sed
2494 1173 2640 1246 quia
2683 1174 2760 1231 ad
2792 1174 3113 1231 humorem
3139 1190 3315 1247 aquas
3346 1179 3403 1230 et
3425 1174 3647 1246 juncus
3699 1177 3764 1230 et

2089 1259 2360 1319 calamus
2408 1262 2575 1319 nasci
2630 1261 2798 1326 solet,
2831 1266 2889 1319 et
2935 1278 3010 1320 ex
3053 1278 3177 1320 una
3225 1263 3560 1336 eademque
3590 1276 3761 1335 aqua

2092 1355 2346 1423 utraque
2389 1352 2707 1424 proﬁciunt
2744 1371 2754 1407 :
2787 1358 2842 1409 ut
2884 1354 3155 1413 calamus
3201 1354 3453 1427 quidem
3497 1353 3577 1410 ad
3608 1353 3759 1408 serie

2091 1439 2361 1497 bendum
2383 1441 2729 1507 assumitur,
2752 1457 2891 1498 cum
2910 1443 3098 1512 junco
3118 1459 3262 1498 vero
3303 1441 3481 1499 scribi
3501 1457 3626 1498 non
3651 1455 3765 1514 ρον

2092 1532 2227 1593 test;
2246 1529 2396 1601 quid
2410 1529 2472 1585 in
2488 1530 2676 1601 junco
2692 1535 2744 1586 et
2767 1530 3000 1587 calamo
3019 1531 3288 1603 accipere
3309 1531 3627 1598 debemus,
3640 1528 3765 1585 nisi

2093 1617 2263 1691 quod
2283 1634 2406 1675 una
2425 1622 2513 1675 est
2537 1619 2810 1674 doctrina
2832 1619 3094 1675 veritatis
3114 1636 3252 1692 quas
3280 1620 3501 1676 multos
3521 1619 3763 1677 audito-

328 1707 416 1779 16)
449 1724 462 1762 :
494 1708 797 1778 [Legimus
825 1708 888 1763 in
934 1707 1179 1763 Actibus
1225 1705 1635 1778 apostolorum
1670 1723 1681 1759 :
1718 1703 1868 1760 Cum
1899 1703 1985 1758 di-
2012 1722 2057 1776 Β
2093 1723 2189 1762 res
2218 1706 2471 1778 irrigat?
2501 1706 2615 1764 Sed
2635 1707 2860 1773 irrigati
2891 1707 2992 1763 alii
3012 1708 3090 1764 ad
3116 1708 3232 1764 hoc
3262 1724 3454 1780 usque
3483 1708 3545 1764 in
3572 1707 3769 1764 verba

322 1798 490 1852 missi
525 1810 562 1852 a
590 1797 821 1853 Judwis
851 1798 1114 1866 apostoli
1142 1798 1431 1853 venissent
1463 1795 1545 1852 ad
1563 1808 1721 1862 suos,
1748 1798 1803 1848 et
1826 1793 1982 1848 indi-

326 1890 556 1943 cassent
584 1890 815 1956 quanta
842 1887 922 1942 eis
945 1885 1280 1942 sacerdotes
1308 1891 1363 1942 et
1392 1884 1652 1941 seniores
1697 1882 1985 1938 dixerunt

326 1974 457 2045 [al.,
497 1973 836 2048 dixissent],
872 1975 1224 2031 levaverunt
1273 1974 1374 2030 illi
1424 1987 1621 2029 vocem
1674 1971 1985 2027 unanimes

326 2079 524 2121 omnes
569 2065 649 2121 ad
699 2066 1041 2132 Dominum,
1074 2071 1129 2122 et
1159 2065 1446 2121 dixerunt
1483 2080 1496 2119 ε
1526 2065 1795 2129 Domine,
1832 2066 1897 2117 tu
1926 2075 1986 2116 es

327 2155 433 2226 qui
458 2154 663 2223 fecisti
687 2157 901 2212 ccetum
923 2160 977 2211 et
1007 2160 1232 2211 terram
1260 2160 1315 2210 et
1334 2168 1520 2220 mare,
1546 2158 1601 2210 et
1627 2152 1830 2209 omnia
1855 2165 1987 2222 quae

328 2244 391 2298 in
415 2244 496 2300 cis
526 2249 687 2311 sunt,
720 2246 827 2315 qui
862 2258 973 2312 per
1000 2258 1062 2299 os
1106 2245 1305 2312 patris
1351 2243 1545 2299 nostri
1571 2241 1765 2301 David
1792 2240 1990 2300 sancti

321 2346 502 2402 pueri
560 2334 651 2389 tui
705 2333 963 2389 dia-isti:
992 2332 1191 2400 Quare
1236 2333 1616 2402 fremuerunt
1660 2336 1884 2402 gentes,
1932 2334 1986 2384 et

326 2422 542 2491 pepuli
586 2422 863 2478 meditati
909 2427 1049 2477 sunt
1101 2423 1313 2479 inania
1367 2438 1382 2477 :
1426 2421 1764 2477 Astiterunt
1822 2432 1988 2487 reges

332 2516 529 2580 terrae,
553 2517 607 2567 et
632 2511 941 2581 principes
969 2515 1378 2567 convenerunt
1409 2510 1473 2565 in
1494 2525 1681 2567 unum
1703 2509 1989 2567 adversus

330 2601 672 2663 Dominum,
696 2606 754 2658 et
780 2602 1069 2657 adversus
1097 2601 1405 2658 Christum
1462 2601 1591 2668 ejus
1621 2599 1811 2666 (Psal.
1839 2613 1901 2668 ιι,
1939 2597 1988 2664 l,

329 2690 406 2761 2).
442 2691 863 2748 Convenerunt
917 2692 1072 2747 enim
1119 2692 1183 2746 in
1232 2691 1484 2746 veritate
1514 2690 1575 2747 in
1607 2689 1848 2745 civitate
1874 2687 1990 2743 ista

331 2781 618 2837 adversus
669 2787 943 2838 sanctum
997 2796 1260 2851 puerum
1326 2786 1495 2836 tuum
1540 2781 1765 2848 Jesum,
1818 2791 1990 2849 quem

331 2871 584 2938 unxisti,
611 2871 881 2927 Herodes
915 2877 966 2928 et
993 2872 1253 2939 Pilatus,
1286 2875 1341 2926 et
1366 2869 1630 2939 populus
1658 2868 1869 2936 Israel,
1897 2867 1993 2934 fa-

331 2973 463 3015 cere
488 2966 720 3030 quanta
749 2975 963 3016 manus
995 2967 1100 3016 tua
1114 2965 1179 3016 ἐἰ
1202 2960 1519 3015 consilium
1535 2955 1991 3027 praedestinavit

326 3049 466 3117 ﬁeri
494 3049 646 3119 (Act.
679 3064 755 3112 iv,
774 3054 864 3113 27,
898 3050 1010 3121 29).
1046 3052 1191 3104 Ecce
1216 3047 1382 3120 quod
1410 3048 1639 3137 dictum
1669 3049 1757 3101 est
1782 3060 1994 3101 secun-
2023 3080 2065 3137 ο

331 3137 480 3192 dum
535 3138 922 3207 Evangelium
980 3138 1230 3212 quidem
1286 3136 1514 3193 inimici
1583 3139 1830 3209 propter
1882 3151 1992 3191 vos

331 3226 522 3298 (Rom.
552 3243 634 3294 x1,
683 3228 805 3298 28);
840 3232 1006 3285 tanta
1054 3227 1283 3300 quippe
1340 3226 1419 3282 ab
1448 3224 1706 3283 inimicis
1751 3223 1993 3293 Iudaeis,

330 3331 547 3372 manus
576 3318 688 3373 Dei
709 3323 767 3373 et
797 3320 1112 3374 consilium
1136 3316 1588 3386 praedestinavit
1616 3315 1771 3385 fieri,
1804 3327 1996 3385 quan-

333 3408 395 3461 ta
425 3405 772 3461 necessaria
800 3405 1044 3463 fuerunt
1067 3404 1389 3475 Evangelio
1420 3409 1665 3476 propter
1691 3402 1853 3472 nos.)

406 3495 449 3562 -ι-
482 3492 592 3548 Ubi
620 3495 676 3550 S.
709 3495 1081 3563 Augustinus
1107 3493 1169 3549 in
1197 3493 1541 3550 testimonio
1570 3496 1827 3551 Actuum
1853 3506 1998 3563 apo-

336 3581 626 3636 stolorum
665 3582 867 3654 posuit
907 3583 1388 3652 praedestinavit,
1419 3581 1501 3637 ibi
1544 3580 1732 3639 nostri
1760 3579 1998 3637 codices

335 3669 563 3726 habent
590 3671 871 3728 decrevit.

410 3759 573 3815 Idem
596 3760 669 3815 de
686 3760 897 3816 Genesi
918 3760 998 3816 ad
1018 3759 1128 3817 litt.
1145 3759 1248 3817 lib.
1266 3776 1321 3816 Ix
1341 3759 1412 3831 (c.
1426 3759 1501 3830 4):
1525 3759 1667 3830 [Cur
1685 3772 1829 3827 ergo
1850 3755 2001 3813 coie~

336 3853 495 3915 runt,
510 3848 624 3903 nisi
641 3865 781 3904 cum
803 3850 1065 3905 exissent
1083 3849 1157 3904 de
1171 3848 1485 3922 paradiso?
1506 3847 1631 3904 Cito
1646 3845 2001 3918 responderi

337 3942 550 4010 potest:
566 3939 710 4010 quia
720 3943 1091 4005 mox,creata
1104 3938 1370 4010 muliere,
1384 3937 1738 4011 priusquam
1753 3936 1998 4004 coirent,

338 4026 497 4083 facta
518 4033 610 4083 est
628 4027 731 4084 illa
752 4029 1177 4100 transgressio,
1205 4029 1381 4100 cujus
1402 4027 1615 4083 merito
1652 4026 1715 4081 in
1744 4029 2001 4083 mortem

340 4115 681 4184 destinavit,
713 4117 895 4173 etiam
926 4118 1000 4173 de
1026 4118 1156 4173 loco
1180 4117 1337 4173 illius
1366 4116 1660 4173 felicitatis
1688 4115 2004 4188 exierunt.)

411 4206 454 4274 -ι-
512 4205 826 4275 Gregorius
873 4207 934 4261 in
984 4206 1304 4262 Moralibus
1359 4204 1515 4262 libro
1560 4221 1744 4262 xxvui
1786 4206 1861 4275 (c.
1896 4204 1999 4273 6):

342 4292 539 4364 [Quod
567 4293 791 4349 idcirco
813 4310 849 4350 a
876 4295 1127 4351 Domino
1152 4296 1282 4365 jam
1308 4294 1484 4366 quasi
1512 4294 1878 4367 prmieritum
1903 4294 2002 4355 de-

2097 1795 2199 1852 Dei
2223 1795 2567 1868 proﬁciunt,
2598 1800 2662 1853 ut
2690 1797 2875 1854 etiam
2907 1795 3230 1869 scriptores
3286 1795 3457 1863 ﬁant,
3487 1796 3775 1852 videlicet

2095 1892 2389 1958 tanquam
2423 1886 2678 1953 calami;
2711 1886 2809 1942 alii
2838 1901 2984 1943 vero
3012 1886 3267 1942 verbum
3298 1887 3432 1942 vitae
3485 1885 3769 1951 audiunt,

2093 1976 2271 2033 bonae
2300 1976 2427 2048 spei
2447 1981 2504 2033 et
2522 1982 2823 2032 rectorum
2854 1991 3109 2048 operum
3138 1975 3496 2031 viriditatem
3527 1978 3764 2031 tenent:

2096 2065 2204 2122 sed
2251 2069 2453 2125 tamen
2508 2063 2586 2121 ad
2632 2064 3020 2121 scribendum
3066 2064 3359 2137 proﬁcere
3413 2062 3767 2119 nullatenus

2094 2159 2350 2226 possunt
2374 2172 2388 2222 ;
2420 2153 2481 2210 hi
2510 2152 2659 2226 quid
2688 2152 2748 2213 in
2780 2169 2942 2226 aqua
2971 2154 3093 2216 Dei,
3122 2152 3236 2208 nisi
3284 2151 3535 2225 quidam
3568 2152 3656 2224 (ut
3682 2151 3770 2208 ita

2096 2245 2317 2315 dicam)
2341 2244 2509 2315 junci
2543 2246 2702 2314 sunt,
2730 2244 2836 2315 qui
2866 2243 3016 2316 quid
3044 2241 3584 2299 viridescendendo
3623 2257 3767 2315 proo

2094 2333 2327 2402 ﬁciunt,
2360 2333 2467 2390 sed
2496 2333 2721 2389 litteras
2749 2332 3085 2406 exprimere
3114 2347 3507 2405 nequaquam
3536 2330 3766 2394 valent.

2098 2422 2464 2495 Redemptor
2513 2422 2694 2491 igitur
2732 2426 2952 2491 noster,
3003 2421 3151 2493 quia
3194 2420 3383 2477 verba
3428 2436 3567 2493 quae
3611 2418 3771 2475 dixit

2099 2511 2279 2567 etiam
2312 2526 2419 2583 per
2449 2510 2768 2566 doctorum
2816 2510 3086 2568 studium
3140 2509 3319 2566 scribi
3366 2509 3616 2579 largitus
3649 2512 3762 2578 est,

2098 2600 2162 2657 in
2189 2616 2380 2658 manu
2408 2599 2715 2657 calamum
2745 2600 2954 2669 tenuit,
3002 2599 3109 2672 qui
3156 2598 3427 2657 calamus
3464 2612 3763 2654 mensurae

2100 2690 2317 2747 dicitur
2351 2708 2365 2758 ;
2398 2689 2543 2763 quia
2585 2689 2721 2763 ipsa
2750 2690 2881 2760 [al.,
2924 2691 2985 2745 in
3033 2689 3189 2762 ipsa]
3220 2688 3537 2746 doctorum
3567 2686 3766 2745 studia

2103 2781 2219 2838 sub
2247 2780 2517 2853 quadam
2550 2779 2765 2836 occulti
2790 2778 3001 2850 judicii
3033 2779 3485 2851 dispensatione
3508 2778 3768 2834 retinens

2104 2879 2198 2925 tur
2221 2870 2350 2941 [al.,
2383 2869 2766 2941 detinentur],
2800 2875 2862 2925 ut
2889 2875 2946 2925 et
2973 2868 3106 2925 aliis
3148 2868 3485 2939 legentibus
3509 2867 3767 2939 prosint,

2102 2963 2159 3015 et
2188 2958 2319 3014 aliis
2362 2957 2702 3027 legentibus
2732 2957 3021 3030 prodesse
3079 2973 3206 3014 non
3233 2957 3487 3030 possint.
3520 2956 3689 3013 Unde
3711 2959 3773 3013 et

2104 3049 2295 3105 sancti
2349 3048 2626 3122 apostoli,
2679 3065 2820 3105 cum
2871 3049 3226 3118 magistram
3276 3047 3596 3104 Veritatem
3653 3046 3771 3103 sibi

2104 3138 2367 3211 apertius
2432 3137 2781 3211 loquentem
2844 3138 3234 3210 requirerent,
3290 3152 3398 3193 cur
3466 3135 3657 3192 turbis
3706 3135 3769 3192 in

2103 3226 2412 3300 parabolis
2464 3226 2829 3299 loqueretur,
2885 3226 3226 3289 audierunt,
3270 3226 3412 3298 quia
3455 3225 3619 3282 vobis
3660 3225 3770 3283 da-

2105 3322 2230 3372 tum
2287 3322 2369 3373 est
2427 3331 2597 3372 nosse
2642 3317 2996 3387 mysterium
3053 3318 3230 3387 regni
3281 3316 3590 3383 caelorum,
3642 3315 3772 3371 illis

2105 3412 2304 3462 autem
2359 3421 2479 3461 non
2526 3405 2768 3476 (Matth.
2809 3421 2933 3475 xm,
2983 3406 3088 3477 ll).
3138 3404 3239 3461 Vel
3282 3409 3441 3461 certe
3495 3402 3771 3461 calamus

2105 3510 2410 3550 mensuras
2463 3497 2573 3565 est,
2623 3493 2769 3564 quia
2815 3493 2877 3548 in
2934 3493 3067 3566 ipso
3122 3508 3293 3549 sacro
3350 3493 3482 3564 ejus
3533 3491 3774 3565 eloquio

2106 3581 2275 3654 quod
2325 3580 2502 3637 nobis
2555 3580 2964 3653 conscriptum
3015 3585 3125 3649 est,
3181 3580 3445 3638 occultas
3501 3595 3631 3637 esse
3686 3579 3775 3636 di-

2110 3668 2527 3741 spensationes
2571 3669 2701 3739 ejus
2751 3668 3160 3739 agnoscimus.
3193 3672 3344 3727 Nam
3392 3683 3500 3741 per
3542 3667 3774 3725 incom-o

2107 3756 2516 3831 prehensibile
2563 3757 2693 3828 ejus
2723 3756 3044 3828 judicium,
3071 3762 3129 3814 et
3170 3757 3318 3814 alter
3347 3757 3505 3815 intra
3532 3773 3773 3814 mensis-

2109 3864 2242 3905 ram
2290 3847 2617 3903 electorum
2668 3847 2941 3918 mittitur,
2969 3852 3027 3904 et
3077 3848 3225 3904 alter
3281 3848 3445 3904 foras
3494 3847 3775 3920 relinquis

2110 3942 2225 4006 tur,
2261 3941 2327 3994 ut
2353 3935 2519 3992 nullo
2549 3936 2737 3993 modo
2785 3937 2865 3993 ad
2921 3936 3249 3993 electorum
3293 3954 3619 3993 numerum
3643 3952 3776 4010 pera

2113 4026 2297 4082 tinere
2342 4030 2664 4083 mereatur.
2710 4025 2897 4083 Habet
2922 4041 3066 4095 ergo
3110 4025 3470 4097 funiculum,
3508 4026 3775 4083 habetin

2111 4133 2302 4175 manu
2330 4114 2638 4173 calamum
2659 4132 2979 4173 mensuras.
3007 4116 3119 4182 Qui
3147 4117 3311 4173 enim
3334 4116 3667 4183 funiculum
3693 4115 3779 4172 lo-

2112 4223 2252 4263 cum
2302 4206 2560 4276 metitur,
2593 4205 2738 4263 alibi
2784 4205 3124 4263 funiculum
3170 4206 3372 4277 trahit,
3394 4205 3637 4263 aliunde
3686 4221 3779 4263 res

2113 4296 2315 4357 trahit,
2338 4299 2395 4351 et
2421 4295 2541 4350 huc
2562 4294 2745 4363 ducit,
2768 4312 2954 4368 quem
2984 4295 3231 4357 aliunde.
3250 4295 3555 4352 subducit.
3579 4294 3670 4352 Sic
3687 4293 3775 4350 ni.-

342 4383 638 4484 scribitur,
654 4384 1138 4486 .quiaﬁquidquid
1168 4385 1328 4442 foras
1358 4386 1626 4485 futurum
1649 4388 1743 4440 est
1769 4385 1831 4486 in
1861 4398 2004 4456 ope-
2030 4431 2081 4486 Β
2117 4384 2338 4442 mirum
2369 4385 2455 4440 sic
2485 4384 2847 4486 Dedemptor
2876 4389 3085 4442 noster
3112 4385 3171 4442 in
3205 4385 3552 4442 collectione
3579 4383 3771 4484 homin

341 4490 427 4542 re,
455 4474 616 4529 intus
643 4474 768 4546 jam
797 4475 1024 4531 factum
1054 4482 1143 4530 est
1164 4476 1224 4531 in
1250 4474 1826 4547 praedamnatione.)

415 4565 456 4633 -ι-
488 4562 653 4619 ldem
699 4564 760 4619 in
790 4564 893 4620 lib.
924 4581 1027 4619 xxx
1075 4564 1147 4635 (c.
1176 4563 1278 4620 ult.
1329 4563 1443 4620 sub
1470 4562 1675 4633 ﬁnem)
1710 4579 1723 4618 :
1753 4563 2004 4626 [Arcum

341 4667 611 4725 namque
637 4667 811 4710 suum
834 4654 1124 4710 Dominus
1155 4653 1427 4724 tetendit,
1446 4651 1591 4725 quia
1611 4652 1843 4708 cunctis
1870 4666 2006 4724 pec-

343 4743 647 4800 catoribus
669 4760 778 4817 per
808 4745 1175 4817 Scripturam
1200 4759 1439 4801 sacram
1466 4742 1666 4799 minas
1696 4741 2005 4809 exhibuit;

343 4833 405 4889 in
434 4850 559 4907 quo
586 4850 733 4890 arcu
763 4834 983 4891 scilicet
1012 4850 1161 4891 vasa
1203 4834 1413 4890 mortis
1455 4838 1760 4907 praeparat
1791 4849 1805 4891 :
1839 4832 2006 4904 quia,

345 4926 681 4981 secundum
733 4925 955 4998 eloquii
1007 4924 1100 4980 sui
1155 4924 1536 4989 sententiam,
1568 4939 1672 4979 eos
1700 4922 1807 4995 qui
1846 4937 2011 4980 nunc

346 5012 565 5082 corrigi
586 5013 914 5083 negligant,
939 5014 1233 5085 reprobos
1264 5012 1564 5083 damnat.]

417 5104 460 5172 -ι-
486 5103 650 5158 Idem
682 5104 881 5174 (Ibid.,
908 5121 1007 5171 xv,
1038 5120 1172 5177 cap.
1200 5105 1291 5176 30)
1325 5122 1339 5157 :
1382 5105 1550 5175 [Ante
1578 5101 2011 5175 omnipotentis

350 5192 451 5248 Dei
482 5192 690 5250 oculos
719 5193 909 5266 iniqui
938 5194 1057 5249 vita
1076 5194 1279 5250 favilla
1299 5198 1419 5261 est;
1443 5194 1607 5266 quia,
1629 5193 1737 5249 etsi
1758 5194 2013 5265 apparet

349 5281 430 5338 ad
456 5287 835 5338 momentum
864 5282 1091 5351 viridis,
1119 5282 1197 5339 ab
1226 5283 1355 5354 ejus
1386 5288 1589 5340 tamen
1631 5282 1859 5353 judicio
1881 5282 2010 5352 jam

352 5376 715 5444 consumpta
746 5372 1041 5428 cernitur:
1067 5372 1213 5445 quia
1249 5371 1694 5445 consumptioni
1723 5377 1812 5428 est
1842 5375 2011 5427 aster-

351 5475 446 5515 naa
472 5460 809 5533 deputata}

425 5551 467 5618 ι)-
498 5548 663 5605 Idem
693 5551 861 5620 (Ibid.
888 5551 928 5608 l.
958 5567 1080 5619 xw,
1114 5567 1166 5606 c.
1187 5550 1282 5617 28)
1308 5568 1320 5606 :
1346 5552 1432 5622 [In
1459 5554 1628 5607 utero
1658 5555 1859 5606 autem
1881 5566 2017 5624 pro~

354 5633 441 5688 les
462 5638 816 5709 concipitur,
833 5658 969 5713 quae
990 5642 1051 5696 in
1080 5641 1195 5696 hac
1223 5641 1345 5696 vita
1374 5640 1729 5713 proferatur.
1756 5640 1908 5706 Quid
1929 5657 2016 5697 er~

361 5732 438 5786 80
459 5726 695 5781 uterum
709 5727 828 5799 Dei,
850 5729 966 5784 nisi
986 5730 1117 5800 ejus
1140 5730 1458 5788 consilium
1473 5730 1771 5789 debemus
1788 5730 2019 5802 accipe—

2116 4492 2264 4532 num
2295 4475 2456 4544 facit,
2502 4474 2652 4530 dum
2685 4475 2836 4532 alios
2865 4492 2903 4532 a
2933 4475 3062 4531 suis
3107 4475 3526 4548 iniquitatibus
3550 4473 3768 4543 educit,

2117 4563 2266 4619 alios
2284 4564 2344 4618 in
2364 4579 2475 4619 sua
2500 4562 2814 4636 iniquitate
2837 4563 3215 4634 derelinquit.
3234 4568 3300 4619 In
3323 4564 3419 4619 his
3440 4564 3601 4621 enim
3622 4578 3772 4636 quos

2117 4652 2394 4721 colligere
2410 4651 2696 4722 dignatus
2716 4657 2827 4717 est,
2844 4652 3093 4708 occultas
3114 4668 3415 4709 mensurae
3438 4652 3769 4709 funiculum

2116 4742 2311 4807 traxit,
2343 4744 2401 4797 et
2429 4740 2507 4796 ab
2537 4740 2631 4796 his
2656 4755 2812 4811 quos
2835 4739 3342 4813 derelinquendos
3370 4757 3504 4798 esse
3547 4741 3771 4814 judica-

2117 4831 2217 4897 vit,
2239 4829 2388 4902 quid
2419 4828 2583 4886 aliud
2613 4828 2729 4886 nisi
2757 4828 3093 4885 funiculum
3140 4831 3425 4887 retraxit?
3448 4834 3519 4888 Ut
3546 4834 3605 4888 et
3632 4830 3773 4903 poni

2119 4921 2275 4977 intra
2304 4934 2655 4976 mensuram
2682 4919 2937 4976 ccelestis
2963 4919 3207 4975 fabricae
3226 4923 3522 4988 teneatur,
3554 4924 3613 4976 et
3635 4920 3774 4977 mali

2120 5015 2284 5068 extra
2304 5010 2619 5081 fabricam,
2646 5010 2709 5066 in
2734 5011 2957 5083 quibus
2985 5010 3152 5066 bona
3180 5025 3322 5083 quae
3366 5009 3779 5069 existimentur

2121 5103 2252 5173 [al.,
2286 5100 2684 5172 aestimantur]
2734 5116 2858 5156 non
2913 5104 3069 5167 sunt,
3111 5100 3257 5173 quia
3315 5099 3443 5155 sine
3494 5114 3775 5159 mensura

2119 5192 2490 5246 remaneant.
2536 5188 2711 5245 Hunc
2756 5188 3118 5259 funiculum,
3170 5194 3229 5245 et
3272 5204 3575 5246 mensurae
3629 5188 3779 5246 cala~

2121 5296 2289 5335 mum
2340 5279 2403 5334 in
2443 5294 2632 5335 manu
2657 5294 2767 5334 sua
2796 5277 3159 5350 Redemptor
3183 5282 3387 5335 noster
3414 5278 3622 5346 tenuit,
3644 5293 3777 5334 cum

2121 5367 2374 5424 Paulum
2401 5366 2744 5439 apostolum
2792 5382 2901 5440 per
2939 5371 3334 5440 apparentem
3360 5366 3559 5423 virum
3602 5369 3776 5422 Maces

2123 5458 2350 5515 donem
2406 5457 2739 5515 admonere
2790 5457 3078 5527 dignatus
3142 5462 3248 5526 est,
3311 5458 3391 5514 ita
3446 5461 3513 5514 ut
3568 5457 3772 5513 iisdem

2122 5549 2364 5606 Macedo
2395 5548 2488 5604 vir
2547 5548 2768 5605 diceret
2800 5564 2813 5602 :
2853 5549 3171 5606 Transiens
3203 5549 3431 5620 adjuva
3472 5563 3583 5605 nos
3626 5547 3771 5617 (Act.

2123 5656 2247 5707 xv1,
2297 5639 2373 5709 9).
2424 5641 2492 5694 Et
2534 5642 2738 5694 tamen
2797 5637 3066 5695 volentes
3134 5637 3444 5711 apostolos
3496 5637 3628 5708 [al.,
3682 5651 3773 5693 vo—

2124 5728 2389 5787 lentibus
2412 5728 2730 5803 apostolis}
2755 5727 2835 5796 ad
2866 5728 3326 5802 praedicandum
3354 5727 3444 5786 ire
3466 5727 3533 5785 in
3557 5726 3769 5793 Asiam,
