3950 6406
200 290 337 349 1309

1141 296 1232 349 ne
1270 291 1947 355 PREDIESTINA'HONE
1972 291 2263 384 eoum
2304 302 2353 357 J.
2398 302 2691 361 suorum.

3498 314 3636 371 1310

194 427 318 469 non
342 411 615 506 permisit
648 413 898 506 Spiritus
950 414 1187 475 Domini
1218 419 1412 489 (Ibid,
1444 420 1520 489 7).
1580 416 1737 484 Quid
1754 419 1859 506 est
1886 418 1933 471 A
1954 422 2047 474 rat
2076 437 2087 485 ;
2111 420 2371 497 ideoque
2390 442 2513 483 non
2534 430 2978 501 praevisionem,
2996 431 3103 491 sed
3130 434 3634 506 properationem

193 501 361 574 quod
411 501 604 563 sancti
634 503 918 574 apostoli,
959 510 1017 562 et
1058 506 1141 567 ibi
1166 512 1461 565 vocantur
1488 508 1571 564 ire
1606 506 1708 564 ubi
1738 505 1857 562 for-

192 594 356 646 tasse
384 606 632 663 pergere
657 608 782 649 non
814 594 1179 665 cogitabant,
1221 602 1280 653 et
1304 597 1445 653 illuc
1474 597 1575 655 ubi
1620 594 1858 653 deside-

194 678 417 737 rabant
443 697 713 754 pergere,
741 682 824 738 ire
853 684 1291 755 prohibentur?
1322 687 1443 743 Nisi
1465 688 1610 759 quia
1640 686 1863 742 occulti

182 771 415 840 judicii
432 773 771 841 funiculus,
798 778 856 831 et
887 790 1180 835 mensurae
1206 780 1482 834 calamus
1514 783 1749 834 tenetur
1796 776 1860 831 in

194 876 419 921 manu:
451 866 514 919 ut
541 861 641 919 alii
680 862 869 920 verba
895 864 1028 923 vita:
1061 866 1336 937 audiant,
1363 874 1421 924 et
1454 867 1553 924 alii
1609 865 1860 923 nullate-

194 964 312 1009 nus
339 950 549 1010 audire
571 955 957 1010 mereantur?
987 955 1321 1013 Funicutus
1376 973 1520 1028 ergo
1564 968 1863 1013 mensurae

195 1045 301 1105 est,
334 1039 437 1112 qui
460 1040 579 1097 alio
602 1045 827 1099 tractus
857 1048 965 1114 est,
997 1044 1240 1102 aliunde
1275 1051 1591 1103 retractus.
1639 1047 1861 1101 Sancto

193 1142 442 1203 quoque
476 1132 797 1199 Evangelia
840 1137 982 1190 teste
1022 1135 1152 1204 [at.,
1208 1137 1501 1206 testante],
1536 1134 1861 1190 didicimus

193 1217 363 1288 quod
390 1219 549 1277 venit
585 1220 689 1293 qui
719 1220 979 1278 diceret:
1025 1225 1335 1294 Magister,
1368 1241 1586 1297 sequar
1632 1229 1687 1279 te
1721 1238 1866 1294 quo-

197 1320 435 1377 cunque
472 1310 634 1367 ieris.
687 1310 793 1366 Cui
835 1327 1201 1384 responsum
1230 1321 1351 1370 est:
1393 1316 1607 1385 Vulpes
1656 1315 1865 1383 foveas

192 1395 440 1462 habent,
475 1404 530 1454 et
560 1400 829 1457 volucres
851 1403 988 1458 ου)ιί
1006 1404 1199 1470 nidos,
1223 1406 1418 1460 Filius
1448 1410 1648 1460 autem
1684 1401 1869 1457 homi‘

190 1485 291 1540 nis
320 1501 441 1542 non
474 1486 653 1544 habet
682 1488 785 1543 ubi
811 1496 997 1560 caput
1020 1508 1192 1549 suum
1220 1495 1492 1550 reclinet.
1528 1491 1698 1548 Venit
1720 1490 1868 1546 alter

193 1574 302 1645 qui
322 1573 582 1633 diceret:
611 1578 920 1649 Magister,
941 1583 1070 1639 sine
1091 1599 1183 1639 me
1207 1586 1469 1653 primum
1497 1585 1606 1652 ire,
1631 1589 1684 1638 et
1713 1595 1871 1648 sepe-

196 1664 315 1720 lire
338 1671 571 1734 patrem
605 1683 819 1725 meum.
862 1671 968 1726 Cui
999 1671 1254 1728 dicitur:
1287 1674 1434 1730 Sine
1460 1678 1745 1739 mortuos,
1777 1684 1865 1725 se-

185 1754 431 1822 peliant
462 1761 730 1813 mortuos
759 1774 897 1813 suos
916 1775 939 1815 .·
970 1762 1058 1814 Tu
1110 1768 1311 1818 autem
1369 1777 1462 1817 me
1517 1775 1759 1831 sequere
1808 1764 1863 1814 et
1896 1788 1935 1841 Β

191 1846 498 1900 annuntia
534 1861 785 1915 regnum
820 1849 933 1905 Dei
973 1850 1218 1919 (Matth.
1262 1867 1384 1920 vuI,
1420 1856 1505 1913 19,
1532 1856 1621 1915 20,
1655 1848 1860 1918 2l-2'2).

194 1930 349 1995 Quid
379 1939 468 1988 est
495 1935 663 2006 quod
683 1935 779 1992 ille
806 1939 1094 2009 promittit
1123 1956 1185 1995 se
1209 1940 1315 2009 ire,
1347 1945 1404 1995 et
1424 1940 1757 1996 deseritur?
1784 1941 1863 1992 ls-

191 2024 250 2075 te
280 2020 536 2079 domum
569 2024 694 2080 vult
735 2026 951 2096 redire,
984 2032 1042 2083 et
1075 2033 1276 2085 tamen
1306 2034 1367 2095 ut
1419 2030 1589 2101 sequi
1622 2027 1864 2096 debeat,

192 2110 454 2180 iubetur.
485 2113 585 2170 Ille
616 2131 738 2171 non
763 2117 1107 2189 suscipitur,
1136 2120 1243 2176 iste
1274 2136 1384 2176 nec
1424 2120 1502 2176 ad
1537 2120 1701 2175 horas
1734 2133 1865 2173 mo-

192 2206 469 2257 mentum
499 2203 578 2259 ab
606 2203 901 2278 obsequio
955 2208 1276 2265 relaxatur.
1311 2214 1373 2265 In
1420 2213 1577 2265 terra
1618 2210 1746 2280 [at.,
1780 2207 1868 2288 in:

192 2293 366 2346 terno
388 2308 532 2362 ergo
563 2294 918 2368 occultoque
940 2298 1191 2370 judicio]
1238 2314 1383 2368 ergo
1414 2298 1629 2354 occulti
1656 2293 1867 2369 judici1

192 2378 525 2447 funiculus,
558 2388 615 2439 et
644 2400 943 2451 mensurae
975 2387 1248 2444 calamus
1280 2389 1540 2453 ducitur,
1568 2388 1627 2443 in
1649 2387 1864 2459 quois-

194 2472 253 2525 te
283 2471 559 2539 trahitur,
586 2478 646 2529 et
672 2474 771 2530 ille
818 2475 1195 2549 relinquitur,
1233 2483 1297 2534 ut
1349 2479 1605 2535 caelestis
1634 2477 1866 2533 fabrica

190 2573 318 2615 non
351 2560 478 2617 sine
512 2562 634 2633 pio,
662 2568 717 2619 et
739 2564 903 2635 justo
944 2567 1221 2622 examine
1249 2567 1671 2638 construatur.]
1762 2594 1771 2605 ε

270 2649 499 2718 +Hanc
520 2651 678 2707 beati
721 2654 987 2723 Gregorii
1028 2658 1389 2713 sententiam
1438 2656 1663 2713 idcirco
1690 2656 1866 2711 inter-

194 2738 400 2809 posui,
430 2744 494 2795 ut
525 2757 630 2812 per
661 2757 797 2798 eam
841 2752 1245 2812 cognoscatur
1275 2747 1423 2818 quid
1451 2747 1525 2801 de
1559 2744 1863 2818 praedesti-

197 2826 445 2883 natione
474 2830 846 2901 intellexerit,
877 2833 1245 2907 intelligique
1265 2836 1865 2903 voluerit.Nam,cum

197 2915 265 2971 in
296 2916 626 2974 Moralibus
654 2920 939 2977 eumdem
972 2939 1220 2979 sensum
1238 2924 1473 2996 plenius
1496 2924 1864 2997 explicuerit,

198 3003 371 3075 quod
403 3004 500 3062 ille
523 3006 1080 3077 prmdestinationes
1111 3011 1438 3082 pluraliter,
1470 3013 1587 3067 hoc
1616 3013 1677 3067 in
1732 3014 1867 3067 Eze-

202 3092 399 3194 chiele
430 3092 955 3194 dispensationem
992 3098 1612 3194 adaeque—pluraliter
1642 3101 1864 3194 posuit,
1899 3138 1940 3194 6

203 3185 272 3237 ut
291 3185 498 3253 aperte
529 3182 769 3239 doceret
788 3185 1085 3241 vocabulo
1105 3188 1423 3259 praedestin
1433 3190 1648 3245 ationis
1667 3189 1868 3261 dispo-

204 3269 452 3326 sitiones
482 3275 537 3327 et
588 3271 1071 3344 dispensationes
1101 3280 1280 3348 atque
1329 3277 1737 3333 ordinationes
1768 3277 1869 3334 Dei

203 3358 426 3431 debere
455 3361 667 3433 accipi.
704 3366 851 3419 Cum
906 3369 1136 3421 constet
1164 3383 1235 3423 ea
1282 3370 1339 3422 et
1390 3367 1511 3423 alia
1556 3367 1870 3439 complura

207 3449 328 3505 sub
361 3466 482 3506 uno
514 3451 850 3524 eodemque
884 3471 1067 3509 sensu
1099 3459 1221 3511 tam
1276 3457 1335 3511 in
1384 3457 1571 3512 sacris
1618 3457 1869 3529 eloquiis

204 3554 401 3610 quam
422 3539 485 3595 in
521 3546 844 3597 tractorum
884 3544 1357 3615 expositionibus
1380 3546 1545 3618 poni.

280 3626 625 3700 Fulgentius
655 3630 712 3684 in
765 3630 867 3686 lib.
901 3632 980 3687 ad
1010 3634 1336 3690 Monimum
1365 3635 1426 3703 (l.
1459 3652 1497 3704 ι,
1530 3651 1663 3707 cap.
1698 3640 1766 3692 20
1812 3642 1868 3693 et

203 3718 318 3788 21):
352 3721 578 3790 [Neque
600 3721 762 3775 enim
799 3727 892 3777 est
930 3721 1048 3778 alia
1095 3724 1223 3794 ejus
1254 3725 1720 3795 praedestinatio,
1754 3725 1870 3781 nisi

204 3804 548 3862 futurorum
579 3825 829 3881 operum
854 3811 984 3881 ejus
1003 3817 1225 3868 aeterna
1256 3816 1635 3885 prmparatio;
1665 3815 1868 3887 inqua

204 3895 429 3951 nullius
465 3913 649 3954 causa
677 3899 820 3955 mali
850 3901 1066 3971 poterit
1089 3901 1362 3970 inveniri,
1397 3902 1538 3975 quia
1561 3919 1633 3959 ex
1660 3904 1869 3959 volun-

204 3989 326 4041 tate
347 3986 448 4040 Dei
474 4002 793 4060 nunquam
832 3990 1125 4061 processit
1176 3991 1344 4061 origo
1371 3993 1620 4064 peccati.
1654 3993 1868 4049 Miseri—

204 4090 341 4145 cors
372 4076 592 4132 etenim
636 4078 952 4148 Dominus,
982 4084 1039 4135 et
1079 4080 1297 4151 justus,
1332 4081 1407 4137 de
1457 4098 1579 4153 quo
1639 4088 1695 4137 et
1751 4083 1867 4141 alio

202 4163 341 4220 loco
368 4165 657 4238 scriptum
687 4172 810 4224 est:
842 4170 1318 4226 Misericordiam
1357 4177 1409 4226 et
1443 4173 1751 4227 veritatem
1781 4172 1870 4228 di-

207 4255 347 4324 ligit
376 4256 667 4312 Dominus
694 4260 848 4314 Deus
879 4259 1067 4330 (Psat.
1087 4275 1324 4322 LXXXIII,
1361 4262 1467 4330 12).
1502 4265 1561 4316 In
1584 4262 1868 4318 omnibus

201 4357 350 4414 ergo
380 4344 667 4416 operibus
695 4350 847 4417 ejus,
880 4352 984 4403 aut
1029 4348 1197 4418 justa
1243 4348 1462 4405 veritas
1514 4350 1866 4422 custoditur,

201 4437 311 4489 aut
339 4433 442 4505 pia
466 4434 881 4495 misericordia
900 4440 1322 4509 prterogaturJ

276 4490 528 4579 Et‘int'ra
571 4490 959 4598 uti-4,555;
989 4490 1648 4598 Misenensis.)
1706 4530 1869 4585 enim
1898 4490 1944 4545 θ

206 4611 368 4682 ejus.
401 4614 762 4685 praeparatio
786 4620 874 4670 est
902 4631 1155 4687 operum
1181 4617 1331 4686 ejus.

274 4703 319 4771 1-
350 4704 416 4756 Et
444 4702 586 4757 item
612 4704 789 4774 (Ibid,
823 4720 958 4776 cap.
992 4711 1084 4771 23)
1112 4724 1124 4758 ε
1160 4706 1285 4767 [Dei
1305 4705 1465 4762 enim
1484 4708 1871 4779 praedestina-

200 4790 387 4861 tione,
418 4796 523 4847 aut
552 4799 938 4864 peccatorum
969 4802 1311 4866 praeparata
1337 4802 1424 4852 est
1451 4796 1553 4867 pia
1570 4798 1867 4870 remissio,

199 4885 308 4936 aut
358 4886 745 4953 peccatorum
791 4884 955 4953 justa
998 4884 1252 4956 punitio.
1310 4890 1631 4958 nunquam
1689 4888 1869 4958 igitur

203 4971 360 5025 Deus
392 4970 471 5026 ad
498 4970 612 5025 hoc
641 4971 953 5027 hominem
993 4973 1187 5043 potuit
1215 4974 1665 5045 praedestinare,
1697 4976 1866 5047 quod

199 5059 332 5131 ipse
356 5059 743 5131 disposuerat
761 5066 819 5117 et
845 5066 1147 5134 praecepto
1177 5062 1518 5134 prohibere,
1549 5068 1605 5118 et
1629 5064 1860 5120 miseri-

200 5144 411 5201 cordia
435 5144 683 5214 diluere,
714 5150 769 5201 et
813 5147 1045 5217 justitia
1093 5147 1326 5219 punire.
1378 5148 1621 5219 Iniquos
1666 5148 1867 5220 itaque

198 5250 356 5306 quos
380 5234 679 5306 prmscivit
697 5236 852 5291 Deus
871 5236 1031 5292 hanc
1043 5236 1224 5292 vitam
1239 5235 1299 5292 in
1320 5241 1567 5308 peccato
1590 5238 1867 5294 termina-

199 5328 387 5387 turos,
440 5324 893 5396 praedestinavit
930 5325 1224 5399 supplicio
1276 5325 1701 5383 interminabili
1760 5342 1869 5398 pu-_

197 5412 508 5485 niendos.]

269 5504 312 5574 -ι-
328 5503 440 5560 Iste
452 5504 663 5561 doctor
686 5508 744 5561 et
768 5506 1273 5579 antistes,absque
1302 5505 1699 5574 refragatione
1720 5506 1865 5563 ﬁde-

196 5597 463 5653 lissimus
496 5600 677 5669 atque
702 5596 1419 5657 eruditissimus.noverat
1449 5598 1717 5653 Graecam
1749 5612 1859 5670 ap-

196 5687 387 5757 prime
420 5685 806 5753 locutionem,
834 5690 1084 5741 noverat
1103 5686 1359 5758 qualiter
1380 5703 1415 5741 a
1435 5685 1612 5741 beato
1632 5690 1860 5753 Augus-

196 5775 322 5832 tino
365 5791 566 5837 sermo
578 5774 1127 5851 prmdeatinationis
1142 5775 1469 5849 impiorum
1485 5777 1718 5847 positus
1731 5775 1855 5832 tue-

1975 512 2031 563 et
2061 509 2517 584 dispositionem
2574 520 2704 589 ejus
2752 519 3089 592 prolatione
3135 521 3631 595 intelligendam;

1972 612 2155 667 quem
2199 602 2246 657 si
2285 606 2490 663 Atticae
2542 607 2763 673 linguae
2823 609 3134 671 scientiam
3185 610 3472 671 habuisse
3528 618 3633 671 aut

1971 683 2235 755 ignoras,
2264 698 2368 748 aut
2398 710 2609 762 negas,
2632 696 2764 765 lege
2786 697 2974 753 libros
2998 698 3175 761 illius,
3196 699 3304 771 qui
3334 700 3633 770 Mytholo-

1972 774 2207 842 giarum
2236 796 2342 836 seu
2368 783 2702 851 Virgilianae
2734 786 3112 844 continentiae
3138 788 3633 857 inscribuntur,et

1972 863 2239 923 invenies
2269 871 2319 925 ei
2350 873 2678 930 maximam
2711 875 2868 931 illius
2923 876 3144 946 linguae
3193 877 3438 934 affuisse
3484 878 3635 951 peri-

1975 953 2141 1021 tiam,
2174 973 2297 1028 qua
2327 959 2604 1019 facillime
2624 980 2803 1019 nosse
2830 970 3063 1037 poterat
3092 966 3243 1039 quid
3291 966 3405 1025 sub
3448 967 3634 1039 hujus

1975 1044 2251 1103 vocabuli
2273 1051 2681 1109 enuntiatione
2702 1054 2889 1125 accipi
2914 1055 3237 1111 debuisset.

2044 1134 2441 1193 Cassiodorus
2469 1140 2545 1209 (in
2577 1143 2730 1210 psal.
2766 1159 2863 1209 vn,
2894 1143 3009 1199 sub
3043 1144 3194 1215 ﬁn.):
3224 1142 3516 1217 [Primum
3544 1148 3635 1201 est

1974 1220 2118 1291 quia
2146 1222 2449 1296 iniquitas,
2481 1228 2627 1287 dum
2658 1247 2729 1286 ex
2748 1230 2872 1288 alto
2901 1233 3272 1304 praecipitata
3302 1233 3632 1301 descendit,

1976 1308 2264 1367 violenter
2284 1317 2559 1385 percutit,
2585 1318 2802 1373 deinde
2827 1325 3098 1391 potenter
3123 1321 3433 1393 quomodo
3465 1320 3634 1393 impii

1975 1402 2373 1471 torqueantur
2392 1408 2662 1479 exponit:
2695 1425 2840 1466 nam
2872 1427 3010 1467 cum
3043 1427 3230 1484 supra
3255 1428 3360 1467 eos
3388 1410 3635 1483 propria

1978 1496 2227 1559 peccata
2256 1492 2693 1566 descenderint,
2728 1500 2850 1554 suis
2905 1499 3105 1567 malis,
3135 1500 3258 1557 suis
3304 1499 3633 1556 sceleribus

1978 1576 2039 1631 in
2068 1594 2283 1649 poenas
2311 1582 2545 1641 debitas
2575 1586 3000 1649 destinantur.)

2049 1667 2090 1736 -Ξ-
2116 1668 2300 1737 idem,
2344 1671 2403 1726 in
2434 1674 2670 1745 psalmo
2694 1692 2747 1731 LI
2776 1695 2787 1731 :
2815 1677 3069 1733 Destruit
3102 1680 3257 1733 Deus
3283 1676 3346 1741 in
3373 1676 3490 1733 hac
3516 1674 3635 1733 vita

1977 1759 2378 1828 prosperrime
2409 1777 2565 1834 quos
2590 1763 2805 1821 iterum
2836 1766 3139 1823 aediﬁcare
3165 1763 3529 1831 decreverit;
3572 1763 3635 1824 in

1974 1842 2094 1898 ﬁne
2126 1850 2326 1902 autem
2354 1849 2461 1920 qui
2482 1849 2841 1916 destruetur,
2857 1853 3093 1911 aeternis
3122 1852 3434 1925 suppliciis
3449 1852 3637 1924 depu-

1974 1933 2180 2003 tatur.]
3270 1999 3295 2018 ο

2048 2022 2088 2090 -ι-
2118 2021 2301 2091 ldem,
2334 2025 2572 2097 pscium
2600 2045 2693 2089 Lnr
2719 2047 2730 2084 :
2760 2030 2931 2100 [Nam
2954 2028 3227 2086 omnium
3248 2028 3381 2089 dies
3400 2028 3463 2085 in
3482 2043 3634 2101 prte-

1976 2110 2374 2171 destinatione
2406 2124 2740 2175 noscuntur
2760 2135 2897 2177 esse
2916 2119 3192 2191 deﬁniti.]

2049 2202 2090 2270 -ι-
2117 2201 2298 2267 Idem,
2324 2203 2387 2261 in
2407 2206 2644 2277 psalmo
2665 2225 2875 2266 Lxxxu:
2908 2209 3407 2280 [Con/"undantia?
3427 2212 3633 2267 autem

1977 2294 2031 2343 et
2063 2293 2500 2349 conturbantur
2520 2296 2581 2350 in
2605 2299 2890 2354 saccutum
2922 2299 3147 2365 saeculi,
3171 2297 3275 2369 qui
3306 2301 3528 2353 wierna
3550 2295 3636 2351 ulc

1975 2376 2135 2433 tione
2167 2379 2501 2437 damnandi
2522 2386 2967 2457 sunt.Sequitur
2986 2392 3039 2442 et
3063 2391 3455 2442 revereantur
3466 2392 3518 2442 et
3536 2399 3636 2453 pe-

1976 2474 2148 2527 reant
2183 2471 2369 2539 (Psat.
2390 2489 2601 2543 Lxxxn,
2626 2476 2734 2545 li»).
2755 2477 2885 2547 Ipse
2904 2492 3117 2533 sensus
3138 2481 3226 2531 est
3244 2491 3423 2547 quem
3462 2488 3635 2546 supe-

1974 2555 2098 2611 rius
2123 2557 2307 2627 dixit;
2336 2561 2483 2633 quia
2508 2563 2591 2619 ibi
2618 2564 2967 2631 reverendo,
3000 2581 3124 2623 non
3154 2564 3493 2637 proﬁciunt,
3526 2560 3634 2619 sed

1976 2650 2359 2720 pereunt,qui
2386 2650 2464 2707 ad
2496 2658 2785 2711 internum
2819 2653 3182 2725 supplicium
3210 2651 3630 2721 destinantur].

2046 2737 2088 2804 -ι-
2112 2736 2295 2807 ldem,
2328 2738 2389 2801 in
2418 2742 2656 2812 psalmo
2691 2759 2956 2799 Lxxxvu:
3010 2744 3372 2814 Frequenter
3414 2755 3635 2797 emunr

1976 2818 2081 2874 dat
2108 2821 2391 2880 Divinitas
2416 2841 2570 2896 quos
2595 2827 2880 2896 ﬂagellat,
2914 2832 2979 2882 ut
3008 2832 3337 2900 purgatum
3382 2825 3637 2897 recipiat

1976 2926 2154 2980 quem
2191 2914 2453 2975 peccatis
2485 2916 2799 2977 sordidum
2826 2916 3178 2988 respuebat;
3203 2933 3358 2989 quos
3384 2931 3524 2973 vero
3555 2914 3635 2971 ab

1978 3000 2408 3058 emundatione
2436 3003 2727 3072 dissolvit,
2750 3004 2813 3060 id
2841 3010 2930 3060 est
2957 3006 3234 3074 removit,
3261 3006 3374 3065 hos
3399 3005 3531 3075 jam
3579 3007 3637 3064 et

1978 3087 2272 3154 damnare
2298 3090 2609 3162 decrevit.]

2050 3177 2085 3242 εἴ
2114 3176 2299 3246 idem,
2327 3178 2388 3233 in
2412 3180 2647 3251 psalmo
2668 3197 2812 3238 xcu:
2837 3182 3091 3253 [Parata
3111 3182 3274 3241 sedes
3300 3187 3410 3239 tua
3432 3182 3589 3237 Deus
3612 3196 3636 3236 ι·

1977 3272 2200 3334 parata
2235 3268 2531 3336 signiﬁcat
2575 3270 3186 3342 prmdestinationem,
3245 3271 3389 3343 quia
3443 3275 3638 3330 totum

1978 3355 2079 3415 illa
2110 3358 2354 3414 veritate
2381 3360 2675 3430 consistit,
2701 3361 3000 3433 quidquid
3030 3362 3091 3419 in
3117 3360 3640 3418 administratione

1980 3446 2193 3502 mundi
2234 3448 2472 3505 evenire
2498 3450 2853 3521 contigerit.]

2052 3537 2093 3605 ἦ
2116 3537 2229 3592 Sed
2262 3541 2317 3593 et
2341 3538 2690 3607 Primasius,
2734 3539 3027 3597 Africana
3068 3539 3345 3596 Ecclesim
3393 3539 3642 3596 antistes

1979 3625 2438 3693 eruditissimus,
2465 3627 2524 3682 in
2551 3628 2975 3700 explanatione
2997 3630 3449 3702 Apocalypseos
3480 3627 3645 3684 beati

1977 3715 2467 3779 Joannis,eadem
2497 3718 2754 3773 sensisse
2779 3718 3089 3790 reperitur,
3116 3735 3254 3775 cum
3274 3718 3355 3775 ait
3377 3736 3389 3772 :
3412 3719 3644 3787 [Praete-

1977 3805 2091 3861 rito
2121 3821 2391 3877 namque
2421 3807 2677 3879 tempori
2708 3812 3005 3879 tanquam
3030 3806 3315 3863 anteriori
3343 3806 3645 3879 promissa

1979 3892 2352 3965 dispensatio
2377 3895 2587 3950 Christi
2629 3895 2862 3952 Domini
2893 3895 3280 3967 deputantur,
3321 3912 3455 3968 quae
3491 3894 3645 3950 sicut

1978 3984 2267 4055 praedicta
2288 4000 2324 4037 ο
2353 3984 2663 4055 prephetis
2684 3984 2917 4053 legitur,
2941 3991 3189 4057 peracta
3208 3985 3336 4056 jam
3360 3984 3638 4057 perdoce-

1979 4076 2095 4141 tur,
2122 4072 2431 4143 praesentis
2464 4072 2830 4131 credulitatis
2875 4078 3225 4143 augmenta,
3272 4079 3328 4130 et
3362 4072 3648 4130 Ecclesia:

1978 4172 2114 4211 rum
2148 4157 2513 4213 conveniunt
2544 4158 2913 4217 incrementa
2951 4157 3288 4215 futurorum
3316 4158 3641 4230 bonorum,

1979 4245 2406 4318 malorumque
2426 4247 2758 4319 redemptio
2788 4263 2914 4320 qua
2940 4248 3135 4320 justos
3166 4249 3229 4306 in
3273 4248 3479 4312 vitam,
3527 4247 3644 4303 im-

1980 4335 2110 4406 pios
2142 4335 2202 4395 in
2236 4353 2482 4407 prauam
2514 4338 2747 4394 futuros
2776 4338 3079 4395 credimus
3109 4338 3484 4411 deputatos.]

2056 4426 2412 4494 Bonifacius,
2433 4427 2753 4500 episcopus
2772 4445 2829 4487 et
2853 4433 3083 4501 martyr
3112 4426 3646 4497 Germaniae.[Quid

1984 4515 2143 4571 enim
2176 4517 2411 4588 parenti
2444 4518 2700 4589 proiicit,
2736 4518 2783 4574 si
2809 4517 3035 4575 haheat
3079 4518 3273 4574 tilium
3332 4516 3644 4573 tormentis

1982 4606 2287 4676 perpetuis
2318 4606 2721 4678 tleputatum.]

2052 4695 2093 4765 -ι-
2118 4694 2280 4749 Hanc
2305 4694 2732 4751 sententiarum
2754 4694 3096 4763 congeriem
3125 4693 3204 4749 ad
3231 4693 3347 4750 hoc
3368 4708 3645 4757 necesse»

1979 4783 2069 4847 rio
2098 4799 2171 4839 ex
2202 4786 2443 4839 Patrum
2471 4783 2882 4840 voluminibus
2913 4782 3317 4852 colligendam
3348 4781 3516 4843 duxi,
3555 4786 3637 4839 ut

1984 4872 2266 4936 varietate
2299 4872 2757 4938 vocabulorum,
2787 4878 2843 4930 et
2883 4872 3109 4928 unitate
3140 4887 3454 4940 sensuum,
3494 4870 3645 4943 quid

1982 4976 2162 5033 super
2191 4962 2643 5034 nuncupatione
2674 4961 3223 5034 prtedestinationis
3252 4960 3547 5017 senserint
3559 4960 3645 5017 fac

1982 5052 2199 5109 cillime
2252 5053 2681 5126 perpendetur.
2716 5053 3024 5125 Siquidem
3066 5070 3204 5108 cum
3251 5068 3407 5125 opus
3464 5054 3642 5119 esset,

1981 5148 2045 5199 ut
2075 5144 2350 5201 eamdem
2381 5159 2629 5199 causam
2659 5143 2874 5215 saepius
2908 5143 3272 5209 intimarent,
3300 5142 3644 5198 maluerunt

1979 5231 2227 5291 diversis
2260 5231 2799 5301 signiﬁcationibus
2832 5232 3112 5289 eamdem
3152 5248 3281 5288 rem
3328 5230 3522 5299 gratia
3560 5229 3643 5284 vi.

1980 5322 2147 5384 tandi
2180 5321 2400 5378 fastidii
2424 5336 2672 5393 ponere,
2704 5338 2893 5393 quam
2948 5324 3050 5380 uni
3099 5322 3417 5391 eidemque
3468 5334 3643 5375 voca—

1977 5410 2144 5478 bulo,
2224 5410 2401 5483 quasi
2458 5426 2811 5468 sermonum
2883 5411 3214 5481 indigentia
3265 5407 3639 5479 laborantes,

1976 5502 2277 5567 taediosius
2335 5501 2643 5571 inservire,
2680 5517 2750 5558 ac
2806 5518 2914 5574 per
2942 5502 3058 5558 hoc
3087 5514 3482 5573 nequaquam
3528 5513 3642 5553 nos

1977 5592 2039 5649 in
2072 5591 2290 5649 Latinis
2334 5590 2696 5647 dictionibus
2754 5591 2830 5647 ad
2882 5592 3119 5647 Graecas
3177 5588 3479 5645 debueras
3528 5587 3642 5643 ori-

1972 5682 2138 5751 gines
2178 5681 2452 5745 invitare,
2488 5698 2524 5741 a
2581 5680 2828 5754 quibus
2861 5697 2971 5737 nec
3031 5679 3486 5742 derivationem,
3528 5693 3638 5734 nec

2009 5772 2520 5835 enominationem
2545 5776 2775 5831 certum
2805 5774 2894 5831 est
2941 5786 3045 5829 eas
3095 5768 3416 5855 accepisse.
3465 5770 3641 5839 inter,
