3950 6364
327 273 459 333 1311

1421 276 1476 330 8.
1510 270 1889 333 PRUDENTII
1918 265 2300 325 TRECENTIS
2330 265 2642 328 EPISCOPI

3611 265 3758 321 1312

324 399 458 457 hac
498 398 860 470 notandum,
903 413 1026 456 non
1055 399 1386 470 incongrue
1428 401 1701 457 fortassis
1747 396 1978 463 censui,
2008 396 2056 450 Α
2090 393 2535 462 praedicationis
2578 395 2774 451 salvos
2811 394 3016 464 facere
3037 390 3389 462 credentes;
3437 389 3608 446 nobis
3637 403 3757 446 au-

327 488 498 563 quod
529 492 729 546 orator
757 487 1044 544 mirabilis
1059 489 1410 559 praedeﬁnio
1439 489 1693 547 verbum
1731 487 1986 562 pulchra

326 577 616 635 nimirum
647 576 1077 650 compositione
1097 581 1319 634 nostra
1348 578 1702 649 ignorantiae
1741 577 1986 635 invene-

328 663 424 731 rit,
467 679 605 719 cum
642 661 830 718 multo
883 661 1264 718 commodius
1311 663 1745 738 honestiusque
1791 662 1988 719 dicere

332 751 592 826 potuerit
605 751 906 820 prceﬁnio,
929 751 1458 823 quemadmodum
1494 753 1676 810 etiam
1707 769 1745 810 a
1775 757 1988 809 sancto
2017 783 2030 792 -

328 840 694 912 Hieronymo
722 839 990 911 positum
1013 856 1200 913 supra
1226 841 1845 908 inseruimus.Quibus
1861 857 1989 898 om-

327 929 508 987 nibus
535 927 767 1001 liquido
795 928 1083 986 refellitur
1109 930 1278 1004 quod
1329 931 1634 990 destinare
1680 931 1775 988 vel
1821 946 1986 1002 pra-

325 1018 630 1076 destinare
659 1033 770 1090 pro
801 1033 872 1075 eo
918 1019 1083 1092 quod
1113 1023 1203 1076 est
1255 1021 1480 1085 videre,
1515 1021 1609 1078 vel
1659 1021 1990 1092 pravidere

323 1107 492 1164 fatua
534 1106 866 1163 assertione
895 1106 1120 1178 dixisti,
1146 1109 1374 1182 quippe
1419 1125 1558 1166 cum
1603 1125 1638 1166 a
1680 1109 1847 1165 nullo
1892 1125 1990 1166 eo-

325 1211 465 1252 rum
514 1193 628 1250 sub
655 1193 770 1251 hoc
797 1210 979 1252 sensu
1007 1195 1272 1268 positum
1319 1197 1562 1271 uspiam
1591 1197 1791 1254 valeat
1817 1213 1988 1271 repe-

325 1299 429 1341 I’ll‘l
436 1326 449 1340 .

401 1375 516 1430 Nec
539 1373 1025 1447 praetereundum
1067 1375 1235 1448 quod
1264 1382 1504 1434 aeterna
1539 1378 1864 1448 Sapientia
1894 1392 1990 1434 co-

326 1464 499 1520 mites
529 1464 1120 1536 investigatricesque
1147 1472 1510 1523 memoratas
1539 1467 1865 1536 diciplinas
1895 1481 1991 1523 as-

326 1553 587 1609 serueris
626 1553 784 1625 (cap.
822 1556 906 1624 18,
949 1569 1118 1609 num.
1143 1557 1198 1620 4,
1237 1559 1380 1610 sect.
1418 1556 1469 1626 t)
1496 1559 1704 1612 contra
1732 1555 1992 1612 auctori-

328 1645 511 1698 tatem
540 1640 750 1714 utique
770 1641 1260 1714 propheticarum
1291 1643 1881 1716 apostolicarumque
1902 1643 1994 1699 lit-

2094 486 2209 539 tem
2238 483 2527 540 revelavit
2569 485 2726 540 Deus
2766 497 2876 554 per
2907 482 3204 552 Spiritum
3249 493 3424 536 suum
3455 479 3500 550 (ι
3537 478 3675 536 Cor.
3711 493 3758 546 1,

2092 570 2204 642 21).
2238 571 2522 645 Spiritum
2552 576 2829 629 sanctum
2857 569 3199 645 philosophi
3225 567 3441 625 mundi
3488 583 3599 625 nec
3650 565 3763 623 ha-

2093 661 2373 729 buerunt,
2405 677 2516 718 nec
2546 662 2901 720 invenerunt
2926 680 2939 731 ;
2963 659 3277 734 quomodo
3309 673 3472 729 ergo,
3497 656 3764 731 quamli-

2093 747 2195 805 bet
2214 750 2392 806 astuti
2421 755 2602 824 atque
2647 751 2830 820 acuti,
2872 765 2980 823 per
3010 747 3365 806 earumdem
3413 745 3765 820 disciplina-

2093 854 2230 894 rum
2259 838 2656 896 eruditionem
2678 839 3003 896 Dominum
3030 837 3392 907 investigare
3407 838 3761 909 potuerunt,

2093 926 2199 1000 qui
2229 943 2339 984 nec
2389 927 2780 999 investigatur
2806 927 3094 984 veraciter
3136 941 3249 983 nec
3302 925 3599 982 invenitur
3639 922 3764 980 nisi

2094 1031 2201 1089 per
2221 1013 2504 1089 Spiritum
2529 1021 2805 1074 sanctum
2828 1017 2856 1074 ‘t
2881 1016 3159 1090 Sequitur
3177 1015 3357 1086 igitur
3371 1029 3480 1071 nec
3509 1012 3764 1070 comites

2096 1120 2200 1161 eas
2249 1105 2430 1162 fuisse
2473 1107 2784 1180 sapientius
2830 1105 2955 1178 Dei,
3009 1121 3146 1178 quae
3199 1119 3345 1174 una,
3401 1102 3761 1174 eademque,

2096 1199 2153 1250 et
2177 1194 2304 1251 sola
2334 1211 2573 1268 semper
2621 1199 2728 1266 est,
2760 1211 2871 1252 nec
2898 1194 2993 1251 his
3046 1192 3392 1264 investigari
3441 1207 3609 1260 eam;
3651 1188 3766 1246 sed

2096 1283 2349 1340 revelari
2377 1300 2485 1358 per
2534 1284 2818 1359 Spiritum
2849 1284 3004 1356 ejus.
3037 1285 3127 1338 An
3185 1281 3403 1339 beatus
3449 1283 3618 1338 Pater
3646 1281 3770 1335 Au-

2100 1372 2398 1441 gustinus,
2431 1373 2716 1429 omnibus
2743 1373 2837 1430 his
2867 1370 3246 1430 examussim
3286 1371 3636 1441 instructus,
3667 1383 3766 1424 ea-

2098 1475 2234 1516 rum
2267 1461 2545 1518 acumine
2573 1465 2762 1518 Deum
2791 1466 2896 1518 aut
2922 1460 3284 1530 investigare
3315 1464 3420 1516 aut
3445 1457 3634 1515 valuit
3678 1457 3770 1512 in-

2101 1549 2345 1605 venire?
2374 1549 2481 1622 qui
2509 1567 2646 1606 eum
2677 1566 2785 1622 per
2815 1554 2900 1606 tot
2926 1565 3120 1605 annos
3150 1563 3364 1604 earum
3413 1546 3623 1603 studiis
3671 1546 3767 1600 in-

2102 1637 2365 1701 sudaret,
2396 1643 2453 1694 et
2479 1643 2684 1694 tamen
2737 1637 2943 1694 multis
2996 1636 3322 1708 erroribus,
3373 1635 3770 1707 maximeque

326 1733 618 1787 terarum.
654 1731 711 1787 Si
736 1730 898 1786 enim
925 1731 1175 1787 comites
1206 1732 1438 1803 habuit,
1473 1733 1742 1805 sequitur
1767 1748 1994 1803 magna
2020 1747 2065 1801 B
2102 1726 2563 1783 Manichaeorum
2593 1727 2846 1783 insaniis
2871 1725 3282 1799 impediretur,
3311 1740 3631 1796 nunquam
3660 1738 3770 1778 ve-

328 1818 677 1876 absurditas
700 1823 766 1875 ut
779 1819 1035 1892 alicujus
1061 1820 1268 1890 indiga
1286 1821 1665 1893 praedicetur;
1687 1838 1993 1895 quacum

329 1908 558 1966 nullius
588 1925 762 1980 egere
810 1914 914 1966 aut
938 1910 1176 1980 eguisse
1211 1910 1511 1967 ullatenus
1541 1911 1992 1984 comprobetur,

331 2004 391 2054 et
421 1998 548 2055 sola
592 1999 686 2054 sui
707 1999 1035 2055 aeternitate
1066 2005 1249 2072 atque
1297 2001 1742 2074 omnipotentia
1785 2001 1996 2057 omnia

329 2087 714 2160 disposuerit,
755 2090 1057 2158 attingens
1078 2088 1352 2146 videlicet
1401 2105 1436 2147 a
1464 2091 1587 2160 ﬁne
1616 2105 1801 2162 usque
1821 2090 1902 2146 ad
1927 2090 1998 2158 ﬁ-

330 2191 466 2233 nem
494 2177 743 2246 fortiter
761 2177 932 2247 (Sap.
959 2193 1080 2245 vni,
1099 2178 1167 2249 l),
1199 2178 1487 2252 nullaque
1508 2179 1862 2251 impotentia
1889 2194 1998 2234 un-

331 2280 524 2338 quam
563 2265 821 2336 potuerit
867 2265 1180 2324 infirmari.
1213 2268 1419 2324 Nescio
1454 2269 1691 2341 penitus
1744 2284 2000 2341 quamo-

335 2353 510 2410 brem
539 2353 787 2410 comites
831 2357 968 2410 tuas
1031 2357 1404 2413 necessarias
1450 2357 1820 2427 conrogavit,
1852 2373 2001 2430 qua-

333 2457 472 2499 rum
500 2441 734 2498 fulturis
757 2459 824 2499 ac
860 2443 1046 2500 veluti
1073 2446 1396 2517 suffragiis,
1425 2446 1520 2502 vel
1547 2447 1625 2502 ad
1664 2463 1726 2503 se
1755 2447 1999 2504 investi-

335 2529 725 2602 gandam,vel
746 2533 826 2589 ad
850 2532 1014 2590 aliud
1041 2535 1187 2607 quid
1209 2551 1365 2607 opus
1387 2535 1829 2603 habuerit,cum
1851 2541 1999 2592 teste

332 2620 643 2692 Scriptura
671 2623 1008 2692 transferat
1038 2639 1099 2680 se
1127 2625 1189 2679 in
1217 2625 1454 2681 animas
1479 2630 1736 2687 sanctas,
1763 2633 1815 2682 et
1847 2627 1999 2683 inse-

334 2714 437 2766 rat
457 2724 518 2765 se
536 2711 995 2779 cogitationibus
1017 2727 1147 2782 qua?
1161 2718 1301 2768 sunt
1316 2713 1691 2782 sineﬁctione
1705 2714 2001 2786 (Sap.1,5),

335 2811 461 2868 qua
509 2797 576 2851 ﬁt
601 2813 864 2869 sapiens,
895 2799 1175 2872 quisquis
1205 2815 1317 2872 pro
1350 2817 1600 2858 munere
1623 2802 2000 2873 illustrantis,

334 2882 432 2940 vel
446 2889 631 2957 captu
643 2885 990 2957 accipientis
1008 2887 1075 2943 fit
1102 2889 1597 2960 sapiens.0mnes
1616 2889 1821 2963 itaque
1841 2890 2008 2963 pagi-

334 2987 448 3028 nas
471 2972 786 3046 utriusque
799 2977 1155 3032 Testamenti
1177 2993 1554 3049 percurrens,
1588 2993 1906 3052 nunquam
1921 2980 2008 3035 in-

2099 1814 2338 1871 ritatem
2369 1831 2732 1887 cognoscere
2779 1815 2995 1888 potuit,
3021 1814 3384 1887 priusquam
3414 1815 3638 1868 sanctae
3665 1826 3772 1882 ge-

2102 1903 2325 1959 nitricis
2351 1920 2472 1959 suae
2501 1904 2806 1970 instantia,
2829 1903 3098 1959 oratione
3123 1906 3178 1958 et
3205 1901 3512 1974 lacrymis,
3532 1914 3776 1972 respeC‘

2101 1997 2166 2049 tu
2205 2007 2479 2065 superna:
2529 1991 2941 2065 inspirationis
2999 1991 3100 2047 Dei
3149 1995 3206 2046 et
3241 1989 3402 2046 beati
3455 1987 3765 2044 Ambrosii

2100 2083 2552 2156 prtedicatione,
2580 2087 2638 2139 et
2658 2086 2840 2139 Deum
2871 2096 3223 2154 agnoscere,
3255 2085 3313 2137 et
3341 2079 3484 2136 ﬁdei
3511 2079 3774 2150 gratiam

2101 2171 2408 2246 percipere
2439 2172 2673 2228 meruit.

2177 2261 2341 2316 Unde
2373 2265 2432 2318 et
2461 2261 2590 2334 ipse
2618 2260 3007 2318 beatissimus
3049 2259 3422 2331 Augustinus
3453 2257 3628 2331 (libro
3684 2258 3775 2314 De

2107 2349 2366 2407 Civitate
2389 2351 2499 2407 Dei
2519 2351 2757 2422 octavo)
2778 2349 2973 2423 inquit
3002 2350 3160 2423 (cap.
3200 2349 3410 2420 ll):[In
3431 2347 3652 2405 Timaeo
3667 2363 3773 2402 au-

2107 2443 2225 2494 tem
2285 2439 2478 2507 Plato,
2525 2456 2710 2513 quem
2769 2439 3028 2496 liberum
3083 2439 3158 2495 de
3208 2437 3423 2495 mundi
3480 2437 3774 2494 constitu-

2108 2527 2267 2584 tione
2296 2528 2669 2601 conscripsit,
2704 2529 2891 2584 Deum
2937 2527 3080 2585 dicit
3116 2527 3178 2583 in
3221 2526 3322 2583 illo
3343 2542 3525 2600 opere
3551 2531 3774 2583 terram

2109 2616 2313 2689 primo
2363 2617 2690 2690 ignemque
2735 2617 3030 2689 junxisse.
3089 2615 3465 2674 Manifestum
3514 2619 3603 2671 est
3669 2631 3776 2671 au-

2108 2711 2229 2762 tem
2273 2707 2440 2779 quod
2482 2707 2604 2778 igni
2662 2706 2883 2763 tribuat
2937 2705 3069 2762 ccnli
3126 2705 3354 2769 locum,
3407 2709 3578 2760 terrae
3626 2718 3776 2760 vero

2109 2795 2308 2868 ipsam
2335 2799 2575 2852 terram.
2627 2796 2820 2852 Habet
2847 2810 2990 2866 ergo
3046 2796 3175 2852 haec
3227 2794 3522 2851 sententia
3562 2808 3778 2866 quam-

2111 2885 2255 2943 dam
2313 2886 2471 2942 illius
2521 2886 3000 2956 similitudinem,
3040 2902 3166 2959 qua
3217 2885 3448 2942 dictum
3521 2890 3646 2940 est:
3708 2887 3774 2940 ln

2106 2976 2410 3045 principio
2429 2977 2575 3046 fecit
2619 2978 2775 3032 Deus
2811 2976 3024 3032 caelum
3050 2981 3102 3032 et
3145 2980 3369 3032 terram
3401 2973 3571 3045 (Gen.
3623 2987 3662 3028 1.
3702 2972 3772 3043 t).

333 3060 642 3152 venientes
670 3067 1042 3152 praeceptum
1075 3081 1184 3138 per
1235 3065 1346 3122 has
1389 3066 1738 3138 investigari
1769 3071 1958 3124 Deum
1990 3087 2002 3138 ;
2031 3096 2076 3152 ο
2115 3064 2336 3122 Deinde
2372 3064 2473 3122 illa
2501 3064 2624 3122 duo
2646 3064 2868 3132 media,
2897 3063 3120 3138 quibus
3147 3062 3512 3152 interpositis
3538 3061 3779 3118 sibimet

335 3149 441 3205 sed
456 3165 570 3220 per
597 3151 798 3220 ﬁdem,
817 3168 948 3224 quae
966 3169 1078 3223 per
1107 3155 1481 3213 dilectionem
1515 3163 2007 3226 operatur-mun-

335 3237 487 3295 ditia
515 3239 735 3308 cordis,
767 3242 1321 3316 mandatorumque
1344 3245 1447 3301 Dei
1467 3245 1812 3303 obedientia
1832 3251 1889 3303 et
1904 3246 2008 3304 ob-

335 3327 679 3384 servatione
705 3330 1106 3401 quaerendum
1125 3332 1377 3389 fideliter
1394 3337 1453 3389 et
1466 3333 2010 3391 inveniendumve-

335 3415 552 3471 raciter
577 3415 973 3482 edoeui.Quid
989 3419 1171 3485 enim,
1200 3422 1479 3494 nunquid
1499 3438 1713 3479 omnes
1743 3423 2006 3496 prophe-

337 3505 413 3558 ιω
434 3502 528 3556 liis
559 3504 753 3558 Deum
784 3503 1177 3575 investigasse
1208 3513 1388 3580 atque
1418 3510 1716 3567 invenisse
1765 3510 2007 3567 dicendi

335 3594 479 3646 sunt
505 3590 534 3646 ?
567 3590 752 3655 Certe,
778 3597 844 3648 ut
871 3597 1118 3650 creteros
1140 3603 1517 3668 praeteream,
1544 3600 1746 3670 Amos,
1769 3599 1845 3656 de
1865 3615 2006 3671 pas-

336 3678 737 3749 toralibus,ad
760 3682 1250 3754 prophetandum
1273 3687 1586 3758 repentina
1611 3688 2005 3761 inspiratione

335 3772 691 3842 assumptus
719 3770 920 3842 (Amos
952 3787 991 3839 ι,
1025 3771 1094 3844 l),
1127 3789 1446 3847 nunquam
1477 3791 1686 3832 earum
1724 3776 2006 3832 eruditio-

337 3869 482 3912 nem
506 3857 846 3931 percepisse
877 3860 1216 3918 credendus
1249 3864 1519 3930 est.Quid
1543 3865 1756 3921 beatus
1778 3868 2002 3935 Petrus,

338 3947 400 4000 et
428 3945 624 4001 caeteri
649 3949 939 4019 Apostoli,
972 3950 1321 4022 piscatores,
1368 3958 1425 4010 et
1470 3953 1668 4011 idiota:
1713 3955 1930 4025 (Marc.
1961 3969 2002 4022 1,

341 4033 430 4104 16)
459 4035 736 4108 nunquid
781 4053 991 4095 earum
1045 4041 1260 4097 studiis
1313 4043 1528 4100 eruditi
1585 4049 1871 4101 aeternam
1905 4045 2006 4100 Sa-

338 4121 630 4194 pientiam
662 4123 1102 4197 insquisierunt
1123 4135 1182 4186 et
1201 4135 1649 4203 perceperunt?

415 4209 594 4266 Aliud
615 4212 868 4268 omnino
895 4215 1116 4272 clamat
1137 4216 1530 4292 Veritas,qute
1543 4220 1711 4278 dicit:
1735 4221 1877 4276 Cum
1900 4235 2005 4276 au-

344 4303 461 4353 tem
491 4301 716 4355 venerit
745 4302 852 4357 ille
881 4303 1146 4372 Spiritus
1177 4308 1464 4376 veritatis,
1506 4311 1733 4367 docebit
1762 4327 1860 4366 vos
1887 4325 2007 4365 om-

341 4401 476 4443 nem
509 4389 821 4447 veritatem
853 4391 1049 4462 (Joan.
1083 4398 1328 4466 xv1,t3);
1361 4403 1418 4454 et
1445 4398 1620 4456 item:
1655 4401 1802 4457 Cum
1836 4417 2006 4461 vene-

339 4477 424 4531 rit
455 4475 723 4547 Spiritus
747 4483 1120 4551 paracletus,
1150 4501 1322 4555 quem
1375 4490 1569 4544 mittet
1597 4491 1783 4546 Pater
1814 4493 1873 4548 in
1904 4510 2005 4549 no-

340 4565 500 4621 mine
519 4581 666 4636 meo,
690 4570 816 4637 ipse
845 4585 944 4625 vos
966 4571 1194 4627 docebit
1215 4575 1438 4635 omnia,
1463 4583 1516 4632 et
1537 4586 1811 4648 suggeret
1845 4582 2004 4638 vobis

338 4655 544 4710 omnia
575 4672 945 4730 quacunque
977 4661 1188 4717 dixero
1218 4664 1378 4718 vobis
1399 4665 1599 4733 (Joan.
1639 4683 1756 4736 xxv,
1806 4671 1918 4742 26),
1949 4676 2006 4728 et

337 4742 596 4832 iterum:
625 4746 812 4803 Nemo
843 4751 1006 4805 novit
1061 4751 1307 4818 Filium,
1363 4755 1482 4809 nisi
1530 4756 1752 4812 Pater:
1814 4776 2006 4832 neque

340 4831 585 4889 Patrem
607 4837 740 4905 quis
767 4839 954 4909 novit,
986 4840 1103 4894 nisi
1142 4841 1360 4909 Filius,
1393 4848 1446 4898 et
1473 4845 1573 4900 cui
1612 4848 1865 4904 voluerit
1901 4831 2008 4904 Fi-

340 4920 461 4976 lius
486 4925 754 4981 revelare
783 4926 1022 4996 (Matth.
1058 4945 1137 4996 x1,
1171 4931 1287 5000 27);
1307 4936 1364 4986 et
1383 4932 1598 4990 iterum
1625 4953 1636 4990 :
1667 4937 2004 4994 Exsultans

341 5005 511 5064 Jcsus
533 5012 770 5079 Spiritu
789 5022 999 5072 sancto
1016 5018 1197 5074 dixit:
1215 5019 1516 5088 Conﬁteor
1539 5023 1664 5090 tibi,
1685 5026 1872 5083 Pater
1893 5029 2006 5083 Do-

343 5099 503 5154 mine
526 5100 664 5154 cwli
682 5107 735 5155 et
761 5107 956 5174 terrai,
992 5107 1134 5177 quia
1160 5107 1526 5165 abscondisti
1550 5111 1675 5167 haec
1718 5129 1756 5169 a
1773 5118 2007 5184 sapien-

344 5186 499 5244 tibus
528 5194 583 5244 et
610 5190 1030 5263 prudentibus,
1057 5200 1110 5250 el
1145 5198 1427 5253 revelasti
1451 5214 1520 5256 ea
1550 5205 1845 5271 parvulis,
1884 5208 2000 5272 Ita,

343 5275 549 5347 Pater,
581 5280 862 5348 quoniam
895 5282 977 5338 sic
1020 5283 1143 5352 fuit
1162 5286 1463 5353 placitum
1495 5295 1636 5345 ante
1665 5297 1722 5347 te
1755 5294 2002 5359 (Matth.

344 5381 424 5432 xx,
448 5368 562 5436 '25).
590 5370 656 5423 Et
695 5367 774 5424 ad
814 5369 1061 5427 beatum
1093 5375 1371 5429 Petrum:
1423 5377 1645 5434 Beatus
1689 5395 1748 5435 es
1797 5383 2005 5438 Simon

344 5454 642 5525 Barjona,
672 5460 816 5528 quia
841 5475 982 5516 caro
1013 5467 1068 5517 et
1115 5465 1362 5533 sanguis
1407 5480 1526 5520 non
1553 5471 1840 5527 revelavit
1873 5473 2004 5540 tibi,

346 5542 449 5597 sed
476 5545 663 5600 Pater
687 5562 870 5614 meus,
896 5550 1000 5620 qui
1031 5556 1116 5606 est
1147 5551 1208 5606 in
1231 5553 1394 5607 caelis
1427 5555 1795 5627 (Matth.xv1,
1825 5561 2006 5631 t7).Et

349 5631 670 5698 Apostolus
729 5652 741 5688 ε
789 5637 866 5690 Et
915 5639 1196 5707 quoniam
1241 5656 1359 5695 non
1417 5647 1690 5712 cognovit
1744 5648 2005 5702 mundus

352 5727 460 5778 per
485 5718 841 5783 sapientiam
869 5725 1078 5791 Deum,
1122 5727 1353 5794 placuit
1387 5731 1508 5788 Deo
1539 5746 1650 5800 per
1679 5736 2001 5792 stultitiam

1767 6012 1892 6040 ’.ιο-διε..

1727 6024 1981 6074 .‹²’“’”“”“’Χλ

2112 3154 2240 3210 haec
2271 3158 2537 3210 extrema
2564 3154 3016 3227 copularentur,
3041 3168 3270 3225 aquam
3299 3151 3442 3208 dicit
3459 3155 3518 3208 et
3551 3166 3775 3207 aerem.

2115 3243 2280 3300 Unde
2311 3246 2556 3315 putatur
2575 3243 2662 3298 sic
2711 3241 3076 3298 intellexisse
3105 3241 3274 3314 quod
3316 3242 3606 3312 scriptum
3636 3243 3726 3294 est
3759 3257 3774 3295 :

2112 3333 2376 3402 Spiritus
2432 3333 2677 3388 Domini
2747 3331 3246 3403 super/'erebatur
3312 3343 3492 3399 super
3558 3343 3776 3400 aquam

2114 3422 2279 3493 (Gen.
2312 3436 2350 3488 1,
2400 3422 2450 3486 2)
2487 3440 2501 3488 ;
2535 3437 2755 3494 parum
2786 3421 3014 3495 quippe
3064 3419 3380 3478 attendens
3430 3434 3554 3490 quo
3612 3433 3778 3474 more

2113 3510 2302 3566 soleat
2331 3510 2431 3566 illa
2461 3510 2766 3582 Scriptura
2797 3509 3102 3583 appellare
3137 3508 3422 3581 Spiritum
3467 3506 3592 3573 Dei,
3623 3522 3777 3578 quo-

2112 3598 2278 3654 niam
2314 3602 2369 3654 et
2399 3614 2503 3654 aer
2531 3598 2776 3670 spiritus
2805 3598 3022 3654 dicitur
3063 3601 3325 3671 quatuor
3353 3595 3635 3670 opinatus
3659 3593 3778 3650 ele-

2112 3691 2316 3742 menta
2335 3685 2469 3743 loco
2498 3687 2600 3743 illo
2630 3691 3111 3742 commemorata
3135 3685 3326 3742 videri
3358 3688 3574 3758 potest.
3609 3683 3779 3740 Dein-

2111 3775 2187 3832 de
2211 3775 2382 3848 quod
2411 3775 2574 3832 Plato
2612 3775 2758 3831 dicit
2799 3779 3136 3832 amatorem
3186 3774 3290 3830 Dei
3338 3790 3471 3830 esse
3516 3772 3778 3846 philoso-

2109 3865 2326 3939 phum,
2355 3863 2505 3920 nihil
2557 3864 2640 3920 sic
2679 3863 2740 3919 in
2793 3863 2907 3919 illis
2954 3863 3142 3921 sacris
3184 3862 3392 3919 litteris
3423 3862 3662 3932 ﬂagrat.
3719 3867 3776 3918 et

2111 3953 2375 4010 maxime
2403 3952 2550 4009 illud
2599 3951 2785 4026 (quod
2816 3957 2873 4008 et
2901 3968 2998 4008 me
3027 3950 3359 4024 plurimum
3409 3950 3659 4006 adducit
3707 3955 3770 4006 ut

2113 4058 2266 4116 pene
2297 4042 2584 4098 assentiat
2614 4041 2922 4098 Platonem
2951 4041 3190 4097 illorum
3229 4038 3525 4096 librorum
3573 4055 3774 4114 exper-

2113 4138 2233 4188 tem
2259 4147 2383 4188 non
2426 4131 2634 4204 fuisse)
2672 4129 2860 4204 quod,
2899 4147 3038 4187 cum
3071 4129 3149 4186 ad
3203 4133 3485 4186 sanctum
3539 4132 3773 4202 Moysen

2115 4222 2196 4277 ita
2219 4221 2407 4278 verba
2439 4220 2539 4276 Dei
2582 4236 2690 4293 per
2746 4219 3033 4289 angelum
3076 4218 3475 4292 perferantur,
3508 4224 3572 4274 ut
3618 4234 3776 4290 quaa-

2115 4311 2263 4368 renti
2287 4311 2454 4385 quod
2485 4311 2561 4367 sit
2590 4326 2814 4366 nomen
2839 4310 2968 4380 ejus
2995 4309 3098 4382 qui
3126 4325 3262 4365 eum
3300 4323 3547 4381 pergere
3578 4308 3776 4380 praeci-

2117 4400 2321 4473 piebat
2346 4401 2424 4455 ad
2451 4399 2750 4473 populum
2776 4401 3094 4455 Hebraeum
3133 4413 3206 4453 ex
3229 4398 3494 4470 Egypto
3522 4396 3772 4452 liberan-

2117 4489 2286 4555 dum,
2327 4489 2801 4562 respondeatur:
2856 4489 2982 4558 Ego
3011 4488 3141 4542 sum
3193 4487 3300 4558 qui
3333 4502 3484 4542 sum.
3513 4486 3592 4540 Et
3621 4485 3770 4542 dices

2111 4580 2256 4648 ﬁliis
2288 4580 2473 4635 Israel
2509 4595 2520 4632 :
2569 4579 2682 4645 Qui
2731 4583 2814 4633 est
2871 4578 3031 4632 misit
3060 4591 3152 4632 me
3183 4576 3263 4631 ad
3291 4591 3390 4632 vos
3424 4575 3658 4646 (Exod,
3687 4578 3794 4642 iii,’

2121 4667 2545 4738 14),tanqua1n
2571 4667 2632 4720 in
2665 4666 2796 4735 ejus
2847 4665 3299 4737 comparatione
3345 4663 3452 4736 qui
3505 4677 3643 4718 vere
3665 4668 3763 4729 est,

2113 4755 2259 4828 quia
2281 4753 2797 4811 incommutabilis
2827 4758 2935 4824 est,
2965 4769 3058 4821 ea,
3091 4769 3214 4825 qua
3260 4751 3579 4808 mutabilia
3616 4750 3766 4808 facta

2116 4848 2276 4911 sunt,
2310 4859 2434 4898 non
2465 4844 2600 4899 sint.
2653 4843 3042 4899 Vehementer
3097 4842 3212 4897 hoc
3265 4839 3432 4896 Plato
3471 4839 3675 4909 tenuit,
3714 4844 3767 4895 et

2113 4931 2566 5002 diligentissime
2593 4931 3058 4988 commendavit.
3113 4934 3169 4984 et
3193 4927 3394 4983 nescio
3426 4932 3628 4982 utrum
3657 4929 3766 4984 hoc

2115 5023 2354 5095 uspiam
2384 5023 2717 5094 reperiatur
2739 5021 2800 5077 in
2821 5019 2987 5076 libris
3019 5033 3230 5074 eorum
3271 5016 3375 5088 qui
3403 5021 3540 5071 ante
3583 5017 3766 5073 Plato-

2114 5128 2255 5168 nem
2286 5112 2544 5174 fuerunt,
2581 5111 2693 5167 nisi
2747 5109 2853 5166 ubi
2883 5108 3111 5164 dictum
3139 5110 3227 5162 est
3258 5124 3270 5162 :
3332 5106 3459 5176 Ego
3507 5121 3639 5162 sum
3669 5109 3768 5178 qui

2114 5217 2263 5258 sum.
2295 5203 2373 5257 Et
2404 5201 2560 5257 dices
2593 5203 2672 5256 eis
2693 5216 2715 5257 .'
2745 5200 2857 5268 Qui
2871 5203 2955 5255 est
2976 5197 3137 5252 misit
3166 5211 3258 5252 me
3289 5195 3369 5252 ad
3395 5211 3511 5252 vos.
3539 5195 3653 5252 Sed
3669 5212 3766 5250 un-

2115 5291 2433 5363 decunque
2464 5291 2578 5346 ista
2607 5289 2702 5345 ille
2724 5289 2963 5357 diceret,
2989 5286 3110 5342 sive
3124 5285 3605 5358 praecedentibus
3635 5301 3763 5340 eum

2115 5388 2385 5436 veterum
2415 5379 2602 5447 libris,
2652 5379 2775 5434 sive
2814 5377 3034 5450 potius,
3067 5375 3379 5449 quomodo
3408 5375 3550 5430 dicit
3594 5377 3764 5446 Apos-

2116 5469 2272 5526 tolus
2306 5487 2318 5524 :
2346 5471 2499 5536 Quia
2527 5470 2690 5542 quod
2717 5475 2924 5524 notum
2955 5472 3040 5523 est
3073 5467 3202 5528 Dei,
3249 5466 3638 5534 manifestum
3687 5469 3761 5518 est

2113 5563 2177 5615 in
2210 5561 2354 5614 illis.
2385 5561 2544 5616 Deus
2586 5560 2741 5615 enim
2796 5559 2920 5614 illis
2954 5557 3408 5624 manifestavit:
3443 5552 3761 5610 invisibilia

2088 5651 2268 5705 enim
2321 5651 2448 5717 ejus
2503 5664 2539 5703 a
2594 5648 3020 5703 constitutione
3070 5645 3303 5713 mundi,
3353 5659 3464 5714 per
3517 5657 3584 5698 ea
3641 5657 3760 5712 quae

2115 5738 2284 5806 facta
2312 5743 2473 5804 sunt,
2508 5739 2814 5795 intellecta
2857 5735 3360 5813 conspiciuntur;
3413 5734 3759 5804 sempiterna
