3950 6372
203 282 342 338 1313

1161 282 1248 334 DE
1288 276 1950 335 PREDESTINATIONE
1987 275 2263 332 CONTRA
2300 277 2352 330 J.
2399 277 2688 335 SCOTUM.

3502 291 3640 344 1314

198 419 434 477 quoque
464 403 656 460 virtus
685 405 813 472 ejus
842 408 896 459 et
916 403 1216 459 Divinitas
1247 401 1710 474 (Rom.i,19,20).
1743 402 1870 456 Non
1899 401 1947 453 A
1981 399 2123 469 gati,
2154 401 2366 472 parati,
2400 401 2742 474 praeparati,
2770 401 3010 467 decreti,
3049 403 3316 477 judicati,
3348 407 3640 479 damnati,

197 493 500 550 immerito
532 509 630 548 me
663 492 998 548 Platonicos
1023 493 1422 565 phi1050phos
1447 491 1698 561 elegisse
1727 506 1866 546 cum

193 583 426 658 quibus
455 597 638 653 agam
669 581 838 654 quod
860 582 920 636 in
942 581 1056 638 ista
1083 582 1437 654 quaestione,
1463 597 1650 653 quam
1683 579 1868 636 modo

197 672 606 745 suscepimus,
650 670 890 742 agitur.]
922 672 962 740 -ί-
996 671 1161 726 Unde
1191 672 1405 727 beatus
1439 670 1661 726 Paulus
1687 685 1866 742 apos-

196 761 358 819 tolus
383 777 396 815 :
435 760 639 816 Videte
658 775 734 816 ne
749 761 880 830 quis
904 775 1002 816 vos
1023 760 1281 829 decipiat
1299 775 1407 830 per
1420 759 1866 830 philosophiam

199 857 251 908 et
287 851 525 906 inanem
550 850 896 920 fallaciam,
928 849 1253 905 secundum
1277 850 1661 905 traditionem
1684 849 1867 904 homi—

197 957 367 1005 num,
395 940 725 996 secundum
752 940 1042 996 elementa
1069 940 1249 1009 hujus
1281 940 1511 1007 mimdi,
1549 945 1600 995 et
1632 954 1751 994 non
1783 955 1864 994 se-

83 1063 107 1087 .
197 1031 465 1086 cundum
497 1029 828 1100 Christum,
861 1030 1004 1099 quia
1035 1033 1098 1083 in
1122 1031 1248 1098 ipso
1270 1029 1505 1085 habitat
1535 1029 1724 1084 omnis
1739 1029 1866 1097 ple-

198 1119 412 1174 nitudo
438 1118 777 1175 divinitatis
808 1118 1209 1187 corporaliter
1242 1117 1392 1183 (Col.
1426 1133 1482 1180 ιι,
1516 1121 1569 1183 8,
1599 1118 1676 1187 9).

270 1207 626 1263 Ambrosius
671 1207 792 1277 (ad.
845 1207 972 1262 Col.
1007 1221 1139 1275 cap.
1170 1222 1230 1275 ιι,
1263 1206 1313 1274 8)
1351 1223 1361 1260 :
1398 1204 1862 1280 [Philosophiam

194 1296 342 1352 dicit
362 1302 681 1362 terrenam,
700 1311 808 1368 per
829 1311 1016 1366 quam
1045 1295 1238 1350 solent
1265 1295 1468 1350 seduci
1490 1296 1592 1367 qui
1615 1297 1865 1367 cupiunt

191 1385 527 1460 prudentes
552 1384 809 1456 judicari
838 1383 898 1438 in
926 1384 1177 1440 mundo.
1215 1387 1348 1440 llaec
1381 1383 1770 1455 argumentis,
1808 1389 1866 1438 et

193 1475 525 1531 subtilitate
568 1473 962 1529 minutiarum
1007 1473 1416 1545 quarumdam
1458 1473 1862 1545 componitur,

190 1563 374 1638 quasi
415 1562 702 1636 physicas
740 1561 1185 1633 investigaverit
1223 1562 1486 1618 rationes
1531 1563 1690 1634 (Sap.
1734 1577 1860 1630 xm,

196 1653 310 1724 14),
369 1652 654 1726 quaedam
698 1651 933 1709 habens
981 1652 1252 1708 admixta
1298 1668 1434 1725 quae
1481 1653 1866 1708 hortamenta

1977 488 2220 555 addicti,
2290 489 2584 562 dispositi,
2657 490 3010 564 dispensati,
3080 494 3357 563 ordinati,
3417 500 3640 568 statuti,

1978 578 2304 649 constituti,
2356 578 2600 652 praeﬁxi,
2658 581 2906 651 deﬁniti,
2948 583 3247 654 praefiniti,
3303 590 3359 642 et
3405 592 3638 644 caetera.

1978 667 2142 737 Quae,
2184 667 2261 724 ad
2303 668 2585 724 eumdem
2625 669 2988 728 intellectum
3029 675 3468 744 concurrentia,
3504 692 3644 750 pas-

1976 755 2090 812 sim
2145 757 2206 812 in
2248 757 2463 814 divinis
2504 759 2766 830 paginis,
2809 763 3171 836 Petrumque
3208 765 3643 824 venerabilium

1976 845 2208 918 scriptis
2254 847 2454 918 posita
2500 847 2904 906 inveniuntur.
2959 851 3181 907 Verum
3228 853 3366 925 quis
3414 855 3644 913 nesciat

1975 949 2099 990 non
2132 935 2291 991 idem
2330 952 2461 992 esse
2479 940 2784 1008 praevidit,
2830 939 2998 1012 quod
3034 945 3122 997 est
3157 944 3484 1012 pne/inicit
3513 949 3642 1002 ?Ac

1973 1038 2083 1096 per
2124 1025 2240 1080 hoc
2285 1041 2426 1081 cum
2451 1028 2763 1096 praeﬁnire
2800 1033 2858 1084 et
2893 1031 3330 1099 praedestinare
3359 1033 3471 1089 sibi
3500 1050 3640 1091 con-

1974 1113 2197 1183 cinant,
2246 1113 2573 1186 praevidere
2629 1116 2708 1172 ab
2753 1117 2846 1172 his
2895 1118 3156 1176 multum
3199 1120 3436 1178 differre
3487 1123 3637 1180 nulli

1974 1201 2176 1258 sobrio
2219 1203 2595 1275 incognitum
2645 1206 2874 1279 liquet;
2929 1209 3094 1280 quia,
3143 1209 3296 1268 sicut
3334 1229 3493 1285 saepe
3535 1230 3641 1270 no-

1973 1294 2168 1348 tatum
2225 1297 2334 1358 est,
2383 1293 2578 1349 multa
2627 1296 3055 1368 prmvidentur,
3109 1314 3246 1370 quae
3299 1301 3642 1358 nullatenus

1973 1379 2394 1452 praeﬁniuntur
2436 1382 2448 1436 ἔ
2500 1383 2732 1439 Interea
2783 1383 3211 1441 admirandum
3259 1387 3642 1462 interpretem

1973 1485 2097 1542 quo
2146 1469 2316 1526 decet
2353 1469 2584 1527 honore
2616 1471 3002 1530 afﬁciendum
3045 1475 3256 1545 video;
3289 1479 3413 1550 qui,
3453 1495 3642 1538 novas

1973 1557 2152 1613 nobis
2199 1559 2638 1632 interpretandi
2682 1560 2872 1618 lineas
2925 1562 3242 1634 afﬁngens,
3286 1567 3518 1640 nequiit
3556 1569 3646 1624 in-

1979 1647 2304 1719 trospicere
2330 1648 2497 1720 quod
2525 1665 2650 1706 non
2676 1652 2884 1707 omnia
2903 1652 3090 1710 verba
3106 1653 3334 1723 Latina,
3357 1671 3492 1728 quae
3507 1656 3642 1714 loco

191 1742 314 1798 sint
368 1741 545 1799 bona;
598 1742 752 1812 vim,
810 1741 906 1797 vel
953 1742 1342 1810 documenta,
1401 1741 1731 1815 aliquando
1787 1741 1864 1797 de
1904 1759 1944 1814 Β
1976 1735 2156 1792 unius
2181 1736 2277 1792 vel
2310 1738 2494 1794 Graeci
2522 1738 2617 1794 vel
2643 1739 2868 1797 Hebraei
2890 1743 3184 1799 sermonis
3212 1743 3308 1800 vel
3328 1745 3646 1818 cujuslibet

189 1832 519 1898 mensuris,
546 1847 658 1888 nec
688 1845 813 1888 non
840 1830 915 1887 de
952 1831 1241 1900 numeris,
1275 1831 1602 1903 aliquando
1639 1831 1715 1887 de
1746 1830 1862 1886 ele-

189 1924 540 1976 mentorum
573 1919 964 1993 qualitatibus
995 1924 1053 1976 et
1075 1919 1512 1993 quantitatibus
1539 1920 1815 1976 ordinata
1845 1926 1858 1963 ε

187 2008 255 2066 in
302 2009 474 2081 cujus
522 2007 1032 2082 disputationibus
1079 2009 1186 2082 qui
1233 2007 1524 2076 inciderit,
1573 2009 1675 2065 vix
1721 2024 1860 2065 raro

189 2098 324 2170 [al.,
363 2098 822 2171 autnunquam]
853 2097 1064 2155 evadet
1092 2117 1105 2155 :
1139 2097 1439 2154 detinetur
1468 2099 1631 2154 enim
1657 2098 1861 2154 verisi-

190 2187 440 2244 milibus
481 2187 700 2256 causis,
750 2191 806 2244 et
853 2187 1279 2244 commentitiis
1311 2187 1514 2258 rebus,
1556 2187 1706 2243 nihil
1736 2192 1860 2245 tam

188 2293 405 2334 verum
437 2277 765 2342 aestimans,
796 2293 982 2350 quam
1011 2277 1181 2350 quod
1209 2277 1576 2350 conspicitur
1605 2283 1662 2334 et
1689 2277 1859 2334 intel-

185 2365 393 2436 ligitur
418 2366 480 2422 in
497 2365 806 2422 elementis
833 2367 1001 2438 (Sap.
1024 2366 1126 2438 xv)
1149 2385 1162 2434 ;
1191 2371 1248 2422 et
1265 2368 1411 2440 quia
1439 2383 1576 2439 quae
1605 2367 1685 2424 ad
1703 2383 1857 2440 prae-

189 2471 331 2512 sens
357 2459 515 2522 sunt,
547 2459 606 2512 et
633 2460 980 2532 cernuntur,
1006 2455 1238 2525 oculus,
1273 2455 1480 2512 suavia
1506 2461 1564 2512 et
1598 2456 1856 2513 oblecta-

185 2544 336 2602 bilia
357 2545 655 2613 videntur,
681 2544 1024 2617 aliquantos
1055 2543 1374 2617 seducunt,
1396 2545 1502 2618 qui
1529 2544 1856 2618 spiritalem

184 2633 487 2690 rationem
507 2633 962 2708 despiciendam
994 2637 1052 2690 et
1078 2633 1467 2705 rejiciendam
1487 2633 1858 2708 putant,des-

183 2723 498 2796 peratione
526 2722 711 2779 futuri
740 2722 902 2792 (Sap.
937 2726 1026 2794 ιι),
1056 2738 1302 2778 omnem
1335 2723 1457 2778 vim
1488 2723 1665 2780 astris
1706 2725 1854 2781 assi-

184 2815 445 2882 gnantes
469 2812 638 2884 (Sap.
669 2816 798 2880 xu),
827 2811 1053 2866 carnali
1074 2811 1290 2869 rationi
1320 2811 1588 2882 obnoxii,
1620 2828 1696 2869 ne
1719 2829 1855 2883 gra-

181 2898 287 2956 via
313 2900 614 2956 credenda
645 2900 762 2955 sint
797 2900 1031 2956 sustolli
1071 2915 1250 2973 posse
1279 2900 1341 2956 in
1375 2900 1547 2968 coelo,
1579 2900 1674 2957 vel
1700 2900 1857 2957 levia

182 2988 392 3045 venire
413 2988 493 3044 ad
515 2993 723 3056 terras,
747 2993 854 3044 aut
873 2989 1102 3061 aliquid
1124 3005 1483 3062 corporeum
1504 2990 1631 3046 sine
1653 3006 1855 3046 rerum

1971 1824 2194 1896 linguai
2217 1825 2607 1900 interpretata
2626 1837 2958 1903 ponuntur,
2982 1849 3174 1888 unum
3205 1850 3444 1907 semper
3463 1837 3643 1908 signi-

1973 1913 2152 1970 ﬁcare
2182 1931 2428 1972 necesse
2468 1916 2579 1985 sit;
2627 1918 2734 1974 sed
2771 1935 2882 1992 pro
2921 1920 3196 1978 locorum
3225 1923 3640 1998 qualitatibus,

1973 2018 2136 2060 nunc
2161 2004 2278 2060 hoc
2313 2019 2475 2061 nunc
2522 2005 2672 2062 illud
2704 2008 3018 2065 ostendere
3051 2027 3064 2067 :
3093 2011 3641 2084 quemadmodum,

1973 2092 2126 2148 inter
2173 2098 2439 2166 caeteros,
2489 2095 2585 2151 vel
2632 2097 2900 2154 maxime
2949 2103 3194 2156 sanctus
3239 2100 3641 2175 Hieronymus

1973 2180 2393 2251 demonstrat;
2423 2184 2575 2241 sicut
2593 2189 2682 2241 est
2704 2187 2856 2258 Bar,
2895 2187 3064 2260 quod
3090 2189 3154 2244 in
3180 2194 3390 2247 nostra
3429 2190 3642 2262 lingua

1969 2271 2187 2338 ﬁlium,
2235 2289 2464 2343 purum
2497 2275 2786 2343 triticum,
2826 2282 2880 2333 et
2906 2278 3212 2348 spicarum
3250 2280 3635 2353 fasciculum,

1972 2362 2153 2432 atque
2172 2361 2423 2418 electum
2445 2361 2762 2432 signiﬁcat.
2783 2366 3067 2438 Nunquid
3086 2367 3224 2424 ideo
3246 2382 3437 2424 unum
3452 2369 3633 2426 idem-

1972 2464 2091 2521 que
2119 2448 2393 2506 dicentur
2413 2450 2753 2520 significare
2775 2457 2859 2510 tot
2878 2453 3154 2512 Romana
3167 2457 3638 2531 vocabula,quia

1973 2550 2084 2609 pro
2115 2552 2239 2592 uno
2264 2536 2360 2594 vel
2394 2537 2661 2607 Hebraeo,
2687 2539 2783 2596 vel
2813 2542 2962 2613 Syro
2982 2558 3259 2600 sermone
3287 2559 3399 2617 pro
3424 2544 3636 2602 intelli-

1974 2626 2314 2696 gentiarum
2343 2627 2736 2685 varietatibus
2767 2631 2968 2704 posita
2995 2630 3276 2703 leguntur
3299 2634 3326 2689 ‘I
3356 2635 3634 2704 Proinde,

1972 2716 2140 2788 quod
2177 2716 2253 2772 de
2301 2718 2846 2790 praedestinatione,
2879 2721 3234 2793 prtevisione
3281 2727 3339 2780 et
3376 2723 3638 2797 praeﬁni—

1976 2804 2139 2860 tione
2165 2812 2378 2877 morte,
2399 2808 2596 2879 poenis
2616 2813 2796 2882 atque
2819 2810 3150 2883 suppliciis,
3167 2810 3408 2885 loquaci
3433 2813 3634 2882 ttedio,

1975 2893 2253 2963 garrulus
2281 2895 2478 2964 magis
2511 2913 2699 2968 quam
2745 2897 3056 2970 eloquens,
3095 2899 3312 2970 iteras;
3345 2902 3636 2974 quoniam

1972 2997 2159 3052 supra
2176 2982 2320 3038 satis
2337 2982 2703 3057 abundeque
2719 2986 3097 3043 confutatum
3115 2994 3172 3045 et
3193 2990 3634 3047 comminutum

178 3077 547 3136 admistione
579 3077 872 3146 generari,
901 3084 1311 3150 repugnantes
1331 3079 1612 3150 potentia;
1633 3094 1704 3135 ac
1724 3095 1859 3152 pro_
1888 3111 1930 3167 Ο
1968 3070 2258 3133 noscitur,
2290 3087 2366 3127 ne
2397 3072 2482 3127 tui
2506 3073 2783 3146 exemplo
2805 3075 3019 3130 eadem
3039 3092 3163 3132 non
3193 3079 3528 3135 necessarie
3547 3094 3638 3136 re-

176 3166 464 3224 videntiae
493 3165 596 3221 Dei
629 3181 643 3220 :
671 3165 870 3222 sciunt
899 3166 1060 3221 enim
1083 3165 1203 3235 legi
1232 3166 1292 3222 in
1319 3166 1536 3223 divinis
1556 3168 1857 3224 veteribus

179 3255 580 3313 Hebraeorum
610 3253 1024 3310 voluminibus
1043 3254 1236 3311 multa
1262 3259 1429 3325 gesta
1453 3272 1562 3328 per
1590 3259 1854 3328 Moysen,

177 3361 322 3418 quae
336 3344 610 3400 humana
630 3344 782 3399 ratio
805 3359 930 3400 non
952 3344 1116 3416 capit
1139 3344 1332 3415 (Deut.
1356 3345 1455 3417 ιν).
1471 3345 1657 3400 Simili
1671 3346 1857 3403 modo

177 3439 242 3491 et
258 3434 324 3490 in
347 3433 516 3490 novis
545 3433 733 3503 libris,
752 3431 910 3491 facta
940 3449 976 3490 a
997 3433 1250 3490 Domino
1267 3438 1370 3490 aut
1390 3449 1498 3507 per
1525 3435 1852 3508 apostolos,

176 3538 322 3596 quae
366 3526 656 3578 tractatur
688 3523 952 3578 carnalis
998 3523 1280 3596 prohibet
1321 3524 1483 3580 credi
1522 3526 1679 3592 (Act.
1711 3528 1852 3598 xm).

177 3613 351 3668 Hanc
381 3627 524 3682 ergo
554 3611 938 3668 traditionem
967 3611 1419 3685 philosophiam
1469 3611 1746 3670 fallacem
1799 3619 1857 3672 et

177 3701 430 3757 inanem
478 3701 742 3774 appellat
771 3702 832 3773 (Ι
857 3703 994 3759 Cor.
1042 3706 1128 3772 ιι),
1159 3703 1304 3775 quia
1340 3717 1465 3759 non
1511 3719 1548 3760 a
1587 3705 1854 3778 potentia

178 3789 286 3845 Dei
306 3788 585 3846 ordinata
603 3790 829 3858 est,sed
849 3791 927 3847 ab
949 3789 1362 3847 imbecillitate
1381 3791 1854 3850 ratiocinationis

176 3878 490 3946 humanae,
513 3895 649 3952 qua:
666 3879 997 3952 potentiam
1018 3880 1120 3935 Dei
1153 3879 1312 3936 intra
1341 3879 1655 3938 scientiam
1677 3898 1852 3938 suam

179 3972 471 4035 coarctat,
501 3984 577 4024 ne
623 3968 792 4024 aliter
821 3969 1102 4024 credatur
1134 3967 1343 4039 facere,
1377 3985 1564 4042 quam
1592 3970 1851 4028 carnalis

180 4073 244 4113 se
278 4056 542 4113 continet
570 4058 759 4125 ratio;
792 4073 979 4130 quam
1011 4057 1264 4128 singulis
1293 4057 1600 4114 elementis
1642 4058 1855 4116 divini-

179 4147 323 4204 tatis
346 4145 682 4202 diversitate
704 4148 836 4215 (al.,
859 4146 1288 4218 diversitatem)
1310 4146 1602 4218 deputant
1622 4147 1702 4203 ad
1727 4148 1851 4204 cul-

173 4241 400 4303 turam,
433 4239 500 4292 ut
527 4235 794 4306 obligent
827 4235 1064 4292 animos
1102 4235 1538 4308 imperitorum,
1569 4251 1646 4292 ne
1675 4252 1739 4292 se
1773 4237 1852 4294 ad

174 4327 370 4382 Deum
407 4339 622 4380 verum
671 4323 1009 4380 extendant.
1062 4322 1467 4389 Quamobrem
1511 4324 1848 4383 cavendam

173 4415 386 4471 monet
419 4412 801 4470 traditionem
840 4413 1018 4470 istam
1062 4412 1208 4486 quia
1250 4413 1464 4468 mundi
1508 4412 1719 4470 cultrix
1757 4419 1850 4472 est

174 4503 342 4575 (Sap.
371 4502 516 4574 xui),
544 4518 671 4559 non
699 4502 803 4559 Dei
831 4503 936 4575 qui
975 4517 1132 4558 unus
1163 4502 1266 4570 esi,
1299 4517 1411 4558 nec
1439 4501 1519 4560 ad
1550 4502 1847 4560 Christum

175 4590 290 4648 sed
318 4606 357 4648 a
382 4590 616 4648 Christo
644 4591 958 4656 abstrahit,
983 4591 1046 4647 in
1067 4607 1190 4665 quo
1210 4589 1495 4665 perfectio
1523 4591 1850 4650 divinitatis

175 4681 319 4753 est.)

246 4773 290 4842 τ
323 4769 461 4836 Sed,
493 4774 560 4828 ut
588 4770 669 4828 ad
698 4771 1074 4845 propositum
1106 4771 1454 4839 redeamus,
1485 4772 1631 4845 quia
1660 4772 1722 4828 in
1744 4774 1848 4830 La-

173 4861 316 4918 tinis
345 4860 712 4918 dictionibus
755 4861 933 4918 nobis
983 4861 1203 4918 Atticas
1243 4861 1502 4932 origines
1531 4862 1845 4936 importas,

172 4953 259 5007 tot
312 4948 714 5006 Ecclesiarum
767 4949 1094 5021 magistris,
1153 4949 1526 5007 Graecitatem
1574 4951 1848 5024 apprime

173 5038 522 5112 scientibus,
552 5054 874 5112 nunquam
917 5037 1512 5112 praedestinationem
1541 5054 1653 5111 pro
1691 5055 1846 5112 prte-

169 5128 404 5185 visione
451 5127 653 5202 posita
688 5127 970 5199 legimus,
1023 5126 1317 5200 quoniam
1365 5141 1439 5183 ea
1484 5141 1594 5199 per
1641 5128 1848 5185 omnia

170 5214 409 5273 differre
438 5231 565 5274 non
606 5216 968 5274 nescierunt.
1014 5219 1186 5285 Nam,
1239 5216 1376 5273 licet
1420 5215 1567 5272 nihil
1612 5215 1845 5290 absque

168 5304 530 5376 praevisione
585 5305 780 5378 possit
831 5305 1268 5378 praedestinari,
1317 5303 1842 5379 quemadmodum

169 5391 245 5448 de
275 5393 560 5452 distantia
586 5393 978 5467 praescientiee
1026 5397 1083 5451 et
1126 5393 1672 5468 praedestinationis
1713 5395 1844 5466 jam

168 5481 346 5556 plura
367 5483 985 5555 congessimus.0uod
1009 5483 1062 5539 si
1087 5483 1634 5558 praedestinationis
1663 5499 1844 5541 voca-

166 5570 386 5629 bulum
412 5573 554 5630 huic
601 5571 922 5630 intellectui
966 5573 1260 5645 subjacet,
1299 5572 1450 5646 quid
1491 5572 1570 5630 de
1609 5572 1839 5630 caeteris

167 5662 552 5718 sentiendum
585 5678 970 5735 censes,qua3
998 5662 1060 5717 in
1091 5661 1374 5720 eumdem
1406 5678 1650 5720 sensum
1678 5661 1839 5734 posi-

166 5755 229 5810 ta
258 5751 619 5811 creberrime
666 5751 970 5826 leguntur,
999 5751 1182 5810 veluti
1220 5756 1308 5812 est
1356 5751 1647 5826 deputati,
1682 5749 1838 5811 dele-

1965 3163 2271 3232 petamus,
2304 3161 2578 3216 consulte
2609 3161 3069 3220 transiliendum
3100 3165 3488 3223 credidimus.

2039 3249 2320 3304 Attamen
2347 3248 2497 3305 illud
2521 3250 2857 3307 notandum
2885 3268 3101 3309 censeo
3130 3254 3297 3327 quod
3317 3271 3457 3312 cum
3477 3271 3634 3313 mor-

1966 3340 2089 3392 tem
2123 3353 2158 3393 a
2190 3337 2309 3393 Deo
2348 3353 2478 3394 esse
2507 3340 2824 3410 negaveris
2880 3341 3032 3415 (cap.
3081 3347 3166 3414 18,
3197 3359 3259 3400 ιι.
3301 3349 3356 3414 5,
3379 3349 3520 3402 sect.
3551 3350 3633 3430 ὅ),

1964 3431 2220 3483 mortem
2267 3429 2475 3484 mOrtis
2503 3434 2740 3486 {eterna}
2769 3431 2959 3487 vitam
2990 3437 3298 3504 aeternam,
3325 3434 3387 3490 id
3407 3440 3496 3492 est
3523 3429 3635 3492 D04

1963 3516 2198 3572 minum
2229 3522 2510 3574 nostrum
2544 3521 2746 3575 Jesum
2773 3521 3074 3578 Christum
3096 3522 3335 3595 dixeris,
3363 3524 3496 3598 ipso
3527 3541 3636 3599 per

1962 3605 2322 3678 prophetam
2361 3608 2805 3680 praenuntiante
2839 3627 2849 3663 :
2878 3611 2999 3667 Ero
3026 3627 3186 3668 mors
3215 3618 3341 3680 tua,
3371 3629 3403 3669 ο
3430 3631 3591 3670 mors
3612 3628 3638 3687 ;

1962 3709 2062 3750 ero
2100 3710 2332 3751 morsus
2366 3701 2526 3763 tuus,
2585 3699 2824 3768 inferne
2865 3699 3049 3769 (Osee.
3081 3716 3206 3756 xm.
3242 3704 3349 3773 14).
3384 3703 3443 3759 Si
3489 3718 3634 3774 ergo

1962 3783 2092 3856 ipse
2123 3801 2185 3841 se
2215 3790 2473 3842 mortem
2513 3788 2866 3859 pronuntiat
2891 3805 3024 3844 esse
3050 3789 3283 3861 mortis,
3319 3791 3632 3864 quomodo

1963 3889 2192 3942 negare
2212 3873 2401 3929 audes
2425 3880 2682 3932 mortem
2708 3893 2842 3932 esse
2871 3893 2908 3933 a
2939 3878 3059 3934 Deo
3079 3878 3107 3933 ?
3137 3879 3281 3934 Item
3301 3880 3468 3952 quod
3483 3880 3633 3937 dicis

1961 3962 2155 4018 deseri
2184 3977 2221 4017 a
2263 3963 2406 4029 Deo,
2436 3963 2500 4018 id
2525 3979 2645 4020 esse
2675 3965 2942 4021 interimi
2970 3970 3126 4039 (cap.
3165 3971 3250 4034 18,
3287 3983 3349 4023 ιι.
3393 3972 3448 4034 6,
3487 3975 3629 4026 sect.

1962 4053 2018 4116 5)
2053 4066 2065 4104 ε
2098 4063 2205 4104 nec
2234 4049 2395 4120 quod
2423 4051 2488 4106 in
2517 4051 2598 4107 eis
2627 4053 2753 4121 ipse
2776 4053 2946 4126 fecit,
2979 4056 3247 4127 relinqui
3271 4057 3366 4112 vel
3393 4057 3632 4115 deseri:

1961 4137 2234 4210 alioquin
2280 4152 2490 4195 earum
2538 4146 2826 4198 naturam
2873 4157 2946 4199 ac
2997 4143 3259 4201 nihilum
3317 4146 3534 4216 redire,
3579 4149 3634 4204 si

1961 4240 2192 4283 summa
2222 4229 2474 4284 essentia
2503 4229 2568 4285 in
2598 4232 2679 4286 eis
2700 4246 2820 4286 non
2856 4232 2954 4299 sit,
2986 4233 3091 4290 sed
3113 4234 3274 4306 quod
3300 4235 3366 4292 in
3397 4236 3478 4293 eis
3507 4251 3629 4294 non

1959 4316 2128 4388 fecit,
2153 4316 2219 4372 id
2240 4321 2325 4373 est
2349 4317 2715 4391 superbiam,
2757 4323 2964 4391 sperni
2991 4321 3146 4396 (cap.
3187 4326 3276 4390 l8,
3304 4339 3364 4382 ιι.
3395 4329 3448 4394 7,
3483 4331 3624 4384 sect.

1963 4405 2016 4479 6)
2049 4423 2063 4463 :
2095 4421 2343 4480 prorsus
2371 4409 2604 4468 veritati
2632 4412 2927 4484 reniteris,
2973 4429 3110 4486 qua:
3145 4415 3334 4471 Deum
3357 4415 3628 4487 judicem

1955 4495 2363 4568 justissimum
2403 4503 2584 4574 atque
2613 4501 3226 4575 irreprehensibilem,
3260 4503 3323 4559 id
3351 4504 3519 4577 quod
3547 4505 3631 4562 fe-

1959 4586 2060 4660 cit,
2090 4587 2155 4644 id
2182 4593 2272 4646 est
2317 4590 2567 4660 angelos
2609 4597 2919 4664 apostatas
2963 4596 3021 4649 et
3056 4591 3336 4651 homines
3382 4593 3625 4666 impios,

1958 4677 2171 4735 merito
2215 4679 2546 4752 iniquitatis
2583 4696 2795 4737 eorum
2834 4681 3049 4754 punire
3084 4681 3390 4754 praedicat.
3435 4684 3623 4742 Deum

1957 4783 2204 4840 quoque
2234 4768 2296 4825 in
2328 4785 2402 4826 ea
2433 4773 2656 4827 natura
2684 4787 2871 4844 quam
2912 4771 2992 4828 ad
3035 4787 3097 4828 se
3126 4773 3349 4830 creavit
3388 4789 3626 4847 semper

1955 4855 2232 4914 habitare
2257 4857 2413 4915 falso
2445 4859 2688 4930 astruis,
2711 4861 2885 4932 cujus
2900 4860 3192 4918 habitatio
3221 4877 3354 4919 non
3375 4863 3500 4919 nisi
3521 4879 3632 4937 per

1958 4947 2214 5017 gratiam
2235 4947 2540 5006 edocetur.
2573 4949 2824 5007 Proinde
2853 4950 3022 5023 quod
3041 4951 3104 5009 in
3131 4951 3418 5010 laudibus
3459 4953 3620 5013 beati

1956 5037 2275 5108 Augustini
2314 5054 2630 5112 perorans,
2674 5056 2799 5097 non
2849 5057 2989 5098 eum
3030 5042 3244 5100 eodem
3285 5044 3472 5103 modo
3514 5061 3618 5103 vo-

1952 5124 2138 5184 luisse
2177 5126 2426 5201 intelligi
2457 5146 2772 5189 asseveras
2802 5131 2970 5206 quod
3014 5132 3164 5192 dixit
3209 5151 3222 5191 :
3259 5150 3418 5209 quos
3459 5137 3619 5207 juste

1953 5215 2407 5289 praedestinavit
2435 5217 2515 5274 ad
2543 5235 2813 5292 poenam,
2847 5237 2970 5295 quo
2999 5222 3190 5282 voluit
3227 5223 3396 5297 quod
3425 5222 3568 5280 dixit
3599 5240 3614 5280 :

1953 5319 2110 5376 quos
2139 5303 2401 5375 benigne
2441 5307 2893 5379 praedestinavit
2940 5310 3019 5368 ad
3058 5312 3333 5382 gratiam,
3387 5310 3618 5368 affatim

1951 5393 2268 5467 praemissa
2295 5391 2630 5453 confutant.
2681 5400 2883 5472 Neque
2922 5415 3167 5458 necesse
3198 5405 3287 5458 est
3332 5405 3399 5458 ut
3443 5400 3615 5458 toties

1952 5483 2184 5553 evitata,
2220 5485 2401 5558 quasi
2437 5485 2824 5546 formidanda
2853 5490 3155 5563 superﬂue
3180 5489 3578 5548 inculcantur.

2023 5571 2176 5639 Quid
2205 5575 2516 5648 tantOpere
2545 5575 2648 5633 Dei
2679 5577 3116 5649 providentiam
3149 5578 3368 5650 calcas,
3396 5583 3454 5637 et
3483 5580 3614 5652 ejus

1949 5659 2450 5733 dispositionibus
2466 5664 2688 5738 impius
2706 5666 2959 5724 obvias?
2977 5671 3140 5726 Certe
3159 5669 3392 5743 qui,Dei
3409 5675 3618 5744 poten-

1951 5750 2044 5810 tiae
2101 5751 2686 5831 dispensaﬁonisque
2734 5760 3025 5835 expertes,
3067 5759 3251 5822 vitam
3290 5757 3612 5829 duxerunt,
