3950 6386
395 300 531 355 1215

1472 293 1529 348 8.
1571 284 1947 346 PRUDENTII
1984 279 2363 339 τιωσιιηδιε
2401 283 2742 341 EPISOOPI.

3688 287 3831 344 1316

391 420 768 495 quantalibet
796 418 1177 488 ingeniorum
1214 414 1545 471 acrimonia
1574 410 2050 485 prtepollentem,
2077 408 2129 460 Α
2165 405 2528 478 considerat,
2559 412 2624 463 ut
2651 408 2725 464 de
2754 424 2827 464 eo
2856 421 3356 480 unumquemque
3386 406 3698 478 dijudicet.
3747 411 3838 465 Vi-

391 510 674 584 quamvis
699 509 823 565 fato
844 506 1204 577 fortunaque
1224 504 1410 559 vitam
1438 502 1775 558 humanam
1796 498 1894 567 agi
1918 512 2053 552 sua-

392 599 537 656 dere
566 600 944 659 conarentur,
983 609 1375 667 nequaquam
1403 592 1637 665 absque
1675 587 2053 664 providentia

390 688 520 744 ﬂeri
553 684 988 759 praedicabant,
1019 698 1157 738 cum
1186 698 1258 738 ea
1287 682 1402 737 diis
1432 681 1786 752 deabusque
1827 675 2052 734 adscri-

390 777 599 833 berent
619 789 773 847 quos
790 772 1047 845 propriis
1062 772 1245 828 etiam
1264 771 1578 827 vocabulis
1591 767 2052 841 nuncupabant,

391 863 581 921 fatum
605 862 877 918 videlicet
892 866 949 918 et
969 860 1289 917 fortunam.
1305 865 1385 916 Ac
1403 876 1644 916 rursum
1663 858 1767 914 fati
1790 857 2052 913 triﬁdam

390 951 873 1007 distributionem
916 949 1028 1005 sub
1064 949 1415 1005 nominibus
1445 952 1708 1018 Megerze,
1741 946 1961 1011 Alecto,
2000 947 2057 999 et

391 1039 738 1113 Tisiphone.
773 1041 1041 1105 Quarum
1070 1038 1572 1111 dispositionibus
1610 1038 1739 1092 vitae
1770 1037 2054 1091 humanae

389 1134 609 1198 ortum,
641 1127 1343 1202 procursum,ﬁnemque
1360 1126 1725 1183 tribuebant.
1746 1126 1830 1181 Ita
1852 1130 1916 1179 ut
1943 1138 2055 1179 nec

388 1218 749 1286 felicitatem,
790 1233 901 1272 nec
946 1214 1373 1283 infelicitatem,
1414 1230 1526 1270 nec
1562 1215 1823 1271 fortunia
1859 1226 2055 1285 neque

388 1307 715 1364 infortunia
748 1306 980 1379 absque
1001 1306 1253 1361 deorum
1272 1321 1522 1361 suorum
1550 1305 1882 1360 dearumve
1900 1302 2058 1358 ordi-

390 1396 632 1453 natione
651 1395 976 1468 ﬁeriposse
1000 1393 1296 1450 ullatenus
1318 1393 1808 1449 afﬁrmarent/Pu
1827 1397 2053 1459 contra,

392 1490 450 1541 et
472 1485 706 1541 veritati
734 1489 792 1540 et
817 1484 1122 1553 ﬁgmentis
1142 1484 1363 1556 pariter
1393 1484 1830 1551 contradicens,
1856 1481 2055 1545 aufers

391 1572 514 1629 veri
554 1573 678 1629 imo
718 1571 904 1628 solius
941 1572 1045 1627 Dei
1082 1570 1551 1644 providentiam,
1600 1571 2059 1643 dispositionem

393 1667 577 1735 atque
600 1661 918 1733 judicium,
958 1676 1097 1715 cum
1140 1662 1438 1733 propheta
1484 1660 1664 1715 lsaias
1714 1660 1789 1715 de
1835 1676 1958 1715 uno
2004 1662 2063 1714 et

391 1765 536 1807 vero
566 1752 689 1806 Deo
713 1749 1026 1805 manifeste
1062 1749 1413 1821 proclamet,
1463 1752 1520 1805 S.
1560 1750 1926 1821 Hieronymo
1957 1764 2059 1803 ex-
2092 1769 2130 1822 Β

392 1845 655 1912 ponente
683 1839 746 1894 in
776 1838 950 1908 lsaia,
981 1837 1083 1893 lib.
1111 1854 1150 1893 v
1190 1854 1203 1893 :
1248 1840 1378 1893 Hoc
1408 1839 1748 1905 consilium,
1780 1838 1941 1908 quod
1968 1853 2061 1893 co-

391 1928 585 1999 gitavi
616 1943 797 1997 super
824 1941 1009 1983 amem
1042 1933 1285 1994 terram,
1321 1933 1373 1982 et
1407 1928 1535 1983 haec
1583 1934 1666 1982 est
1708 1941 1925 1982 manus
1964 1942 2057 1983 ea:-

393 2023 558 2074 tenta
581 2031 763 2087 super
787 2019 1099 2073 universas
1126 2023 1363 2087 gentes;
1402 2017 1685 2071 Dominus
1710 2018 1866 2071 enim
1889 2031 2059 2072 exer-

392 2108 619 2164 cituum
644 2107 941 2178 decrevit;
970 2112 1025 2162 et
1055 2109 1187 2177 quis
1207 2107 1435 2176 poterit
1458 2108 1645 2173 inﬁrn'
1665 2111 1817 2161 are?
1846 2112 1902 2162 et
1935 2122 2060 2162 ma-

390 2210 504 2252 nus
525 2199 655 2266 ejus
674 2200 953 2266 extenta;
980 2202 1035 2251 et
1060 2197 1190 2267 quis
1212 2201 1439 2251 avertet
1462 2209 1592 2251 eam
1614 2199 1643 2249 ξ)
1667 2197 1808 2261 (Ιεα.
1834 2211 1955 2262 xw,
1982 2196 2057 2266 5).

393 2287 517 2341 Hoc
535 2284 671 2340 loco
684 2284 935 2356 quidam
957 2285 1324 2340 arbitrantur
1340 2283 1683 2354 generalem
1704 2300 1835 2340 csse
1855 2300 1967 2340 con
1978 2288 2064 2339 tra

394 2387 642 2429 omnem
670 2373 881 2429 orbem
909 2372 1311 2445 prophetiam,
1354 2372 1606 2445 etquod
1655 2375 1906 2429 vastitas
1953 2376 2059 2428 Ba-

392 2461 635 2535 bylonis
660 2466 718 2518 et
747 2462 1007 2535 Assyriis
1049 2461 1305 2517 civitatis
1334 2467 1518 2533 typus
1564 2462 1639 2517 sit
1670 2477 2062 2518 consumma-

393 2540 571 2607 tiouis
599 2550 834 2620 mundi,
867 2549 1088 2622 quibus
1125 2564 1521 2621 nequaquam
1565 2551 2060 2619 contradicimus,

394 2637 545 2695 dum
575 2638 837 2694 sciamus
852 2637 948 2693 hic
978 2651 1222 2693 omnem
1255 2642 1477 2692 terram
1506 2637 1891 2708 Assyriorum
1922 2652 2062 2709 pro-

396 2726 526 2800 prie
551 2726 899 2795 signiﬁcari,
948 2731 1005 2782 et
1047 2725 1364 2781 universas
1410 2729 1617 2795 gentes
1660 2724 1856 2781 socias
1907 2725 2063 2795 regis

396 2814 626 2888 Assyrii
652 2815 1089 2871 demonstratae
1123 2831 1138 2868 :
1169 2814 1468 2887 quidquid
1494 2819 1698 2871 autem
1729 2830 1767 2871 a
1807 2816 2062 2871 Domino

395 2904 705 2961 decretum
735 2908 841 2973 est,
873 2903 1094 2959 nullius
1121 2902 1339 2960 virtute
1367 2904 1742 2976 prohibetur,
1783 2908 1840 2959 et
1862 2908 2063 2959 exten-

395 2998 523 3051 tam
558 3008 812 3050 manum
857 2994 1009 3064 ejus,
1055 2998 1111 3049 et
1148 2993 1228 3049 ad
1259 2994 1718 3065 percutiendum
1757 2998 2059 3067 paratum,

2161 494 2373 552 delicct
2395 502 2458 553 ut
2500 503 2603 554 aut
2627 499 2701 555 de
2731 499 2851 553 ﬁne
2900 498 3084 567 bono,
3115 497 3294 553 bonis
3322 497 3489 553 bona
3516 498 3832 563 retribuat,

2162 592 2269 639 aut
2287 585 2361 639 de
2382 585 2500 642 ﬁne
2533 587 2693 644 malo
2724 587 2898 643 malis
2930 602 3102 659 teque
3132 585 3296 642 mala
3315 586 3631 659 rependat.
3667 588 3833 654 Quid

2161 672 2365 746 itaque
2398 678 2765 733 contrarium
2796 677 2890 732 vel
2910 676 3052 732 ﬁdei
3082 676 3178 732 vel
3209 676 3313 731 Dei
3341 677 3584 747 justitiee
3616 695 3830 735 susur-

2159 767 2347 829 ratur,
2379 764 2425 818 si
2454 764 2516 819 id
2543 765 3005 838 praedestinasse
3058 764 3405 820 ﬁdelissime
3445 765 3832 840 praedicetur,

2161 851 2328 922 quod
2358 868 2496 908 eum
2517 854 2611 908 vel
2631 854 2990 922 decrevisse,
3014 853 3108 909 vel
3133 853 3530 921 constituisse,
3563 855 3659 912 vel
3686 871 3835 912 con-

2165 940 2448 1003 siderare,
2472 958 2653 998 verax
2683 946 2988 1015 Scriptura
3013 959 3137 999 non
3163 947 3339 1000 tacet.
3370 944 3685 1001 Terminus
3712 945 3828 1015 igi-

2164 1034 2259 1087 tur
2287 1032 2547 1087 hominis
2578 1049 2732 1105 quos
2762 1033 3087 1097 constituit,
3143 1032 3205 1088 id
3236 1037 3327 1088 est
3377 1033 3834 1105 prmdestinavit

2164 1127 2344 1194 atque
2374 1122 2669 1194 disposuit
2697 1140 2709 1177 :
2740 1124 2818 1177 Et
2858 1124 3277 1178 universorum
3316 1123 3497 1191 ﬁnem
3534 1124 3661 1192 ipse
3690 1140 3835 1180 con-

2164 1212 2409 1280 siderat,
2442 1216 2506 1265 ut
2535 1226 2608 1266 ex
2638 1210 2722 1266 eis
2747 1210 3073 1282 unicuique
3122 1210 3410 1266 retribuat
3438 1212 3607 1283 quod
3638 1228 3833 1269 mere-

2168 1305 2284 1366 tur,
2312 1299 2428 1355 hoc
2458 1299 2669 1371 procul
2699 1299 2887 1354 dubio
2917 1299 3391 1371 praedestinavit,
3436 1299 3500 1355 id
3544 1305 3635 1356 est
3690 1306 3832 1357 ante

2170 1387 2393 1443 saecula
2412 1388 2713 1461 disposuit
2737 1406 2750 1456 ;
2775 1388 2920 1460 quia
2946 1388 3060 1443 hoc
3091 1388 3395 1460 pra-scivit
3421 1388 3836 1447 indubitanter

2169 1481 2347 1549 atque
2377 1479 2703 1550 praznovit:
2734 1494 2859 1533 non
2885 1494 3028 1547 ergo
3066 1482 3320 1547 negetur
3359 1478 3486 1534 imo
3513 1483 3677 1535 tanta
3702 1496 3833 1552 per-

2168 1567 2387 1623 tinacia
2426 1568 2815 1641 impugnetur
2834 1568 3001 1640 quod
3025 1568 3373 1625 auctoritate
3385 1572 3441 1624 et
3467 1568 3697 1625 ratione
3728 1585 3831 1625 ve-

2168 1656 2356 1712 ritatis
2375 1656 2761 1712 lucidissima:
2793 1656 3244 1728 comprobatur.

2244 1746 2408 1801 Unde
2439 1751 2495 1802 et
2522 1746 2838 1816 Gregorius
2868 1746 2929 1801 in
2952 1746 3266 1802 litoralibus
3296 1745 3419 1816 (lib.
3447 1763 3611 1816 xvui,
3654 1762 3708 1802 c.
3747 1748 3834 1818 l7)

2169 1834 2251 1889 sic
2282 1835 2398 1891 ait:
2424 1836 2704 1905 [Tempus
2732 1836 2932 1905 posuit
2974 1835 3250 1900 tenebris,
3299 1840 3353 1890 et
3400 1836 3832 1892 universorum

2169 1926 2349 1993 ﬁnem
2380 1926 2505 1994 ipse
2542 1925 2902 1994 considerat,
2941 1925 3067 1993 ipse
3097 1930 3324 1993 tempus
3343 1925 3539 1993 posuit
3573 1926 3834 1981 tenebris

2172 2015 2305 2084 (Job
2325 2031 2573 2084 xxxvm,
2604 2018 2675 2086 3),
2706 2014 2929 2086 iniquis
2958 2013 3232 2069 videlicet
3271 2013 3521 2069 modum
3570 2031 3694 2087 quo
3726 2015 3837 2071 ini-

2172 2104 2273 2175 qui
2303 2121 2431 2159 esse
2445 2105 2755 2160 desistant.
2782 2105 2945 2160 Unde
2972 2104 3056 2158 eis
3086 2119 3192 2175 per
3222 2104 3574 2177 Apostolum
3591 2104 3832 2161 dicitur:

2170 2194 2376 2250 Eratis
2407 2195 2741 2266 aliquando
2772 2194 3054 2260 tencbrw,
3072 2209 3234 2250 nunc
3265 2198 3464 2250 autem
3498 2195 3609 2250 tua:
3633 2195 3698 2250 in
3719 2197 3837 2251 Do-

2174 2286 2333 2340 mino
2384 2286 2620 2355 (Ephes.
2653 2301 2715 2349 v,
2745 2285 2818 2355 8).
2878 2284 3036 2340 Sicut
3079 2283 3209 2339 aliis
3245 2299 3489 2357 quoque
3519 2284 3835 2357 discipulis

2172 2372 2369 2427 isdem
2392 2372 2603 2428 doctor
2632 2372 2909 2442 egregius
2959 2371 3100 2427 dicit
3125 2390 3137 2424 :
3165 2372 3307 2427 Nox
3332 2374 3655 2441 praecessit,
3708 2373 3834 2429 dies

2172 2466 2371 2517 autem
2396 2461 2931 2531 appropinquavit,
2963 2459 3323 2528 abjiciamus
3361 2473 3502 2530 ergo
3523 2475 3705 2529 opera
3757 2466 3835 2516 te-

2170 2550 2518 2617 nebrarum,
2552 2554 2607 2605 et
2642 2549 2968 2604 induamus
3009 2564 3116 2603 nos
3146 2563 3320 2605 arma
3367 2549 3540 2618 lucis,
3566 2551 3722 2605 sicut
3770 2550 3833 2605 in

2171 2640 2269 2695 die
2298 2640 2539 2696 honeste
2566 2639 2939 2695 ambulemus
2964 2640 3154 2706 (Rom.
3187 2655 3317 2707 xm,
3347 2642 3456 2707 t2).
3491 2638 3655 2695 Unde
3684 2642 3748 2695 et
3771 2638 3834 2695 in

2171 2726 2429 2782 Canticis
2461 2726 2856 2793 canticorum,
2918 2725 3181 2781 Ecclesia
3232 2724 3530 2790 veniente,
3576 2725 3831 2782 dicitur:

2173 2814 2314 2882 Quae
2344 2820 2426 2870 est
2456 2815 2542 2871 ita
2572 2830 2705 2885 quae
2735 2813 3154 2884 progreditur,
3203 2816 3378 2885 quasi
3423 2828 3657 2871 aurora
3697 2829 3837 2871 con-

2170 2918 2421 2974 surgens
2448 2906 2476 2957 ?
2504 2902 2699 2975 (Cant.
2728 2919 2806 2965 v1,
2841 2902 2913 2973 9).
2949 2907 3160 2975 Aperte
3182 2901 3345 2958 enim
3375 2902 3636 2959 Ecclesia
3663 2918 3839 2959 auro-

2169 3010 2251 3048 rae
2282 2998 2635 3065 comparata
2664 2992 3046 3061 describitur,
3093 3009 3230 3064 quae
3268 3008 3378 3065 per
3428 2992 3834 3063 cognitionem

393 3098 577 3141 nemo
597 3084 810 3157 poterit
830 3084 1377 3155 coercere.]-Hdem
1400 3085 1462 3140 in
1483 3085 1698 3141 eodem
1724 3103 1737 3140 :
1766 3086 1919 3151 [Hoc
1937 3100 2062 3141 ver-
2095 3123 2135 3177 Ο
2168 3081 2309 3137 ﬁdei
2339 3098 2375 3137 a
2406 3085 2798 3153 peccatorum
2833 3096 3086 3136 suorum
3120 3080 3379 3137 tenebris
3422 3081 3486 3138 in
3517 3082 3682 3138 clara
3704 3081 3837 3138 luce

397 3175 559 3239 bum,
576 3174 739 3245 quod
766 3175 999 3230 locutus
1030 3179 1118 3230 est
1150 3176 1436 3230 Dominus
1465 3174 1546 3230 ad
1608 3175 1787 3230 Moab
1816 3189 1891 3231 ea:
1921 3180 2063 3231 tunc
2100 3169 2135 3177 “”
2163 3169 2407 3241 juStitiee
2425 3171 3120 3239 commutatur.Tempus
3135 3172 3837 3240 ergoposuittenebris,et

395 3265 539 3335 (Isa.
558 3278 660 3318 xvi
672 3266 743 3331 ,3)
771 3278 782 3331 ;
809 3277 881 3318 ex
907 3277 1030 3335 quo
1054 3268 1235 3335 putas
1264 3268 1531 3334 tempore
1550 3266 1578 3317 ?
1602 3263 1876 3318 videlicet
1904 3279 1976 3318 ex
1993 3278 2064 3318 eo

395 3368 521 3426 quo
550 3356 786 3408 creatus
806 3355 895 3406 est
919 3351 1092 3409 Moab
1118 3370 1131 3418 ;
1163 3357 1220 3406 et
1241 3352 1530 3407 Dominus
1560 3351 1676 3407 ait:
1709 3353 1988 3407 Moabitae
2009 3357 2066 3408 et

395 3442 753 3495 Ammanitae
775 3453 893 3494 non
924 3439 1239 3494 intrabunt
1272 3441 1335 3495 in
1366 3441 1699 3496 Ecclesium
1725 3443 1831 3497 Dei
1857 3441 2059 3511 (Deut.

396 3542 563 3589 nm,
596 3527 671 3597 3),
705 3526 832 3581 sive
861 3530 1081 3581 extunc
1110 3540 1223 3598 pro
1268 3527 1521 3598 antiquo
1552 3532 1820 3599 tempore
1849 3529 2063 3584 intelli-

398 3631 635 3686 gamus,
669 3613 838 3687 quod
878 3613 1021 3670 olim
1066 3613 1274 3670 divina
1320 3616 1612 3673 sententia
1656 3617 1773 3672 ista
1818 3617 2063 3674 decreta

398 3705 550 3774 sint;
577 3720 700 3760 non
736 3703 902 3776 quod
948 3703 1326 3775 prtescientia
1357 3704 1453 3759 Dei
1482 3719 1732 3760 causam
1775 3706 2063 3761 vastitatis

396 3793 675 3865 attulerit,
708 3792 817 3848 sed
860 3791 1027 3865 quod
1068 3792 1267 3849 futura
1304 3792 1556 3848 vastitas
1604 3793 1706 3847 Dei
1749 3794 2060 3864 majestate

396 3887 665 3957 praenota
692 3882 810 3955 sit.]
834 3884 877 3953 -ι-
907 3882 1070 3937 Idem
1102 3882 1166 3938 in
1195 3883 1412 3939 eodem
1444 3899 1457 3938 :
1488 3883 1802 3953 (Dominus
1839 3886 2062 3940 exerci-

394 3977 565 4028 tuum
588 3972 872 4042 cogitavit
896 3978 958 4027 ut
989 3971 1333 4027 detraheret
1351 3972 1698 4040 superbiam
1722 3974 1913 4028 omnis
1938 3974 2064 4043 glo-

394 4062 524 4129 riae,
541 4066 597 4117 et
625 4061 706 4117 ad
726 4061 1117 4131 ignominiam
1133 4060 1451 4117 deduceret
1469 4063 1776 4117 universos
1800 4062 2061 4132 inclytus

396 4150 773 4219 terrae(Deut.
803 4150 1198 4222 nm,9),quia
1220 4164 1405 4221 supra
1424 4150 1848 4219 interrogantis
1870 4166 2059 4223 more,

395 4237 673 4293 dixerat:
707 4237 847 4304 Quis
890 4239 1173 4307 cogitavit
1222 4239 1335 4294 hoc
1377 4253 1558 4308 super
1605 4242 1831 4309 Tyrum
1877 4257 2063 4312 quon-

395 4326 537 4382 dam
566 4331 915 4381 coronatam
948 4326 976 4380 ?
1008 4325 1161 4397 (Ibid
1190 4366 1205 4393 ,
1234 4328 1288 4399 8)
1318 4342 1479 4383 nunc
1520 4328 1648 4400 ipse
1683 4330 2012 4401 respondet
2045 4348 2057 4386 :

393 4428 518 4470 non
534 4412 796 4469 fatorum
816 4414 904 4485 (ut
927 4413 1087 4470 stulti
1115 4416 1354 4487 putant)
1376 4415 1459 4470 sic
1487 4415 1590 4471 ﬁla
1615 4416 1875 4472 deducta
1897 4422 2056 4485 sunt,

392 4516 519 4558 non
581 4501 837 4558 fortuna:
902 4502 1086 4559 currit
1146 4506 1316 4571 rota;
1384 4502 1494 4559 sed
1547 4504 1650 4559 Dei
1709 4505 1940 4574 judicio
2002 4509 2060 4563 et

389 4590 582 4664 ipsius
598 4590 906 4647 voluntate
932 4591 1263 4664 perfectum
1292 4596 1380 4648 est
1413 4609 1425 4647 :
1458 4593 1573 4659 Qui
1594 4594 1867 4662 superbis
1887 4596 2060 4650 resis-

393 4682 489 4752 tit,
517 4686 573 4739 et
602 4681 931 4739 humilibus
958 4681 1065 4739 dat
1094 4683 1359 4753 gratiam
1387 4682 1541 4753 (Jac.
1572 4699 1649 4751 IV,
1681 4684 1762 4754 6),
1805 4686 1863 4738 et
1893 4698 2059 4739 com-

390 4774 597 4827 monet
626 4775 979 4842 arrogantes
1019 4770 1380 4827 conditionis
1410 4787 1555 4840 suae,
1589 4776 1655 4827 ut
1681 4772 1919 4829 discant
1948 4788 2058 4845 po-

393 4861 643 4917 tentiam
679 4862 810 4932 ejus
841 4876 952 4933 per
978 4861 1307 4929 miseriam,
1336 4861 1511 4932 cujus
1541 4861 1923 4919 clementiam
1954 4878 2062 4935 per

390 4950 691 5007 beneﬁcia
716 4952 933 5009 sentire
960 4951 1326 5022 noluerant]
1369 4952 1413 5022 -ι-
1453 4952 1692 5008 Certum
1738 4958 1833 5010 est
1869 4952 2061 5009 omni-

393 5040 882 5111 potentissimum
903 5041 1175 5112 judicem
1206 5042 1558 5099 auctoritate
1604 5041 1826 5099 divinae
1877 5044 2057 5117 scrip-

391 5133 563 5195 turae,
598 5144 669 5186 ac
698 5130 1073 5188 concinentia
1111 5135 1501 5189 tractatorum
1524 5131 1797 5189 ﬁdelium
1825 5149 1949 5190 non
1980 5133 2056 5190 de

393 5218 604 5285 initiis,
635 5218 743 5275 sed
782 5219 858 5275 de
890 5220 1004 5275 ﬁne
1050 5213 1425 5293 quémquam
1472 5222 1770 5293 judicare,
1821 5224 2055 5280 dicente

392 5309 697 5382 Scriptura
727 5325 741 5365 :
767 5309 849 5365 Et
875 5310 1288 5366 universorum
1325 5313 1505 5379 ﬁnem
1545 5312 1669 5380 ipse
1715 5314 2053 5369 considerat

392 5396 523 5468 (Job
576 5412 785 5464 xxvm,
837 5397 913 5468 3),
961 5413 1170 5469 quare,
1236 5414 1465 5471 quaeso,
1512 5401 1930 5457 universorum
1984 5402 2055 5470 ﬁ-

388 5501 520 5543 nem
543 5490 668 5557 ipse
696 5487 1036 5546 considerat
1062 5489 1090 5545 ?
1115 5488 1417 5562 numquid,
1450 5492 1516 5545 ut
1536 5489 1856 5564 quidpiam
1884 5491 2049 5563 novi,

389 5577 451 5630 et
501 5575 669 5647 quod
713 5580 960 5634 eatenus
1009 5576 1398 5647 ignoraverit,
1448 5577 1724 5636 addiscat
1761 5581 1774 5635 !
1833 5580 2047 5636 Absit:

391 5662 499 5718 sed
549 5665 653 5734 qui
688 5665 953 5722 hominis
1003 5668 1283 5724 terminos
1346 5671 1675 5731 constituit,
1729 5673 1834 5741 qui
1886 5686 2046 5740 pra:-

2171 3261 2585 3316 universorum
2618 3261 2799 3329 ﬁnem
2824 3260 2950 3328 ipse
2975 3260 3316 3315 considerat
3347 3260 3477 3331 (Job
3506 3276 3717 3326 xxvm,
3747 3260 3831 3332 3):

2169 3351 2588 3406 universorum
2619 3349 2867 3405 nomine
2896 3353 2953 3405 et
2976 3348 3195 3405 electos
3221 3350 3410 3406 voluit
3437 3354 3493 3406 et
3541 3350 3833 3423 reprobos

2171 3437 2623 3509 comprehendi.
2653 3440 2801 3493 Nam
2832 3438 2995 3493 bona
3017 3437 3239 3494 faciens
3265 3442 3321 3494 et
3351 3437 3637 3494 ordinans
3654 3440 3831 3506 Deus,

2172 3523 2335 3579 mala
2379 3540 2519 3580 vero
2567 3540 2691 3580 non
2733 3522 2982 3594 faciens,
3016 3525 3121 3580 sed
3174 3525 3253 3582 ab
3282 3525 3509 3598 iniquis
3556 3525 3733 3597 facta,
3759 3540 3835 3581 ne

2168 3612 2506 3669 inordinate
2561 3614 2842 3670 eveniant
2902 3614 3031 3685 ipse
3080 3614 3432 3686 disponens,
3495 3614 3837 3671 considerat

2172 3703 2594 3759 universorum
2622 3704 2830 3772 ﬁnem,
2880 3708 2939 3760 et
2992 3705 3289 3776 patienter
3338 3705 3553 3762 tolerat
3606 3706 3830 3762 omnia.

2170 3796 2363 3861 Atque
2388 3791 2651 3847 intuetur
2670 3791 2993 3847 electorum
3022 3794 3369 3865 terminum,
3391 3795 3558 3867 quod
3579 3812 3653 3851 ex
3673 3794 3833 3851 malo

2170 3884 2475 3934 mutentur
2502 3880 2582 3934 ad
2601 3879 2834 3935 bonum
2860 3898 2873 3947 ;
2903 3880 3165 3936 intuetur
3196 3881 3376 3937 etiam
3433 3884 3833 3955 reproborum

2170 3970 2377 4040 ﬁnem,
2400 3967 2569 4041 quod
2595 3969 2670 4024 de
2694 3968 2854 4025 malo
2871 3985 3051 4042 opere
3072 3969 3329 4039 dignum
3354 3975 3738 4029 retrahuntur
3755 3973 3832 4030 ad

2171 4058 2556 4131 supplicium.
2589 4058 2753 4114 Videt
2798 4058 2984 4114 ﬁnem
3033 4059 3449 4131 pet-sequentis
3503 4061 3689 4118 Sauli
3714 4077 3830 4135 quo

2170 4152 2503 4221 prostratus
2525 4147 2780 4204 diceret:
2817 4149 3089 4215 Domine,
3121 4149 3268 4220 quid
3296 4164 3387 4206 me
3418 4149 3599 4219 jubes
3630 4151 3832 4220 facere

2173 4239 2331 4309 (Act.
2362 4255 2438 4305 ιιι,
2461 4241 2539 4309 6),
2572 4237 2716 4294 vidit
2738 4238 2923 4293 ﬁnem
2940 4238 3117 4310 quasi
3146 4239 3537 4311 obsequentis
3566 4241 3833 4310 Discipu-

2175 4328 2221 4384 li
2239 4328 2405 4400 quod
2434 4344 2544 4400 pro
2562 4326 2887 4383 commisso
2928 4327 3149 4384 scelere
3181 4332 3385 4399 guttur
3411 4327 3633 4401 laqueo
3663 4329 3833 4385 strin-

2174 4421 2336 4486 geret
2362 4417 2603 4485 (Mattn.
2632 4433 2814 4472 xxvu.
2851 4416 2924 4489 ὃ),
2951 4432 3134 4488 seque
3186 4422 3244 4473 et
3274 4421 3631 4490 peccantem
3658 4417 3830 4490 puni-

2172 4511 2280 4571 ret,
2307 4511 2364 4562 et
2386 4505 2645 4562 deterius
2671 4504 2982 4577 puniendo
3014 4505 3338 4579 deciperet;
3362 4506 3511 4562 vidit
3528 4507 3829 4563 Ninivitas

2169 4594 2587 4667 delinquentes
2618 4595 2777 4664 (Jon.
2814 4610 2854 4661 ι,
2886 4594 2943 4665 2)
2976 4595 3080 4649 sed
3104 4594 3504 4650 consideravit
3528 4594 3715 4650 ﬁnem
3729 4594 3827 4651 de-

2167 4683 2568 4756 linquentium
2613 4683 3029 4756 paenitentiam
3080 4688 3484 4739 correctorum
3527 4684 3687 4754 (Jon.
3738 4702 3823 4755 ιιι,

2174 4773 2277 4843 10).
2309 4772 2462 4828 Vidit
2504 4787 2752 4844 quoque
2798 4771 3121 4829 Sodomam
3152 4771 3605 4845 delinquentem
3662 4772 3821 4843 (Gen.

2166 4878 2335 4928 xvm,
2367 4861 2480 4932 20),
2511 4860 2618 4916 sed
2648 4860 3051 4917 consideravit
3098 4861 3285 4917 ﬁnem
3311 4860 3544 4917 ardoris
3571 4860 3824 4917 luxuria:

2166 4951 2367 5022 ignem
2391 4950 2681 5022 gehennae
2708 4951 2870 5021 (Gen.
2900 4966 3028 5015 xxx,
3057 4952 3169 5021 24).
3205 4950 3357 5007 Vidit
3386 4948 3728 5020 gentilitatis
3758 4949 3828 5006 ﬁ-

2165 5056 2326 5104 nem,
2353 5040 2542 5112 quod,
2574 5056 2865 5113 possessa
2896 5040 3285 5112 iniquitatum
3313 5038 3590 5106 tenebris,
3633 5054 3826 5111 quan-

2165 5134 2366 5204 doque
2422 5130 2565 5187 ﬁdei
2615 5131 2748 5187 luce
2782 5130 3153 5187 claresceret.
3192 5131 3349 5187 Vidit
3388 5129 3569 5187 etiam
3604 5129 3823 5187 Iudam

2165 5222 2509 5286 terminum,
2542 5221 2730 5294 quod,
2763 5220 2843 5277 ab
2872 5237 2945 5277 ea
2985 5221 3120 5277 luce
3157 5220 3300 5277 ﬁdei
3339 5235 3530 5293 quam
3555 5219 3817 5289 tenebat,

2162 5313 2475 5370 obdurataa
2524 5311 2792 5385 perﬁdiae
2838 5327 2900 5368 se
2955 5311 3215 5368 tenebris
3268 5314 3537 5369 careat-et.
3569 5312 3613 5380 ιιι
3671 5314 3819 5367 Sane

2161 5417 2302 5457 cum
2327 5401 2496 5458 dicis.

2745 5552 2993 5594 JOANNES
3024 5552 3231 5594 SCOTUS

2229 5672 2395 5744 (Cap.
2425 5671 2507 5739 18,
2531 5686 2698 5728 num.
2720 5676 2773 5740 9,
2807 5677 2948 5728 sect.
2973 5676 3027 5744 7)
3044 5678 3087 5725 Θ
3114 5671 3584 5729 Ρνωάεςείηαυὶε
3610 5670 3815 5740 itaque

397 5748 567 5805 teriri
606 5767 727 5808 non
769 5759 1079 5822 poterunt,
1126 5756 1208 5814 ad
1244 5757 1363 5813 hoc
1413 5758 1834 5816 universorum
1860 5760 2045 5816 ﬁnem
2152 5761 3815 5832 Deusimpiosadpwnamvelinuritummocestcircum-
