3950 6388
157 304 291 359 1317

1101 310 1188 363 DE
1228 302 1902 367 PREDESTINATIONB
1944 308 2224 367 CONTRA
2261 312 2311 370 J.
2353 313 2649 373 SCOTUM.

152 426 392 497 scripsit
434 440 528 483 eos
581 428 810 499 legibus
855 432 977 486 suis
1018 432 1631 502 incommutabilibus,
1665 446 1817 505 quas
1849 432 1897 487 Α
1939 432 1995 488 Si
2017 433 2265 507 inquam
2296 436 2443 492 nihil
2471 437 2635 494 aliud
2665 443 2753 495 est
2770 441 3220 513 prmdestinatio
3241 460 3426 517 quam
3447 462 3597 518 prse-

155 530 358 573 eorum
382 518 659 590 impietas
684 521 936 577 evadere
963 534 1084 577 non
1104 524 1425 592 permittit.

221 607 543 677 +Profecto
573 608 860 665 veraciter
878 610 1171 681 deﬁnisti;
1204 628 1385 684 porro
1415 614 1582 687 quod
1608 613 1780 670 addis
1807 633 1820 670 :

223 699 388 770 (Cap.
428 700 513 763 18,
554 713 726 753 num.
761 696 845 768 10,
878 704 1019 757 sect.
1054 702 1135 771 7.)
1168 706 1206 755 Θ
1232 703 1331 758 Ad
1353 719 1596 773 paruam
1623 706 1825 774 profe-

158 793 247 844 eto
298 801 490 843 suam.
540 789 627 843 Ea
680 790 899 860 quippe
937 790 1273 861 difﬁcultas
1303 808 1424 864 qua
1470 792 1827 863 prohibetur

157 876 469 949 pervenire
498 878 579 933 ad
609 890 678 934 ea
709 892 844 951 gnte
873 880 1186 938 libidinose
1213 889 1527 953 appetunt,
1560 884 1827 954 efﬁcitur

160 966 238 1023 eis
270 967 536 1036 poenalis
576 968 878 1037 interitus,
910 976 963 1026 et
991 982 1116 1028 suo?
1144 972 1493 1029 miserrimae
1524 972 1825 1043 cupidinis

152 1056 517 1126 justissimus
547 1060 875 1114 cruciatus.
1423 1048 1436 1076 ‘

827 1179 1131 1223 CORRECTIO
1141 1198 1155 1223 ι

228 1271 270 1342 -ι-
295 1269 556 1328 Omnino
584 1268 870 1329 fallaciter
902 1290 1213 1333 asseveras
1241 1294 1255 1345 ;
1290 1274 1392 1332 ubi
1422 1282 1479 1334 et
1503 1272 1652 1333 illud
1682 1275 1825 1334 satis

163 1361 400 1433 stupere
429 1375 684 1433 nequeo,
716 1360 822 1434 qui
852 1362 1089 1434 pridem
1127 1362 1534 1435 ignorantiam
1568 1364 1828 1421 veritatis
1894 1384 1909 1403 ο

163 1454 218 1506 et
244 1449 631 1509 beatitudinis
661 1451 894 1509 miseris
944 1451 1292 1524 induxeras,
1328 1456 1500 1528 cujus
1527 1454 1828 1529 appetitus

164 1541 421 1609 egestate
465 1555 627 1596 nunc
675 1557 778 1597 eos
821 1541 1075 1600 cruciari
1122 1544 1397 1616 deﬁnias,
1431 1544 1653 1617 quibus
1680 1544 1828 1601 boni

164 1626 503 1700 cujuspiam
529 1630 853 1702 appetendi
873 1630 1003 1703 jam
1033 1649 1145 1690 nec
1189 1632 1439 1692 scientia
1469 1632 1692 1690 suberit
1719 1649 1827 1688 nec

163 1714 460 1774 voluntas.
494 1715 609 1775 Sed
653 1722 710 1776 et
756 1737 895 1777 cum
940 1722 1231 1779 veraciter
1280 1738 1591 1781 asseveras
1620 1738 1829 1779 nume-

162 1821 297 1861 rum
316 1806 626 1881 utriusque
651 1809 837 1881 partis
869 1809 1197 1868 electorum
1223 1818 1405 1886 atque
1426 1813 1827 1885 reproborum

164 1911 200 1950 a
236 1894 356 1951 Deo
398 1896 898 1969 praedestinatum
943 1904 999 1955 et
1030 1900 1416 1974 praeﬁnitum,
1450 1902 1599 1974 quid
1630 1918 1828 1957 causa:

162 1986 251 2042 est
279 1988 344 2041 ut
367 1986 823 2060 prtedestinatos
869 1989 947 2046 ad
987 1990 1291 2048 interitum
1331 2009 1535 2062 neges,
1567 2008 1829 2065 quorum

162 2090 485 2132 numerum
524 2076 1018 2150 praedestinatum
1068 2086 1124 2137 et
1169 2081 1533 2154 praefinitum
1584 2081 1829 2139 minime

163 2161 473 2236 denegas?
504 2164 830 2226 Videamus
880 2169 1027 2243 quid
1082 2171 1261 2228 etiam
1308 2178 1518 2228 contra
1571 2170 1829 2243 teipsum

164 2255 310 2326 agat
336 2257 440 2309 tua
484 2255 795 2329 expositio.
828 2256 1093 2331 Denique
1124 2276 1264 2315 cum
1306 2258 1381 2315 de
1417 2263 1532 2316 Deo
1562 2259 1827 2315 diceres:

747 2380 989 2421 JOANNES
1030 2381 1256 2423 SCOTUS.

235 2464 406 2538 (Cap.
441 2469 527 2537 18,
560 2483 728 2524 num.
765 2470 845 2538 11,
876 2476 1015 2527 seet.
1052 2474 1131 2543 8.)
1161 2477 1201 2525 Θ
1252 2472 1536 2529 Omnibus
1567 2474 1834 2530 tribuens

166 2554 325 2623 leges
371 2571 513 2613 suas
557 2560 842 2615 servandi
887 2567 1261 2629 potestatem,
1295 2564 1349 2619 si
1387 2565 1633 2632 vellent,
1663 2570 1832 2619 ante-

167 2658 350 2715 quam
394 2660 594 2705 omnes
637 2664 701 2704 in
746 2664 867 2705 uno
896 2657 1257 2719 peccarent;
1288 2652 1391 2709 sed
1414 2668 1535 2708 non
1562 2653 1833 2709 omnibus

166 2733 440 2791 tribuens
470 2742 537 2793 ut
567 2738 754 2795 velint
789 2746 922 2809 post
958 2747 1297 2811 peccatum,
1324 2757 1686 2811 praeparans
1716 2744 1833 2800 ele-

162 2828 289 2879 ctos
332 2824 416 2880 ad
458 2825 905 2896 beatitudinem,
935 2830 1254 2899 disponens
1280 2831 1562 2901 reprobos
1593 2838 1659 2888 ut
1687 2833 1832 2904 suis,

160 2914 439 2982 quamvis
486 2916 681 2983 inviti,
717 2917 943 2987 legibus
978 2920 1264 2987 serviant,
1310 2935 1444 2977 cum
1483 2936 1626 2987 non,
1658 2926 1724 2975 ut
1751 2923 1835 2977 sic

159 3001 279 3057 sibi
305 3004 623 3072 servirent,
650 3008 1103 3074 praedestinavit
1143 3024 1242 3064 eos
1261 3009 1595 3078 faciendos,
1630 3010 1732 3066 sed
1767 3016 1832 3065 ut

1933 524 2202 595 paratio;
2253 526 2520 599 sequitur
2566 533 2650 599 ut,
2683 530 3208 602 quemadmodum
3247 535 3592 607 prmparati,

1935 612 1995 668 id
2027 619 2117 670 est
2144 615 2399 688 praepari
2429 632 2466 672 a
2494 617 2709 690 seipsis
2738 619 2817 675 ad
2845 634 3091 692 poenam
3119 622 3395 695 permissi
3417 629 3592 693 sunt;

1936 702 2015 758 ita
2044 703 2255 776 procul
2298 703 2487 761 dubio
2518 706 2943 779 praedestinati,
2971 709 3031 765 id
3062 713 3154 766 est
3179 711 3597 783 praadestinari

1934 806 1970 847 a
2020 791 2230 865 seipsis
2278 794 2358 849 ad
2404 810 2651 867 pinnam
2694 797 2992 869 permissi,
3037 797 3406 871 intelligendi
3456 802 3592 859 sint.

1936 883 2037 937 Est
2082 886 2282 939 autem
2336 883 2588 955 malum,
2619 889 2696 952 et,
2729 890 2794 942 ut
2843 886 2927 943 ita
2969 888 3245 955 dixerim,
3294 890 3595 948 malorum

1935 970 2209 1027 omnium
2261 974 2617 1045 pessimum,
2652 989 2993 1049 prasparare
3038 978 3134 1033 vel
3174 979 3596 1051 prsedestinare

1935 1073 1999 1143 se
2026 1061 2359 1133 quemlibet
2385 1063 2464 1119 ad
2491 1056 2756 1136 poenam,
2788 1065 2868 1121 ad
2896 1080 3084 1139 quam
3131 1068 3333 1124 nullus
3357 1079 3595 1144 praepa-

1934 1139 2103 1207 ratur
2130 1168 2166 1208 a
2194 1168 2255 1207 se
2286 1152 2379 1208 vel
2408 1154 2871 1225 praedestinatur
2898 1157 3014 1213 nisi
3062 1158 3227 1216 mala
3252 1139 3598 1233 perpetran-

1935 1242 2037 1309 do,
2067 1241 2126 1297 id
2156 1246 2244 1298 est
2266 1244 2577 1315 peccando
2603 1261 2615 1300 :
2651 1247 2716 1301 Et
2745 1244 2893 1317 quid
2916 1246 3093 1302 facies
3120 1249 3595 1320 praeclarissima:

1937 1330 2297 1403 expositioni
2344 1334 2479 1401 tute,
2526 1345 2650 1405 qua
2705 1338 2850 1399 tam,
2908 1335 3287 1407 pertinaciter
3333 1341 3596 1395 astruere

1937 1421 2168 1478 subiisti
2210 1424 2822 1495 praedestinationem,
2857 1431 2914 1481 et
2958 1428 3480 1499 praeparationem,
3525 1444 3597 1485 ac

1937 1512 2378 1585 praevisionem,
2406 1514 2525 1580 Dei,
2550 1529 2674 1570 non
2698 1514 2816 1571 nisi
2836 1515 2897 1570 in
2927 1516 3125 1572 electis
3151 1518 3295 1589 poni
3315 1518 3343 1573 ‘l
3374 1522 3597 1590 Nempe

1937 1602 2120 1675 paulo
2147 1602 2424 1676 superius
2447 1602 2725 1660 dixeras:

2508 1762 2755 1806 δΟΔΝΝΕΒ
2794 1763 3025 1805 8001⁸118.

2008 1852 2177 1924 (Cap.
2236 1854 2324 1918 18,
2364 1868 2533 1910 num.
2572 1858 2655 1917 l5,
2698 1858 2839 1911 sect.
2886 1858 2965 1923 8.)
3016 1860 3056 1909 Θ
3098 1856 3375 1913 Omnium
3408 1859 3599 1928 igitur

1938 1957 2083 2012 quos
2129 1944 2288 1998 Deus
2344 1943 2593 2012 creavit,
2642 1944 3105 2012 praedestinatus
3157 1951 3242 2002 est
3291 1961 3595 2003 numerus.

1937 2033 2076 2101 Sed,
2107 2033 2390 2103 quoniam
2422 2032 2715 2089 Conditor
2734 2034 3016 2102 praevidit
3049 2037 3243 2103 ipsum
3280 2051 3597 2093 numerum

1939 2122 2004 2178 in
2044 2124 2245 2191 primo
2293 2122 2530 2179 homine
2566 2123 2931 2192 generaliter
2958 2124 3319 2196 periturum,
3350 2131 3597 2195 excepto

1940 2212 2208 2268 vulneris
2237 2211 2682 2282 medicamento,
2715 2213 2876 2283 quod
2904 2218 2987 2269 est
3018 2212 3335 2285 Christus;
3361 2215 3598 2284 prcede-

1940 2301 2205 2367 stinavit,
2240 2299 2351 2355 hoc
2378 2305 2462 2355 est
2506 2305 2825 2370 antequam
2852 2301 3065 2369 ﬁerent
3103 2301 3392 2373 deﬁnivit,
3425 2309 3480 2359 et
3509 2319 3599 2360 eo-

1941 2406 2077 2446 rum
2107 2405 2423 2446 numerum
2452 2405 2597 2460 quos
2626 2405 2735 2447 sua
2770 2393 2974 2461 gratia
3006 2391 3393 2457 liberaturus,
3422 2398 3479 2450 et
3506 2409 3601 2450 eo-

1941 2495 2077 2536 rum
2107 2495 2251 2551 quos
2293 2495 2406 2536 sua
2423 2479 2669 2549 justitia
2697 2481 3021 2536 relicturus
3045 2497 3058 2536 :
3102 2481 3164 2535 in
3195 2482 3322 2538 istis
3350 2483 3600 2539 clemen-

1943 2573 2041 2625 tiae
2065 2584 2191 2625 sum
2230 2570 2389 2625 dona
2437 2568 2716 2639 daturus,
2742 2572 2806 2625 in
2836 2570 2961 2624 illis
2989 2574 3229 2625 naturas
3263 2585 3597 2644 numerum,

1941 2674 2058 2731 quo
2088 2660 2449 2717 universitas
2476 2660 2888 2730 perﬁceretur,
2920 2659 3297 2728 impleturus.

2620 2816 2922 2858 CORRECTIO

2012 2913 2055 2982 ιι-
2080 2913 2226 2966 Ecce
2255 2909 2528 2983 praevidit
2554 2910 2618 2966 in
2656 2909 2819 2966 malo
2852 2910 3138 2984 positum,
3168 2912 3333 2969 tanta
3361 2910 3602 2968 eviden-

1942 2999 2025 3055 tia
2049 2998 2319 3071 posuisti,
2352 3001 2415 3053 ut
2458 3013 2681 3069 negare
2727 3013 2976 3071 prorsus
3024 2999 3191 3055 nulla
3226 3000 3603 3072 impudentia

160 3092 216 3147 ei
237 3092 557 3149 voluntate
598 3095 873 3163 perfecta
918 3097 1316 3154 adhaererent.
1353 3099 1532 3154 Inviti
1555 3104 1752 3155 autem
1784 3100 1838 3155 ei
1866 3138 1908 3193 Ο
1944 3086 2165 3143 “11888-
2198 3085 2339 3151 Qllis
2359 3085 2519 3141 enim
2546 3085 2758 3193 Ρξθξξΐθς
2785 3085 3017 3151 malum
3048 3102 3177 3142 esse
3202 3102 3327 3187 Ποῐξ
3350 3087 3601 3187 dixerit?

159 3183 457 3249 serviunt,
490 3198 611 3238 non
634 3185 879 3242 illorum
911 3192 1161 3255 natura,
1192 3201 1373 3258 quam
1402 3189 1465 3243 in
1496 3189 1577 3244 eis
1607 3189 1752 3258 fecit
1780 3195 1835 3245 et

160 3272 226 3327 in
251 3271 343 3328 eis
370 3288 491 3328 non
525 3276 728 3343 punit,
751 3275 856 3331 sed
896 3276 1064 3333 mala
1102 3277 1415 3333 voluntate
1456 3293 1634 3349 quam
1664 3280 1726 3334 in
1755 3280 1836 3335 eis

159 3362 389 3429 punit;
415 3362 479 3417 in
510 3376 576 3419 eo
607 3365 765 3420 enim
790 3366 952 3436 quod
977 3366 1033 3422 ei
1068 3367 1247 3423 inviti
1274 3368 1566 3435 serviunt,
1597 3369 1661 3424 in
1683 3370 1835 3438 seip-

163 3450 246 3506 sis
271 3465 391 3508 sua
415 3464 617 3520 pana.

844 3541 1149 3584 CORRECTIO
1157 3567 1171 3584 ο

235 3620 280 3691 1-
310 3619 485 3678 Velut
507 3620 898 3695 explananda
929 3624 1257 3682 subnectis.

742 3745 770 3787 J
777 3744 989 3786 OANNES
1034 3746 1262 3787 SCOTUS.

239 3823 409 3899 (Cap.
445 3830 530 3895 18,
561 3839 732 3882 num.
769 3827 855 3893 l2,
888 3832 1030 3885 sect.
1061 3830 1135 3902 8).
1170 3834 1211 3883 Θ
1241 3830 1330 3886 De
1358 3843 1481 3903 qua
1510 3846 1655 3903 quos
1673 3833 1841 3901 juste

167 3914 327 3971 Deus
354 3929 477 3970 non
509 3913 744 3977 liberat.
776 3914 859 3972 ad
887 3930 1016 3973 eam
1049 3919 1187 3973 illos
1217 3919 1653 3989 quodammodo
1674 3934 1839 3990 pra:-

161 4004 375 4070 parat,
416 3999 561 4055 dum
608 4014 704 4056 eos
751 4001 833 4057 ad
882 4015 1011 4058 eam
1060 4004 1281 4073 seipsos
1332 4017 1690 4073 praeparare
1705 4019 1840 4074 per-

166 4090 392 4145 mittat.

236 4180 282 4250 ·ι-
311 4177 548 4235 Dixisse
573 4181 630 4235 te
658 4178 848 4235 multo
879 4184 1060 4238 antea
1093 4179 1373 4252 legimus.

239 4269 440 4340 (Num.
479 4268 563 4339 13,
595 4285 731 4342 cap.
768 4270 853 4341 10,
887 4275 1030 4326 sect.
1058 4276 1136 4339 3.)
1173 4276 1213 4325 Θ
1242 4272 1441 4328 Simili
1466 4271 1642 4328 modo
1673 4274 1726 4328 si
1753 4274 1842 4329 ni-

167 4356 259 4413 hil
282 4358 464 4415 aliud
491 4363 576 4414 est
598 4359 1077 4431 praedestinaiio,
1101 4360 1260 4417 nihil
1285 4374 1508 4430 eorum,
1532 4375 1666 4433 quos
1685 4363 1839 4419 Deus

163 4447 456 4517 facienda
479 4448 769 4517 prtevidit
792 4452 1188 4519 praeparatio.

240 4539 287 4608 εί-
316 4540 388 4593 Et
413 4552 681 4593 rursum.

242 4627 447 4700 (Num.
480 4628 561 4693 14,
586 4640 723 4699 cap.
753 4629 809 4695 9,
842 4630 987 4683 sect.
1017 4628 1100 4699 ὃ.)
1120 4631 1159 4681 Θ
1192 4627 1319 4695 Quo
1336 4629 1483 4698 jure
1504 4633 1698 4697 potest
1721 4628 1846 4685 dici

167 4716 657 4785 prcedestinatio,
685 4715 751 4772 id
789 4721 875 4774 est
906 4718 1284 4787 praparatio
1313 4719 1380 4773 in
1423 4732 1506 4785 eo,
1535 4719 1643 4790 qui
1670 4720 1844 4774 nullo

177 4807 464 4878 temporis
510 4806 837 4863 intervallo
876 4808 1205 4877 praecessit,
1235 4822 1351 4879 quo
1404 4808 1747 4877 disponeret
1773 4822 1844 4865 ea

176 4911 312 4967 quae
332 4898 619 4965 facturus
638 4900 805 4964 esset,
834 4898 1010 4967 cujus
1033 4898 1441 4966 operationem
1471 4912 1592 4953 non
1613 4912 1844 4968 praece—

177 4985 271 5042 dit
289 4986 692 5057 praeparatio.

866 5071 1177 5113 CORRBCTIO

251 5167 294 5236 -ι-
322 5164 382 5222 Si
414 5162 751 5221 secundum
798 5167 854 5220 te
896 5163 1045 5221 nihil
1092 5163 1258 5220 aliud
1288 5167 1377 5222 est
1401 5163 1846 5238 praedestinatio

177 5268 370 5327 quam
396 5252 783 5327 prteparatio,
809 5251 1083 5322 cogimur
1109 5253 1171 5310 in
1210 5254 1324 5311 hac
1355 5257 1459 5310 tua
1480 5252 1847 5327 expositione

177 5342 512 5415 intelligere
532 5344 722 5399 Deum
742 5342 893 5398 sicut
905 5358 1305 5416 praeparasse,
1324 5343 1387 5399 id
1416 5347 1503 5400 est
1520 5343 1740 5416 impios
1769 5342 1850 5400 ad

180 5446 434 5505 pcenam
454 5432 684 5506 seipsos
702 5447 1043 5505 praeparare
1064 5433 1431 5506 permisisse,
1443 5433 1526 5490 ita
1545 5432 1852 5506 praedesti-

181 5520 466 5587 nasse,id
486 5525 577 5578 est
595 5535 699 5578 eos
720 5520 800 5578 ad
816 5536 954 5577 eam
985 5537 1051 5579 se
1080 5521 1247 5595 ipsos
1267 5521 1696 5596 praedestinare
1720 5537 1851 5595 per-

181 5611 447 5669 misisse.
471 5614 539 5668 Et
556 5614 997 5684 consequenter
1005 5616 1303 5669 evertetur
1320 5611 1489 5685 quod
1512 5611 1696 5670 tantis
1716 5610 1853 5669 alle-

186 5701 535 5772 gationibus
579 5700 816 5757 conaris
859 5699 1092 5757 efﬁcere
1116 5718 1147 5758 ε·
1180 5701 1767 5775 praedestinationem
1797 5705 1854 5758 et

182 5790 698 5864 prsperan
715 5788 1203 5857 Deimonnisiin
1219 5790 1425 5850 electis
1442 5788 1851 5862 etinstisﬁesi.

1947 3175 1999 3232 si
2027 3190 2172 3246 ergo
2212 3175 2367 3230 Deus
2415 3173 2687 3246 praevidit
2732 3174 2934 3247 ipsum
2961 3190 3287 3232 numerum
3312 3175 3375 3232 in
3404 3175 3603 3248 primo

1945 3265 2188 3322 homine
2248 3262 2599 3334 generaliter
2647 3262 2998 3334 periturum,
3058 3263 3325 3336 profecto
3372 3263 3603 3321 malum

1946 3352 2242 3427 praevidit,
2271 3356 2330 3409 et
2374 3351 2444 3417 si,
2485 3355 2554 3407 ut
2589 3351 2782 3422 juras,
2833 3350 2955 3407 imo
3002 3352 3297 3425 perjuras,
3339 3352 3486 3409 nihil
3517 3357 3607 3410 est

1901 3514 1909 3525 .
1947 3441 2112 3498 aliud
2156 3440 2586 3514 pradestinare
2630 3455 2817 3512 quam
2864 3438 3194 3511 praevidere
3220 3444 3276 3497 et
3301 3456 3606 3514 praepara-

1947 3549 2010 3588 re
2035 3550 2050 3601 ;
2079 3530 2372 3601 colligitur
2400 3529 2578 3585 tantis
2603 3532 2718 3585 tuae
2750 3527 3095 3601 pervicacius
3116 3529 3606 3598 astructionibus,

1948 3625 2012 3677 ut
2055 3619 2288 3675 dicatur
2333 3621 2487 3673 Deus
2535 3614 3059 3690 quemadmodum
3098 3617 3479 3692 praevidisse,
3525 3617 3611 3677 ita

1948 3712 2127 3766 etiam
2157 3709 2618 3782 praedestinasse
2646 3711 2703 3763 et
2730 3723 3110 3781 praeparasse
3140 3724 3464 3764 numerum
3491 3708 3608 3765 hu-

1948 3798 2115 3856 mani
2148 3797 2379 3869 generis
2404 3798 2779 3869 periturum;
2829 3810 2940 3851 nec
2986 3798 3141 3851 stare
3175 3798 3453 3867 poterunt
3481 3811 3611 3852 sen-

1948 3888 2141 3946 tentiae
2172 3893 2303 3954 tuae,
2334 3885 2559 3959 quibus
2590 3885 2882 3940 hactenus
2923 3887 3088 3940 tanta
3130 3884 3462 3958 pertinacia
3488 3882 3612 3942 efﬁ-

1950 3993 2083 4033 cere
2120 3976 2362 4033 molitus
2415 3990 2477 4030 es
2514 3975 2697 4029 Deum
2750 3989 2860 4029 nec
2890 3970 3264 4044 praevidisse,
3295 3990 3407 4032 nec
3454 3991 3610 4049 prae-

1950 4064 2302 4134 destinasse,
2354 4078 2466 4118 nec
2530 4076 2906 4134 praeparasse
2961 4060 3215 4131 malum,
3268 4068 3608 4136 peccatum,

1949 4169 2165 4229 pmnas
2208 4156 2389 4225 atque
2430 4154 2749 4208 tormenta.
2783 4149 2971 4207 Perire
3018 4151 3245 4225 quippe
3283 4150 3613 4227 quemlibet

1952 4260 2062 4299 suo
2122 4242 2266 4298 vitio
2329 4240 2560 4298 malum
2626 4245 2750 4296 est:
2814 4255 3063 4313 poenam
3126 4238 3241 4298 sibi
3307 4258 3612 4318 quemque

1952 4333 2127 4389 malis
2192 4331 2427 4389 actibus
2499 4345 2853 4403 comparare
2926 4328 3318 4388 nihilominus
3381 4333 3613 4390 malum

1953 4428 2060 4482 est.
2110 4422 2167 4481 Si
2223 4421 2405 4493 igitur
2449 4421 2567 4478 ista
2612 4422 2768 4477 Deus
2821 4418 3112 4493 praevidit,
3162 4422 3613 4495 praepararique

1951 4517 2297 4589 peccatores
2326 4527 2363 4569 a
2387 4510 2597 4584 seipsis
2627 4506 2701 4566 ad
2726 4525 2798 4566 ea
2827 4507 3118 4581 permisit,
3148 4509 3377 4565 malum
3411 4510 3613 4583 utique

1952 4602 2244 4678 praevidit,
2287 4595 2862 4674 praedestinavit,'ac
2908 4597 3288 4671 praeparavit.
3316 4598 3612 4670 Quodque

1953 4691 2272 4765 subjungis
2293 4708 2309 4748 ι

2533 4793 2772 4835 JOANNES
2811 4792 3040 4837 SCOTUS.

2026 4893 2195 4961 (Cap.
2262 4888 2347 4958 18,
2390 4901 2562 4957 num,
2599 4888 2686 4956 16,
2747 4888 2889 4941 sect.
2945 4884 3020 4955 9.)
3062 4887 3102 4936 Θ
3150 4881 3617 4941 Prasdestinavit

1954 4982 2157 5052 itaque
2182 4977 2394 5047 impios
2424 4976 2662 5033 aeternis
2714 4975 2835 5031 suis
2876 4972 3342 5045 justissimisque
3389 4972 3617 5044 legibus

1956 5071 2142 5129 invite
2175 5069 2520 5132 servituros,
2548 5080 2761 5137 eosque
2806 5065 2983 5122 nullo
3029 5065 3253 5134 impetu
3295 5064 3616 5134 impietatis

1956 5174 2079 5219 sua:
2106 5160 2169 5216 in
2192 5156 2568 5229 profundum
2599 5155 2847 5211 malitiae
2887 5154 3181 5211 tendentis
3228 5153 3614 5220 transituros,

1957 5265 2140 5324 eoque
2182 5249 2357 5306 modo
2395 5246 2690 5317 puniendi
2730 5245 3105 5304 interituros.
3150 5245 3343 5300 Nulla
3398 5242 3620 5314 quippe

1957 5340 2205 5413 gravior
2224 5352 2410 5408 poena
2439 5335 2739 5405 inﬂigitur
2757 5349 2926 5390 servo
2965 5335 3190 5405 iniquo,
3224 5346 3405 5406 quam
3433 5333 3500 5385 ut
3529 5343 3621 5386 co-

1957 5436 2143 5504 gatur
2170 5428 2393 5486 servire
2439 5426 2665 5483 invitus
2697 5425 2867 5494 justo
2914 5425 3187 5480 Domino.
3222 5422 3374 5477 Plus
3402 5418 3620 5477 etenim

1959 5523 2023 5577 in
2052 5519 2238 5589 seipso
2283 5517 2536 5574 interius
2582 5513 2857 5585 superbae
2893 5511 3221 5570 voluntatis
3257 5510 3497 5580 patitur
3525 5509 3619 5563 in-

1959 5612 2305 5675 citamenta,
2347 5622 2531 5679 quam
2571 5604 2834 5662 exterius
2883 5604 2947 5659 in
2995 5616 3245 5672 corpore
3295 5597 3621 5656 durissima

1957 5700 2247 5772 ﬂagella;
2281 5698 2384 5770 qui
2404 5712 2539 5753 cum
2560 5694 2801 5751 Domini
2817 5693 2914 5749 sui
2941 5692 3311 5749 voluntatem
3340 5701 3621 5760 spernere

1961 5800 2083 5848 non
2110 5788 2352 5851 sinitur.
2380 5788 2549 5845 intra
2576 5784 2965 5854 Δεθιηειίρειιηι
2990 5795 3033 5841 a
3052 5782 3245 5853 seipso
3282 5778 3619 5839 cruciatur.
