3950 6438
404 327 540 380 1319

1059 455 1382 496 CORRECTIO.

469 540 511 607 -ι-
538 537 906 604 Quocunque
933 529 1116 585 modo
1138 545 1200 585 se
1225 529 1446 584 habeat
1470 526 1728 601 poenalis
1751 525 1866 581 ista
1883 523 2053 579 dam-

397 625 581 694 natio,
610 623 813 694 utique
855 635 891 675 a
921 622 1039 674 Deo
1077 617 1568 691 przedestinatam
1599 613 1842 684 asseris,
1869 627 1906 668 a
1929 626 2052 684 quo

395 714 756 772 refrenatam
785 713 965 781 atque
1004 707 1334 764 cohibitam
1378 705 1762 779 pereuntium
1803 701 2054 758 malivo-

392 802 657 868 lentiam,
691 815 765 854 ne
795 797 874 854 ad
903 800 1141 869 optatos
1186 810 1511 868 procursus
1540 791 1871 866 perveniat,
1901 788 2053 858 dog-

393 891 661 949 matizas.
698 889 756 946 Si
783 887 962 957 igitur
998 885 1102 941 Dei
1132 890 1221 941 est
1262 885 1376 940 ista
1399 882 1718 940 refrenatio
1747 885 1926 953 atque
1958 894 2053 933 co-

390 980 619 1046 hibitio,
660 977 986 1049 legumque
1039 974 1384 1030 divinarum
1442 968 1933 1043 circumscriptio,
1987 970 2053 1022 ut

387 1069 623 1139 legibus
655 1068 783 1138 ejus
833 1064 998 1121 inviti
1048 1064 1334 1134 serviant,
1361 1067 1418 1119 et
1459 1061 1590 1118 haec
1633 1061 1767 1133 ipsa
1797 1056 2051 1114 servitus

387 1158 500 1214 illis
540 1173 723 1223 poena
754 1155 1024 1220 efﬁcitur,
1058 1152 1223 1208 omni
1252 1150 1463 1224 procul
1494 1149 1782 1218 ambiguo
1808 1145 1887 1202 ab
1917 1145 2050 1217 ipso

386 1262 572 1319 paena
599 1243 1026 1318 praedestinata
1053 1239 1418 1310 intelligitur,
1441 1255 1477 1294 a
1505 1253 1628 1310 quo
1657 1235 1842 1292 invita
1872 1233 2051 1289 servi-

386 1339 482 1392 tus
525 1333 811 1407 imposita
856 1329 1273 1387 inevitabiliter
1312 1326 1694 1400 pradicatur,
1735 1326 2048 1381 attestante

383 1423 566 1480 beato
616 1422 749 1487 Job,
781 1419 886 1494 qui
925 1419 1102 1475 dicit:
1151 1414 1529 1475 Constituisti
1576 1415 1857 1472 terminos
1894 1415 2044 1482 ejus,

385 1515 491 1586 qui
516 1512 820 1584 praeteriri
847 1525 966 1565 non
994 1512 1279 1578 poterunt
1309 1506 1464 1575 (Job.
1485 1520 1605 1566 xxv,
1641 1503 1732 1575 Ei):
1765 1501 1871 1558 ubi
1898 1500 2046 1557 nihil

385 1601 551 1659 aliud
578 1599 1015 1658 constitutionis
1039 1595 1510 1668 nuncupatione,
1533 1609 1721 1666 quam
1740 1590 2046 1664 praedesti-

383 1689 645 1748 nationis
694 1686 1126 1761 signiﬁcatione
1157 1684 1354 1741 sobrie
1402 1682 1564 1740 valet
1590 1679 1854 1750 intelligi.
1889 1677 2044 1745 Quid

1487 316 1544 371 S.
1575 311 1949 369 PRUDENTII
1995 305 2370 364 TRECENSIS
2408 309 2725 368 EPSICOPI

2082 434 2130 487 A
2170 433 2532 505 aequiparet:
2565 436 2789 508 quippe
2819 452 2956 509 quas
2983 437 3062 495 ab
3091 438 3175 494 eis
3196 454 3307 496 nec
3332 455 3623 498 sensuum
3642 446 3838 515 pravi-

3701 325 3838 376 £320

2169 524 2303 585 tate,
2327 537 2436 579 nec
2458 523 2981 598 blasphemiarum
3009 529 3456 587 asseveratione
3483 531 3832 589 secernitur.

2165 610 2268 666 Ais
2302 627 2444 683 ergo
2470 631 2482 670 :

2737 702 2985 745 JOANNES
3031 703 3261 748 SCOTUS.

2235 791 2403 862 (Cap.
2440 795 2526 862 t9,
2558 806 2728 847 num.
2765 793 2851 862 l2,
2900 799 3040 852 sect.
3079 800 3155 864 1.)
3199 802 3239 850 Θ
3287 797 3375 854 De
3425 803 3648 855 aeterno
3693 815 3830 857 vero

2159 878 2298 948 igne
2325 880 2397 935 de
2425 895 2539 949 quo
2567 883 2846 938 Dominus
2882 884 2944 939 in
2975 885 3311 957 Evangelia
3350 887 3481 943 ait:
3509 887 3614 958 Ite,
3647 889 3827 946 male-

2160 966 2320 1035 dicti,
2352 967 2414 1023 in
2442 968 2646 1038 ignem
2693 976 3005 1039 ueternum,
3033 974 3136 1047 qui
3164 979 3541 1048 praeparatus
3570 980 3660 1033 est
3697 977 3826 1035 dia-

2159 1055 2301 1111 bolo
2335 1060 2391 1112 et
2417 1058 2646 1128 angelis
2682 1060 2813 1132 ejus
2857 1063 3100 1132 (Matth.
3130 1080 3268 1135 xxv,
3301 1065 3424 1134 41),
3454 1066 3617 1122 nulli
3653 1065 3826 1122 dubi~

2161 1146 2411 1201 tandum
2445 1162 2793 1217 corporeum
2845 1165 2985 1221 esse,
3018 1154 3291 1224 quamvis
3338 1169 3455 1224 pro
3494 1153 3826 1212 subtilitate

2160 1239 2400 1291 natura}
2421 1237 2810 1306 incorporeus
2821 1255 2942 1297 esse
2960 1241 3206 1298 dicatur
3224 1243 3721 1314 quemadmodum
3737 1261 3826 1301 so-

2161 1323 2346 1378 lemus
2375 1325 2572 1381 dicere
2595 1327 2916 1385 aethereum
2946 1331 3248 1400 spiritum,
3272 1347 3404 1388 cum
3429 1337 3651 1404 quarta
3674 1349 3824 1403 pars

2159 1413 2235 1467 sit
2284 1416 2616 1483 corporalis
2674 1423 3000 1491 creaturae;
3054 1435 3162 1476 nec
3210 1422 3420 1490 facere
3465 1422 3823 1479 crediderim

2158 1503 2346 1559 alium
2365 1505 2559 1574 ignem
2576 1514 2997 1576 prceparatum
3026 1510 3107 1565 ad
3117 1511 3492 1580 puniendum
3514 1512 3822 1569 diabolum

2159 1608 2291 1648 cum
2321 1595 2593 1650 omnibus
2639 1597 2763 1651 suis
2795 1598 3092 1669 membris,
3121 1605 3346 1670 praeter
3373 1602 3555 1657 istum
3599 1602 3818 1672 ipsum,

2157 1682 2262 1752 qui
2293 1688 2377 1738 est
2427 1689 2712 1754 quartum
2767 1687 2983 1743 mundi
3023 1689 3397 1746 elementum.
3434 1691 3591 1758 Quid
3621 1693 3821 1748 enim!

383 1780 547 1837 enim
591 1780 924 1835 metuerent
969 1774 1244 1832 catholici
1280 1775 1628 1830 tractatores
1657 1769 2047 1844 prwdestina-
2075 1790 2117 1846 Β
2157 1773 2434 1843 nunquid
2479 1775 2697 1830 mirum
2748 1777 2800 1830 si
2846 1777 2960 1833 illa
3007 1778 3327 1848 impiorum
3377 1795 3655 1850 corpora,
3688 1797 3820 1852 qua

382 1873 474 1927 tos
499 1868 578 1926 ad
606 1866 911 1924 interitum
953 1865 1172 1932 dicere,
1204 1878 1469 1937 quorum
1505 1859 1792 1918 terminos
1821 1859 2043 1915 consti-

380 1962 542 2015 tutos
595 1974 632 2014 a
682 1956 861 2013 beato
919 1954 1034 2010 Job
1091 1956 1381 2010 noverant
1433 1949 1829 2024 pradicatos;
1887 1964 2043 2020 quos

377 2047 656 2105 videlicet
683 2045 970 2104 terminos
1013 2043 1270 2117 qualiter
1313 2040 1642 2112 intelligere
1679 2038 2036 2106 debeamus,

377 2137 800 2194 veracissimus
830 2133 1183 2206 explanator
1230 2133 1499 2202 edoceat,
1533 2129 1850 2200 Gregorius
1878 2127 2042 2184 vide-

377 2226 534 2296 licet,
582 2226 689 2299 qui
735 2225 797 2280 in
848 2222 1186 2290 Moralibus,
1236 2221 1338 2277 lib.
1393 2235 1494 2284 xu,
1540 2235 1676 2293 cap.
1719 2222 1774 2287 2,
1829 2217 1913 2274 ita
1956 2216 2042 2273 lo-

378 2317 582 2390 quitur
603 2333 616 2372 :

449 2404 645 2478 [Nulla
697 2420 834 2479 quae
899 2403 960 2459 in
1025 2403 1139 2459 hoc
1186 2401 1416 2457 mundo
1481 2397 1832 2456 hominibus
1885 2396 2042 2452 ﬁunt

375 2496 609 2569 absque
638 2492 1066 2567 omnipotentis
1098 2491 1199 2547 Dei
1228 2490 1463 2547 occulto
1487 2487 1739 2546 consilio
1754 2486 2034 2556 veniunt;

375 2602 522 2643 nam
551 2588 772 2642 cuncta
803 2587 956 2639 Deus
977 2587 1255 2638 secutura
1278 2579 1622 2654 praesciens,
1651 2581 1787 2634 ante
1817 2575 2038 2632 saecula

375 2674 639 2731 decrevit
680 2672 936 2747 qualiter
980 2687 1088 2746 per
1117 2669 1342 2725 saacula
1377 2668 1794 2740 disponantur.
1831 2667 2032 2722 Statu-

375 2769 505 2822 tum
547 2763 774 2836 quippe
819 2762 949 2833 jam
995 2759 1226 2816 homini
1268 2762 1357 2814 est
1401 2757 1496 2813 vel
1537 2758 1836 2830 quantum
1870 2755 2034 2810 hunc

373 2852 590 2909 mundi
630 2849 999 2926 prosperitas
1037 2851 1342 2922 sequatur,
1372 2846 1470 2902 vel
1494 2849 1792 2920 quantum
1822 2843 2033 2900 adver-

374 2942 521 2998 sitas
550 2941 740 3011 feriat,
766 2955 842 2996 ne
888 2938 1106 2995 electos
1149 2937 1280 3008 ejus
1331 2939 1435 2992 aut
1461 2933 1863 2992 immoderata
1890 2948 2031 3006 pro-

369 3032 622 3105 speritas
651 3031 859 3100 elevet,
891 3032 994 3085 aut
1041 3027 1227 3084 nimia
1275 3025 1602 3083 adversitas
1643 3027 1868 3096 gravet.
1900 3024 2028 3080 Sta-

366 3127 562 3179 tutum
588 3136 833 3194 quoque
875 3123 963 3175 est
1007 3121 1305 3191 quantum
1347 3116 1408 3172 in
1455 3115 1594 3190 ipsa
1619 3114 1741 3170 vita
1791 3113 2030 3169 mortali
2059 3147 2100 3201 ο

364 3209 771 3284 temporaliter
795 3209 975 3277 vivat,
1005 3212 1116 3264 etc.
1149 3205 1323 3273 Quod
1351 3210 1556 3262 tamen
1580 3202 1826 3273 intelligi
1845 3203 2028 3260 etiam

356 3302 531 3374 juxta
563 3300 836 3374 spiritum
865 3297 1056 3366 valet;
1099 3296 1243 3369 quia
1271 3309 1720 3367 nonnunquam
1759 3292 1822 3348 in
1849 3295 2029 3350 virtu-

357 3392 517 3449 tibus
541 3390 831 3463 proﬁcere
858 3403 1171 3455 conamur,
1203 3389 1261 3442 et
1305 3384 1591 3457 quaedam
1638 3384 1803 3440 dona
1839 3385 2003 3457 perci

356 3480 580 3553 pimus,
603 3494 636 3534 a
668 3475 1040 3550 quibusdam
1057 3490 1200 3531 vero
1229 3473 1454 3546 repulsi
1473 3473 1535 3528 in
1563 3473 1700 3529 imis
1726 3474 2032 3544 jacemus,

357 3571 543 3625 Nemo
592 3566 752 3621 enim
801 3569 890 3619 est
928 3563 1033 3636 qui
1081 3567 1315 3618 tantum
1355 3561 1583 3617 virtutis
1610 3562 2028 3634 apprehendat

354 3660 653 3729 quantum
696 3650 1016 3713 desiderat,
1046 3649 1191 3724 quia
1236 3649 1621 3722 omnipotens
1661 3653 1838 3720 Deus,
1876 3649 2023 3705 inte-

353 3746 514 3802 riora
537 3743 902 3809 discernens,
929 3740 1076 3812 ipsis
1103 3737 1470 3812 spiritalibus
1496 3738 1864 3812 profectibus
1892 3754 2024 3795 mo-

353 3834 502 3892 dum
532 3833 720 3907 ponit,
755 3835 819 3888 ut
864 3846 939 3887 ex
967 3830 1082 3886 hoc
1128 3828 1316 3885 homo
1359 3827 1528 3901 quod
1564 3827 2017 3901 apprehendere

351 3927 626 3992 conatur,
652 3926 708 3980 et
757 3937 878 3978 non
929 3919 1104 3990 valet,
1131 3908 1196 3976 in
1223 3917 1338 3976 illis
1385 3933 1448 3974 se
1486 3933 1611 3975 non
1639 3917 1846 3986 elevet,
1879 3934 2016 3992 qua;

347 4013 526 4072 valet.
560 4013 726 4070 Unde
770 4011 867 4069 ille
914 4025 1160 4084 quoque
1198 4008 1475 4081 egregius
1503 4006 1882 4081 praedicator,
1909 4009 2016 4081 qui

346 4107 556 4176 raptus
584 4117 778 4175 usque
825 4100 906 4158 ad
947 4101 1186 4156 tertium
1234 4097 1456 4155 coelum
1501 4097 1714 4166 fuerat,
1747 4097 2014 4170 paradisi

346 4206 573 4248 arcana
594 4191 1035 4263 penetraverat,
1067 4202 1197 4244 esse
1227 4190 1366 4259 post
1391 4185 1820 4243 revelationem
1848 4189 2010 4243 tran-

344 4279 568 4354 quillus
587 4284 768 4354 atque
793 4277 1118 4334 intentatus
1140 4275 1385 4334 volebat
1410 4275 1546 4349 [al.,
1574 4291 1700 4332 non
1722 4274 2005 4348 valebat].

2148 1862 2422 1930 profecto
2439 1861 2512 1918 de
2531 1863 2622 1918 his
2637 1869 2900 1934 quatuor
2922 1868 3338 1936 corporalibus
3356 1869 3657 1925 elementis
3677 1878 3818 1926 sunt

2153 1957 2485 2020 compacta,
2509 1953 2571 2008 in
2590 1954 2910 2026 eademque
2930 1958 3281 2014 resolvenda
3305 1964 3566 2029 tempore
3585 1975 3819 2032 quoque

2146 2041 2542 2109 praede/inito,
2575 2043 2651 2098 ab
2681 2044 2895 2100 eisdem
2927 2046 3144 2102 iterum
3184 2049 3641 2104 resurrectionis
3689 2065 3816 2105 mo-

2151 2134 2346 2184 mento
2369 2132 2727 2199 revocanda,
2753 2133 2814 2187 in
2836 2135 2942 2189 illo
2965 2135 3104 2205 igne
3124 2152 3240 2207 quo
3260 2143 3680 2194 resurrectura
3700 2155 3818 2194 om-

2150 2221 2317 2274 nium
2353 2235 2611 2286 corpora
2633 2224 2899 2280 maxime
2925 2225 3408 2282 substantialiter
3437 2226 3814 2294 constabunt,

2149 2310 2358 2364 merito
2386 2309 2708 2378 impietatis
2735 2327 2860 2368 sum
2890 2317 3188 2371 tormenta
3213 2315 3537 2385 patiantur
3562 2322 3811 2382 mterna.

2829 2488 3130 2530 CORRECTIO

2218 2579 2260 2647 -ι-
2290 2577 2659 2650 Corporeum
2711 2595 2840 2637 esse
2884 2581 3240 2639 ﬂammeum
3293 2587 3473 2657 atque
3515 2583 3813 2641 visibilem

2146 2667 2334 2724 mixta
2381 2668 2742 2726 obscuritate
2783 2671 2988 2741 ignem
3032 2673 3325 2744 gehennae
3355 2689 3568 2730 omnes
3605 2675 3810 2732 ortho-

2145 2756 2289 2813 doxi
2317 2758 2732 2829 consentiunt;
2764 2765 2968 2817 utrum
2999 2766 3200 2819 autem
3229 2763 3358 2836 ipse
3390 2762 3463 2819 sit
3497 2763 3604 2836 qui
3631 2779 3813 2836 quar-

2144 2849 2272 2903 tum
2303 2847 2515 2902 mundi
2563 2848 2926 2907 elementum
2965 2856 3236 2922 vocatur,
3269 2868 3393 2909 non
3421 2868 3609 2926 parva
3647 2869 3811 2926 quas-

2144 2936 2254 2992 stio
2282 2940 2391 2993 est.
2418 2937 2658 2994 Videtur
2698 2943 2902 2996 tamen
2951 2945 3075 2997 tam
3106 2957 3179 2997 ex
3218 2941 3415 2998 verbis
3447 2941 3636 2998 sancti
3666 2944 3807 2999 Gre-

2143 3025 2313 3098 gorii,
2361 3043 2498 3099 quas
2549 3043 2734 3100 supra
2774 3028 3114 3102 posuimus,
3160 3046 3349 3104 quam
3404 3046 3478 3087 ex
3513 3032 3808 3088 sententia

2141 3115 2396 3186 Domini,
2430 3115 2581 3172 alius
2635 3133 2801 3174 esse:
2847 3117 3136 3175 dicentis:
3187 3121 3275 3177 Ite
3325 3121 3386 3177 in
3417 3120 3613 3191 ignem
3642 3126 3808 3176 aeter-

2139 3221 2305 3274 num,
2364 3207 2469 3276 qui
2510 3212 2768 3275 paratus
2820 3214 2906 3264 est
2958 3209 3197 3265 diabolo
3251 3215 3307 3265 et
3377 3210 3609 3280 angelis
3673 3212 3805 3279 ejus

2139 3294 2380 3365 (Matth.
2402 3311 2544 3362 xxv,
2575 3298 2688 3368 41),
2721 3297 2876 3361 Quid
2906 3297 3066 3354 enim
3114 3313 3361 3354 necesse
3391 3303 3516 3355 erat
3539 3297 3806 3371 speciali-

2142 3386 2226 3438 ter
2249 3383 2366 3439 dici
2395 3388 2674 3457 paratum
2707 3386 2995 3442 cruciatui
3020 3392 3430 3458 peccatorum,
3465 3387 3512 3443 si
3550 3387 3678 3460 ipse
3706 3403 3801 3442 es-

2140 3477 2230 3528 set
2256 3473 2364 3545 qui
2405 3474 2681 3530 omnium
2731 3475 3079 3532 mortalium
3123 3477 3579 3534 necessitatibus
3618 3482 3800 3550 atque
3899 3475 3913 3487 '

2136 3561 2486 3618 utilitatibus
2512 3564 2782 3620 noscitur
2808 3569 3166 3637 procuratus
3183 3567 3210 3622 ?
3234 3565 3354 3622 huc
3384 3566 3612 3623 accedit
3631 3567 3801 3638 quod

2133 3649 2365 3705 dicente
2416 3651 2752 3723 Scriptura:
2803 3654 3125 3710 Devorabit
3159 3671 3290 3712 eum
3323 3657 3480 3727 ignis
3528 3658 3632 3727 qui
3676 3671 3799 3710 non

2130 3740 2515 3795 succenditur
2543 3741 2693 3808 (Job.
2717 3758 2816 3812 xx,
2844 3743 2956 3815 26),
2985 3742 3150 3800 aliud
3180 3745 3373 3817 accipi
3396 3745 3632 3815 debeat,
3655 3761 3801 3819 quo-

2127 3828 2294 3882 niam
2313 3827 2421 3884 iste
2450 3828 2552 3901 qui
2582 3830 2760 3885 nobis
2785 3833 3159 3888 necessarius
3181 3834 3552 3907 quotidianis
3573 3835 3789 3892 usibus

2127 3915 2458 3983 exhibetur,
2490 3932 2883 3990 nequaquam
2908 3920 3231 3977 subsistere
3260 3922 3416 3979 valet
3451 3925 3571 3980 nisi
3598 3924 3795 3995 ligno-

2123 4020 2261 4061 rum
2290 4004 2608 4061 alteriusve
2632 4007 2897 4062 materiae
2923 4008 3166 4080 pabulis
3210 4009 3532 4079 nutriatur,
3566 4013 3795 4084 quibus

2123 4093 2521 4165 gehennalem
2550 4110 2674 4151 non
2703 4094 2973 4166 indigere
3019 4099 3412 4171 perspicuum
3459 4103 3587 4170 est;
3630 4102 3792 4158 unde

2123 4188 2180 4240 et
2207 4185 2717 4256 inexstinguibilis
2762 4187 2978 4255 (Marc.
3011 4203 3088 4256 1x,
3115 4189 3206 4258 42,
3236 4188 3332 4260 44)
3360 4188 3425 4245 in
3454 4191 3791 4263 Evangeliis

2119 4273 2505 4347 praedicatur.
2538 4275 2653 4332 Sed
2677 4279 2733 4332 et
2763 4276 3023 4348 qualitas
3053 4276 3210 4334 illius
3239 4277 3319 4335 ab
3367 4278 3550 4352 hujus
3600 4279 3790 4355 quali-

344 4370 478 4438 Sed,
538 4370 684 4443 quia
727 4366 1111 4439 omnipotens
1166 4368 1320 4422 Deus
1369 4367 1652 4424 terminos
1697 4368 2006 4424 constituit
2119 4367 2235 4420 tate
2265 4363 2596 4436 plurimum
2623 4365 2820 4422 distat.
2853 4370 2963 4423 Iste
2989 4367 3216 4440 quippe
3253 4367 3425 4426 nulla
3447 4369 3790 4427 diversitate

340 4458 594 4527 homini,
632 4458 735 4531 qui
764 4456 1078 4527 praeteriri
1126 4471 1258 4554 non.
1291 4458 1622 4554 poterantn
1649 4457 1727 4552 et.
1750 4453 2004 4554 elevavit
2031 4499 2075 4554 Β
2117 4453 2703 4554 quidquid-attigerit
2733 4458 3070 4526 consumit;
3120 4458 3216 4514 ille
3265 4475 3406 4516 cum
3445 4459 3680 4517 animas
3729 4465 3792 4519 et

338 4549 503 4606 hunc
532 4547 612 4605 ad
641 4544 1067 4617 cognoscenda
1107 4543 1411 4610 sublimia,
1440 4545 1498 4599 et
1520 4541 1756 4599 reduxit
1785 4542 2001 4600 iterum

338 4638 419 4696 ad
445 4637 688 4695 inﬁrma
713 4634 1044 4705 toleranda,
1074 4637 1158 4700 ut,
1192 4632 1360 4689 modi
1391 4631 1485 4688 sui
1520 4646 1837 4688 mensuras
1871 4633 2000 4704 [al.,

336 4726 708 4799 mensuram]
757 4724 1079 4799 aspiciens,
1111 4722 1262 4780 dum
1310 4721 1690 4778 securitatem
1723 4737 1999 4795 compre-

334 4816 598 4875 hendere
619 4818 936 4873 conaretur
961 4817 1166 4871 etnon
1192 4815 1418 4885 posset,
1447 4826 1525 4868 ne
1549 4826 1658 4885 per
1680 4809 1999 4868 elationem

335 4912 502 4964 extra
530 4924 592 4964 se
619 4907 751 4974 iret,
782 4920 890 4979 per
915 4903 1316 4961 humilitatem
1347 4905 1660 4973 cogeretur
1678 4901 1835 4959 intra
1855 4919 1998 4959 suos

335 5010 575 5068 semper
615 4995 902 5053 terminos
950 4993 1145 5051 redire
1191 4992 1285 5061 (II
1309 4991 1446 5049 Cor.
1477 5007 1582 5061 xu,
1629 4995 1682 5062 2,
1731 4996 1785 5059 7,
1829 4995 1885 5058 8,
1915 4993 1996 5064 9.]

331 5086 370 5154 1'
399 5088 621 5144 Caetera
657 5100 795 5157 qua:
840 5099 1035 5156 usque
1089 5082 1170 5140 ad
1213 5082 1401 5139 ﬁnem
1450 5081 1635 5153 hujus
1683 5081 1997 5155 pericopes

331 5174 563 5233 evomis
591 5173 790 5246 potius
827 5188 1016 5245 quam
1053 5171 1322 5241 dissatis,
1352 5171 1645 5245 quoniam
1682 5170 1996 5229 fastidiosa

327 5264 691 5340 loquacitate
720 5261 939 5335 saepius
967 5259 1168 5320 eﬁlata
1196 5261 1472 5334 replicas,
1499 5259 1745 5318 ulterius
1770 5265 1996 5335 repete-

328 5369 394 5413 re
434 5351 906 5428 supersedimus.

969 5439 1195 5497 CAPUT
1232 5442 1360 5497 XIX.

886 5532 974 5588 De
1005 5531 1143 5601 igne
1175 5535 1418 5587 mterno.

399 5625 567 5679 Nona
603 5621 840 5679 decima
880 5635 1062 5693 porro
1093 5619 1433 5675 elusionum
1460 5620 1704 5675 tuarum
1732 5618 1808 5674 de
1850 5618 1989 5689 igne

331 5712 551 5764 esterno
607 5710 896 5780 disputat,
936 5724 1096 5781 quae,
1146 5707 1480 5781 quamlibet
1522 5708 1615 5764 sui
1658 5708 1988 5781 quantitate

330 5791 528 5850 minor
555 5796 784 5852 caeteris
811 5796 1108 5864 videatur,
1139 5795 1443 5868 impietate
1491 5799 1696 5856 tamen
1724 5797 1985 5870 majores

2117 4559 2372 4616 corpora
2400 4543 2473 4601 sit
2491 4549 2897 4616 'crematurus,
2919 4562 3031 4603 nec
3060 4547 3124 4603 id
3153 4548 3277 4619 agit
3299 4552 3365 4605 ut
3390 4549 3638 4606 omnino
3657 4565 3788 4607 non

2115 4633 2254 4704 sint,
2285 4649 2395 4690 nec
2438 4634 2748 4707 aequaliter
2794 4637 3002 4694 omnia
3037 4636 3256 4712 adurit,
3293 4639 3419 4709 sed,
3453 4655 3565 4712 pro
3593 4639 3790 4697 varie-

2111 4723 2231 4779 tate
2283 4739 2393 4779 seu
2441 4723 2815 4782 immanitate
2862 4724 3221 4798 facinorum,
3247 4727 3410 4785 hunc
3458 4728 3686 4801 minus,
3718 4727 3785 4785 il-

2107 4812 2237 4869 lum
2275 4812 2536 4885 amplius
2563 4813 2829 4870 cruciare
2874 4830 2998 4873 non
3027 4814 3379 4875 dubitatur:
3423 4821 3507 4890 ut,
3542 4816 3694 4874 sicut
3715 4817 3781 4874 in

2107 4917 2294 4973 regno
2321 4902 2610 4958 caelorum
2640 4903 3046 4962 diversitatem
3093 4905 3484 4963 mansionum
3513 4906 3654 4962 facit
3694 4906 3783 4962 di-

2108 4991 2428 5064 sparillitas
2455 4992 2829 5064 meritorum,
2861 4994 2944 5052 ita
2971 4994 3187 5052 inferni
3214 4995 3501 5054 barathro
3541 4996 3778 5052 demer-

2107 5081 2186 5137 sis
2241 5081 2590 5139 varietatem
2639 5086 3078 5142 tormentorum
3125 5089 3367 5157 generet
3419 5085 3778 5159 imparilitas

2103 5186 2358 5244 operum
2383 5171 2751 5243 iniquorum.

2175 5261 2322 5317 Hinc
2347 5261 2614 5332 (Gregor.
2646 5264 2886 5336 Dialog.
2907 5263 2946 5321 l.
2977 5279 3055 5335 IV,
3081 5279 3136 5320 c.
3161 5265 3255 5337 43)
3287 5268 3493 5322 Petrus
3521 5263 3774 5322 beatum

2104 5351 2452 5422 Gregorium
2482 5350 2564 5408 ita
2607 5351 2859 5409 adorsus
2886 5357 3014 5411 est:
3043 5355 3288 5413 Persas.
3324 5357 3534 5421 Quaeso
3566 5358 3644 5427 te,
3677 5355 3772 5411 in-

2100 5441 2502 5515 quiens,unus
2521 5457 2653 5499 esse
2675 5443 2963 5515 gehennae
2989 5444 3147 5517 ignis
3170 5445 3510 5503 credendus
3531 5446 3665 5502 est?
3679 5450 3773 5502 An

2099 5534 2330 5604 quanta
2354 5535 2743 5605 peccatorum
2772 5533 3085 5592 diversitas
3110 5534 3303 5607 fuerit,
3326 5539 3494 5593 tanta
3520 5550 3768 5608 quoque

2099 5621 2498 5679 existimanda
2512 5623 3155 5697 suntetipsaincendia
3166 5641 3296 5684 esse
3308 5629 3521 5700 parata
3531 5626 3771 5682 ‘I—Gas-

2099 5727 2318 5768 GORIUS.
2337 5714 2498 5767 Unus
2515 5712 2760 5784 quidem
2777 5718 2864 5771 est
2885 5714 3173 5784 gehennae
3192 5715 3486 5786 ignis,sed
3499 5730 3622 5771 non
3645 5731 3766 5772 uno

2096 5800 2283 5860 modo
2305 5815 2516 5860 omnes
2539 5803 2766 5864 cruciat
2778 5808 3140 5876 peccatores.
3169 5806 3588 5880 Unusquisque
3602 5805 3765 5864 enim
