  <div class='ocr_page' id='page_1' title='image "/cluster/home/n/w/nwhite01/storage/ocr_20150623/115-116/uc1.31175006916467/668.png"; bbox 0 0 3950 6374; ppageno 0'>
   <div class='ocr_carea' id='block_1_1' title="bbox 162 268 298 322">
    <p class='ocr_par' dir='ltr' id='par_1_1' title="bbox 162 268 298 322">
     <span class='ocr_line' id='line_1_1' title="bbox 162 268 298 322; baseline 0 -2"><span class='ocrx_word' id='word_1_1' title='bbox 162 268 298 322; x_wconf 73' lang='grc'><strong>1321</strong></span> 
     </span>
    </p>
   </div>
   <div class='ocr_carea' id='block_1_2' title="bbox 1119 263 2646 321">
    <p class='ocr_par' dir='ltr' id='par_1_2' title="bbox 1119 263 2646 321">
     <span class='ocr_line' id='line_1_2' title="bbox 1119 263 2646 321; baseline -0.002 -1"><span class='ocrx_word' id='word_1_2' title='bbox 1119 267 1210 320; x_wconf 85' lang='lat' dir='ltr'><strong>DE</strong></span> <span class='ocrx_word' id='word_1_3' title='bbox 1242 263 1926 321; x_wconf 73' lang='lat' dir='ltr'><strong>PRIEDESTINATIONE</strong></span> <span class='ocrx_word' id='word_1_4' title='bbox 1964 263 2252 321; x_wconf 81' lang='lat' dir='ltr'><strong>CONTRA</strong></span> <span class='ocrx_word' id='word_1_5' title='bbox 2289 265 2340 319; x_wconf 88' lang='lat' dir='ltr'><strong>J.</strong></span> <span class='ocrx_word' id='word_1_6' title='bbox 2370 263 2646 320; x_wconf 84' lang='lat' dir='ltr'><strong>SCOTUM</strong></span> 
     </span>
    </p>
   </div>
   <div class='ocr_carea' id='block_1_3' title="bbox 3463 267 3600 321">
    <p class='ocr_par' dir='ltr' id='par_1_3' title="bbox 3463 267 3600 321">
     <span class='ocr_line' id='line_1_3' title="bbox 3463 267 3600 321; baseline 0.007 -2"><span class='ocrx_word' id='word_1_7' title='bbox 3463 268 3483 319; x_wconf 79' lang='lat' dir='ltr'><strong>t</strong></span> <span class='ocrx_word' id='word_1_8' title='bbox 3495 267 3600 321; x_wconf 79' lang='lat'><strong>322</strong></span> 
     </span>
    </p>
   </div>
   <div class='ocr_carea' id='block_1_4' title="bbox 171 384 3606 462">
    <p class='ocr_par' dir='ltr' id='par_1_4' title="bbox 171 384 3606 462">
     <span class='ocr_line' id='line_1_4' title="bbox 171 384 3606 462; baseline -0.001 -18"><span class='ocrx_word' id='word_1_9' title='bbox 171 391 285 451; x_wconf 77' lang='lat' dir='ltr'><strong>aL,</strong></span> <span class='ocrx_word' id='word_1_10' title='bbox 307 384 807 457; x_wconf 86' lang='lat' dir='ltr'><strong>uniuscujusque;</strong></span> <span class='ocrx_word' id='word_1_11' title='bbox 832 387 1409 462; x_wconf 87' lang='lat' dir='ltr'><strong>etenim],quantum</strong></span> <span class='ocrx_word' id='word_1_12' title='bbox 1427 387 1823 460; x_wconf 84' lang='lat' dir='ltr'><strong>exigitculpa,</strong></span> <span class='ocrx_word' id='word_1_13' title='bbox 1857 397 1902 451; x_wconf 84' lang='grc' dir='ltr'><strong>Α</strong></span> <span class='ocrx_word' id='word_1_14' title='bbox 1942 388 2190 445; x_wconf 86' lang='lat' dir='ltr'><strong>tentiam</strong></span> <span class='ocrx_word' id='word_1_15' title='bbox 2221 404 2434 444; x_wconf 88' lang='lat' dir='ltr'><strong>eorum</strong></span> <span class='ocrx_word' id='word_1_16' title='bbox 2465 387 2650 444; x_wconf 90' lang='lat' dir='ltr'><strong>corda</strong></span> <span class='ocrx_word' id='word_1_17' title='bbox 2675 388 3042 457; x_wconf 81' lang='lat' dir='ltr'><strong>convertere,</strong></span> <span class='ocrx_word' id='word_1_18' title='bbox 3077 388 3259 459; x_wconf 90' lang='lat' dir='ltr'><strong>atque</strong></span> <span class='ocrx_word' id='word_1_19' title='bbox 3296 385 3434 459; x_wconf 91' lang='lat' dir='ltr'><strong>ipsa</strong></span> <span class='ocrx_word' id='word_1_20' title='bbox 3463 402 3606 442; x_wconf 86' lang='lat' dir='ltr'><strong>con-</strong></span> 
     </span>
    </p>
   </div>
   <div class='ocr_carea' id='block_1_5' title="bbox 157 475 1829 548">
    <p class='ocr_par' dir='ltr' id='par_1_5' title="bbox 157 475 1829 548">
     <span class='ocr_line' id='line_1_5' title="bbox 157 475 1829 548; baseline -0.001 -14"><span class='ocrx_word' id='word_1_21' title='bbox 157 482 400 534; x_wconf 86' lang='lat' dir='ltr'><strong>tantum</strong></span> <span class='ocrx_word' id='word_1_22' title='bbox 430 475 547 530; x_wconf 90' lang='lat' dir='ltr'><strong>illic</strong></span> <span class='ocrx_word' id='word_1_23' title='bbox 578 475 794 530; x_wconf 79' lang='lat' dir='ltr'><strong>sentiet</strong></span> <span class='ocrx_word' id='word_1_24' title='bbox 822 492 1067 548; x_wconf 56' lang='lat' dir='ltr'><strong>pugnam</strong></span> <span class='ocrx_word' id='word_1_25' title='bbox 1093 481 1224 544; x_wconf 89' lang='lat' dir='ltr'><strong>[al.,</strong></span> <span class='ocrx_word' id='word_1_26' title='bbox 1250 483 1416 534; x_wconf 89' lang='lat' dir='ltr'><strong>tanta</strong></span> <span class='ocrx_word' id='word_1_27' title='bbox 1439 478 1555 533; x_wconf 91' lang='lat' dir='ltr'><strong>illic</strong></span> <span class='ocrx_word' id='word_1_28' title='bbox 1579 479 1829 534; x_wconf 85' lang='lat' dir='ltr'><strong>sentitur</strong></span> 
     </span>
    </p>
   </div>
   <div class='ocr_carea' id='block_1_6' title="bbox 157 564 1828 639">
    <p class='ocr_par' dir='ltr' id='par_1_6' title="bbox 157 564 1828 639">
     <span class='ocr_line' id='line_1_6' title="bbox 157 564 1828 639; baseline 0.002 -20"><span class='ocrx_word' id='word_1_29' title='bbox 157 568 389 639; x_wconf 76' lang='lat' dir='ltr'><strong>pmna].</strong></span> <span class='ocrx_word' id='word_1_30' title='bbox 423 569 594 632; x_wconf 85' lang='lat' dir='ltr'><strong>Nam,</strong></span> <span class='ocrx_word' id='word_1_31' title='bbox 641 564 795 620; x_wconf 88' lang='lat' dir='ltr'><strong>sicut</strong></span> <span class='ocrx_word' id='word_1_32' title='bbox 836 565 897 620; x_wconf 92' lang='lat' dir='ltr'><strong>in</strong></span> <span class='ocrx_word' id='word_1_33' title='bbox 943 567 1057 622; x_wconf 93' lang='lat' dir='ltr'><strong>hoc</strong></span> <span class='ocrx_word' id='word_1_34' title='bbox 1101 568 1331 623; x_wconf 84' lang='lat' dir='ltr'><strong>mundo</strong></span> <span class='ocrx_word' id='word_1_35' title='bbox 1385 567 1501 623; x_wconf 87' lang='lat' dir='ltr'><strong>sub</strong></span> <span class='ocrx_word' id='word_1_36' title='bbox 1532 584 1655 623; x_wconf 90' lang='lat' dir='ltr'><strong>uno</strong></span> <span class='ocrx_word' id='word_1_37' title='bbox 1705 567 1828 623; x_wconf 91' lang='lat' dir='ltr'><strong>sole</strong></span> 
     </span>
    </p>
   </div>
   <div class='ocr_carea' id='block_1_7' title="bbox 158 653 1830 728">
    <p class='ocr_par' dir='ltr' id='par_1_7' title="bbox 158 653 1830 728">
     <span class='ocr_line' id='line_1_7' title="bbox 158 653 1830 728; baseline 0 -16"><span class='ocrx_word' id='word_1_38' title='bbox 158 656 334 712; x_wconf 88' lang='lat' dir='ltr'><strong>multi</strong></span> <span class='ocrx_word' id='word_1_39' title='bbox 365 653 722 721; x_wconf 89' lang='lat' dir='ltr'><strong>consistunt,</strong></span> <span class='ocrx_word' id='word_1_40' title='bbox 741 669 852 710; x_wconf 89' lang='lat' dir='ltr'><strong>nec</strong></span> <span class='ocrx_word' id='word_1_41' title='bbox 875 659 1074 711; x_wconf 89' lang='lat' dir='ltr'><strong>tamen</strong></span> <span class='ocrx_word' id='word_1_42' title='bbox 1092 657 1365 728; x_wconf 86' lang='lat' dir='ltr'><strong>ejusdem</strong></span> <span class='ocrx_word' id='word_1_43' title='bbox 1389 657 1528 712; x_wconf 91' lang='lat' dir='ltr'><strong>solis</strong></span> <span class='ocrx_word' id='word_1_44' title='bbox 1550 657 1830 712; x_wconf 87' lang='lat' dir='ltr'><strong>ardorem</strong></span> 
     </span>
    </p>
   </div>
   <div class='ocr_carea' id='block_1_8' title="bbox 162 736 1831 817">
    <p class='ocr_par' dir='ltr' id='par_1_8' title="bbox 162 736 1831 817">
     <span class='ocr_line' id='line_1_8' title="bbox 162 736 1831 817; baseline 0 -17"><span class='ocrx_word' id='word_1_45' title='bbox 162 743 476 816; x_wconf 67' lang='lat' dir='ltr'><strong>aequaliter</strong></span> <span class='ocrx_word' id='word_1_46' title='bbox 506 736 790 804; x_wconf 82' lang='lat' dir='ltr'><strong>sentiunt,</strong></span> <span class='ocrx_word' id='word_1_47' title='bbox 821 743 966 814; x_wconf 83' lang='lat' dir='ltr'><strong>quia</strong></span> <span class='ocrx_word' id='word_1_48' title='bbox 993 744 1150 800; x_wconf 90' lang='lat' dir='ltr'><strong>alius</strong></span> <span class='ocrx_word' id='word_1_49' title='bbox 1195 745 1334 817; x_wconf 87' lang='lat' dir='ltr'><strong>plus</strong></span> <span class='ocrx_word' id='word_1_50' title='bbox 1383 749 1615 814; x_wconf 67' lang='lat' dir='ltr'><strong>aestuat,</strong></span> <span class='ocrx_word' id='word_1_51' title='bbox 1649 750 1831 816; x_wconf 90' lang='lat' dir='ltr'><strong>atque</strong></span> 
     </span>
    </p>
   </div>
   <div class='ocr_carea' id='block_1_9' title="bbox 162 832 1830 904">
    <p class='ocr_par' dir='ltr' id='par_1_9' title="bbox 162 832 1830 904">
     <span class='ocr_line' id='line_1_9' title="bbox 162 832 1830 904; baseline 0 -15"><span class='ocrx_word' id='word_1_52' title='bbox 162 834 318 890; x_wconf 89' lang='lat' dir='ltr'><strong>alius</strong></span> <span class='ocrx_word' id='word_1_53' title='bbox 349 834 573 901; x_wconf 90' lang='lat' dir='ltr'><strong>minus,</strong></span> <span class='ocrx_word' id='word_1_54' title='bbox 601 832 684 888; x_wconf 89' lang='lat' dir='ltr'><strong>ita</strong></span> <span class='ocrx_word' id='word_1_55' title='bbox 712 832 830 888; x_wconf 90' lang='lat' dir='ltr'><strong>illic</strong></span> <span class='ocrx_word' id='word_1_56' title='bbox 859 833 920 889; x_wconf 91' lang='lat' dir='ltr'><strong>in</strong></span> <span class='ocrx_word' id='word_1_57' title='bbox 965 850 1087 890; x_wconf 91' lang='lat' dir='ltr'><strong>uno</strong></span> <span class='ocrx_word' id='word_1_58' title='bbox 1117 834 1255 904; x_wconf 86' lang='lat' dir='ltr'><strong>igne</strong></span> <span class='ocrx_word' id='word_1_59' title='bbox 1281 851 1404 891; x_wconf 90' lang='lat' dir='ltr'><strong>non</strong></span> <span class='ocrx_word' id='word_1_60' title='bbox 1435 851 1594 890; x_wconf 88' lang='lat' dir='ltr'><strong>unus</strong></span> <span class='ocrx_word' id='word_1_61' title='bbox 1623 839 1712 890; x_wconf 88' lang='lat' dir='ltr'><strong>est</strong></span> <span class='ocrx_word' id='word_1_62' title='bbox 1738 834 1830 889; x_wconf 87' lang='lat' dir='ltr'><strong>in-</strong></span> 
     </span>
    </p>
   </div>
   <div class='ocr_carea' id='block_1_10' title="bbox 162 921 1830 996">
    <p class='ocr_par' dir='ltr' id='par_1_10' title="bbox 162 921 1830 996">
     <span class='ocr_line' id='line_1_10' title="bbox 162 921 1830 996; baseline -0.001 -17"><span class='ocrx_word' id='word_1_63' title='bbox 162 923 362 979; x_wconf 89' lang='lat' dir='ltr'><strong>cendii</strong></span> <span class='ocrx_word' id='word_1_64' title='bbox 385 921 640 990; x_wconf 88' lang='lat' dir='ltr'><strong>modus;</strong></span> <span class='ocrx_word' id='word_1_65' title='bbox 663 921 809 994; x_wconf 86' lang='lat' dir='ltr'><strong>quia</strong></span> <span class='ocrx_word' id='word_1_66' title='bbox 830 923 998 994; x_wconf 90' lang='lat' dir='ltr'><strong>quod</strong></span> <span class='ocrx_word' id='word_1_67' title='bbox 1015 923 1112 979; x_wconf 88' lang='lat' dir='ltr'><strong>hic</strong></span> <span class='ocrx_word' id='word_1_68' title='bbox 1139 923 1453 980; x_wconf 82' lang='lat' dir='ltr'><strong>diversitas</strong></span> <span class='ocrx_word' id='word_1_69' title='bbox 1483 939 1830 996; x_wconf 85' lang='lat' dir='ltr'><strong>corporum,</strong></span> 
     </span>
    </p>
   </div>
   <div class='ocr_carea' id='block_1_11' title="bbox 163 1009 1831 1083">
    <p class='ocr_par' dir='ltr' id='par_1_11' title="bbox 163 1009 1831 1083">
     <span class='ocr_line' id='line_1_11' title="bbox 163 1009 1831 1083; baseline -0.001 -16"><span class='ocrx_word' id='word_1_70' title='bbox 163 1012 278 1067; x_wconf 86' lang='lat' dir='ltr'><strong>hoc</strong></span> <span class='ocrx_word' id='word_1_71' title='bbox 309 1011 428 1066; x_wconf 81' lang='lat' dir='ltr'><strong>illic</strong></span> <span class='ocrx_word' id='word_1_72' title='bbox 473 1010 598 1080; x_wconf 84' lang='lat' dir='ltr'><strong>agit</strong></span> <span class='ocrx_word' id='word_1_73' title='bbox 640 1009 958 1066; x_wconf 85' lang='lat' dir='ltr'><strong>diversitas</strong></span> <span class='ocrx_word' id='word_1_74' title='bbox 987 1017 1374 1083; x_wconf 86' lang='lat' dir='ltr'><strong>peccatorum</strong></span> <span class='ocrx_word' id='word_1_75' title='bbox 1405 1016 1471 1068; x_wconf 89' lang='lat' dir='ltr'><strong>ut</strong></span> <span class='ocrx_word' id='word_1_76' title='bbox 1524 1016 1581 1068; x_wconf 93' lang='lat' dir='ltr'><strong>et</strong></span> <span class='ocrx_word' id='word_1_77' title='bbox 1628 1011 1831 1080; x_wconf 80' lang='lat' dir='ltr'><strong>ignem</strong></span> 
     </span>
    </p>
   </div>
   <div class='ocr_carea' id='block_1_12' title="bbox 161 1098 1832 1170">
    <p class='ocr_par' dir='ltr' id='par_1_12' title="bbox 161 1098 1832 1170">
     <span class='ocr_line' id='line_1_12' title="bbox 161 1098 1832 1170; baseline 0.001 -16"><span class='ocrx_word' id='word_1_78' title='bbox 161 1115 285 1155; x_wconf 91' lang='lat' dir='ltr'><strong>non</strong></span> <span class='ocrx_word' id='word_1_79' title='bbox 309 1098 664 1155; x_wconf 85' lang='lat' dir='ltr'><strong>dissimilem</strong></span> <span class='ocrx_word' id='word_1_80' title='bbox 689 1098 977 1165; x_wconf 85' lang='lat' dir='ltr'><strong>habeant,</strong></span> <span class='ocrx_word' id='word_1_81' title='bbox 998 1105 1055 1156; x_wconf 90' lang='lat' dir='ltr'><strong>et</strong></span> <span class='ocrx_word' id='word_1_82' title='bbox 1074 1104 1275 1156; x_wconf 87' lang='lat' dir='ltr'><strong>tamen</strong></span> <span class='ocrx_word' id='word_1_83' title='bbox 1294 1100 1539 1156; x_wconf 88' lang='lat' dir='ltr'><strong>eosdem</strong></span> <span class='ocrx_word' id='word_1_84' title='bbox 1563 1099 1832 1170; x_wconf 84' lang='lat' dir='ltr'><strong>singulos</strong></span> 
     </span>
    </p>
   </div>
   <div class='ocr_carea' id='block_1_13' title="bbox 161 1188 1831 1262">
    <p class='ocr_par' dir='ltr' id='par_1_13' title="bbox 161 1188 1831 1262">
     <span class='ocr_line' id='line_1_13' title="bbox 161 1188 1831 1262; baseline 0 -18"><span class='ocrx_word' id='word_1_85' title='bbox 161 1188 534 1244; x_wconf 88' lang='lat' dir='ltr'><strong>dissimiliter</strong></span> <span class='ocrx_word' id='word_1_86' title='bbox 563 1191 872 1244; x_wconf 83' lang='lat' dir='ltr'><strong>exurat.—</strong></span> <span class='ocrx_word' id='word_1_87' title='bbox 889 1191 1106 1244; x_wconf 68' lang='lat' dir='ltr'><strong>Pramus</strong></span> <span class='ocrx_word' id='word_1_88' title='bbox 1133 1189 1336 1261; x_wconf 56' lang='lat' dir='ltr'><strong>(Ibid,</strong></span> <span class='ocrx_word' id='word_1_89' title='bbox 1359 1206 1493 1262; x_wconf 88' lang='lat' dir='ltr'><strong>cap.</strong></span> <span class='ocrx_word' id='word_1_90' title='bbox 1513 1191 1607 1262; x_wconf 76' lang='lat'><strong>44)</strong></span> <span class='ocrx_word' id='word_1_91' title='bbox 1631 1207 1645 1245; x_wconf 88' lang='lat'>:</span> <span class='ocrx_word' id='word_1_92' title='bbox 1670 1193 1831 1246; x_wconf 86' lang='lat' dir='ltr'><strong>Nun-</strong></span> 
     </span>
    </p>
   </div>
   <div class='ocr_carea' id='block_1_14' title="bbox 161 1277 1832 1350">
    <p class='ocr_par' dir='ltr' id='par_1_14' title="bbox 161 1277 1832 1350">
     <span class='ocr_line' id='line_1_14' title="bbox 161 1277 1832 1350; baseline 0.001 -18"><span class='ocrx_word' id='word_1_93' title='bbox 161 1277 488 1350; x_wconf 83' lang='lat' dir='ltr'><strong>quidnam,</strong></span> <span class='ocrx_word' id='word_1_94' title='bbox 522 1293 731 1349; x_wconf 67' lang='lat' dir='ltr'><strong>quaaso</strong></span> <span class='ocrx_word' id='word_1_95' title='bbox 785 1281 861 1347; x_wconf 92' lang='lat' dir='ltr'><strong>te,</strong></span> <span class='ocrx_word' id='word_1_96' title='bbox 893 1277 1154 1333; x_wconf 88' lang='lat' dir='ltr'><strong>dicimus</strong></span> <span class='ocrx_word' id='word_1_97' title='bbox 1210 1293 1312 1334; x_wconf 92' lang='lat' dir='ltr'><strong>eos</strong></span> <span class='ocrx_word' id='word_1_98' title='bbox 1342 1278 1447 1349; x_wconf 90' lang='lat' dir='ltr'><strong>qui</strong></span> <span class='ocrx_word' id='word_1_99' title='bbox 1501 1279 1685 1334; x_wconf 90' lang='lat' dir='ltr'><strong>semel</strong></span> <span class='ocrx_word' id='word_1_100' title='bbox 1715 1277 1832 1334; x_wconf 89' lang='lat' dir='ltr'><strong>illic</strong></span> 
     </span>
    </p>
   </div>
   <div class='ocr_carea' id='block_1_15' title="bbox 159 1367 1832 1439">
    <p class='ocr_par' dir='ltr' id='par_1_15' title="bbox 159 1367 1832 1439">
     <span class='ocr_line' id='line_1_15' title="bbox 159 1367 1832 1439; baseline 0.001 -17"><span class='ocrx_word' id='word_1_101' title='bbox 159 1368 350 1423; x_wconf 87' lang='lat' dir='ltr'><strong>mersi</strong></span> <span class='ocrx_word' id='word_1_102' title='bbox 378 1367 614 1433; x_wconf 79' lang='lat' dir='ltr'><strong>fuerint,</strong></span> <span class='ocrx_word' id='word_1_103' title='bbox 648 1382 887 1439; x_wconf 88' lang='lat' dir='ltr'><strong>semper</strong></span> <span class='ocrx_word' id='word_1_104' title='bbox 905 1383 1148 1423; x_wconf 89' lang='lat' dir='ltr'><strong>arsuros</strong></span> <span class='ocrx_word' id='word_1_105' title='bbox 1168 1369 1196 1424; x_wconf 88' lang='lat'><strong>?</strong></span> <span class='ocrx_word' id='word_1_106' title='bbox 1214 1399 1288 1409; x_wconf 92' lang='lat'>—</span> <span class='ocrx_word' id='word_1_107' title='bbox 1305 1371 1624 1424; x_wconf 72' lang='lat' dir='ltr'><strong>Gnecomus</strong></span> <span class='ocrx_word' id='word_1_108' title='bbox 1644 1385 1658 1423; x_wconf 87' lang='lat'><strong>:</strong></span> <span class='ocrx_word' id='word_1_109' title='bbox 1683 1370 1832 1424; x_wconf 90' lang='lat' dir='ltr'><strong>Con-</strong></span> 
     </span>
    </p>
   </div>
   <div class='ocr_carea' id='block_1_16' title="bbox 163 1455 1830 1528">
    <p class='ocr_par' dir='ltr' id='par_1_16' title="bbox 163 1455 1830 1528">
     <span class='ocr_line' id='line_1_16' title="bbox 163 1455 1830 1528; baseline 0.001 -17"><span class='ocrx_word' id='word_1_110' title='bbox 163 1461 282 1513; x_wconf 88' lang='lat' dir='ltr'><strong>stat</strong></span> <span class='ocrx_word' id='word_1_111' title='bbox 328 1455 509 1511; x_wconf 89' lang='lat' dir='ltr'><strong>nimis</strong></span> <span class='ocrx_word' id='word_1_112' title='bbox 559 1457 687 1527; x_wconf 89' lang='lat' dir='ltr'><strong>[al.,</strong></span> <span class='ocrx_word' id='word_1_113' title='bbox 736 1456 1066 1528; x_wconf 88' lang='lat' dir='ltr'><strong>nimirum],</strong></span> <span class='ocrx_word' id='word_1_114' title='bbox 1096 1461 1152 1513; x_wconf 90' lang='lat' dir='ltr'><strong>et</strong></span> <span class='ocrx_word' id='word_1_115' title='bbox 1179 1456 1595 1514; x_wconf 87' lang='lat' dir='ltr'><strong>incunctanter</strong></span> <span class='ocrx_word' id='word_1_116' title='bbox 1621 1473 1830 1513; x_wconf 89' lang='lat' dir='ltr'><strong>verum</strong></span> 
     </span>
    </p>
   </div>
   <div class='ocr_carea' id='block_1_17' title="bbox 163 1544 1832 1618">
    <p class='ocr_par' dir='ltr' id='par_1_17' title="bbox 163 1544 1832 1618">
     <span class='ocr_line' id='line_1_17' title="bbox 163 1544 1832 1618; baseline 0.001 -17"><span class='ocrx_word' id='word_1_117' title='bbox 163 1551 254 1601; x_wconf 86' lang='lat' dir='ltr'><strong>est</strong></span> <span class='ocrx_word' id='word_1_118' title='bbox 285 1547 451 1618; x_wconf 90' lang='lat' dir='ltr'><strong>quia,</strong></span> <span class='ocrx_word' id='word_1_119' title='bbox 489 1544 638 1600; x_wconf 86' lang='lat' dir='ltr'><strong>sicut</strong></span> <span class='ocrx_word' id='word_1_120' title='bbox 668 1544 805 1600; x_wconf 88' lang='lat' dir='ltr'><strong>ﬁnis</strong></span> <span class='ocrx_word' id='word_1_121' title='bbox 834 1561 958 1601; x_wconf 91' lang='lat' dir='ltr'><strong>non</strong></span> <span class='ocrx_word' id='word_1_122' title='bbox 989 1545 1098 1602; x_wconf 88' lang='lat' dir='ltr'><strong>erit</strong></span> <span class='ocrx_word' id='word_1_123' title='bbox 1137 1546 1361 1616; x_wconf 87' lang='lat' dir='ltr'><strong>gaudio</strong></span> <span class='ocrx_word' id='word_1_124' title='bbox 1391 1546 1717 1609; x_wconf 89' lang='lat' dir='ltr'><strong>bonorum,</strong></span> <span class='ocrx_word' id='word_1_125' title='bbox 1749 1546 1832 1602; x_wconf 89' lang='lat' dir='ltr'><strong>ita</strong></span> 
     </span>
    </p>
   </div>
   <div class='ocr_carea' id='block_1_18' title="bbox 163 1634 1831 1692">
    <p class='ocr_par' dir='ltr' id='par_1_18' title="bbox 163 1634 1831 1692">
     <span class='ocr_line' id='line_1_18' title="bbox 163 1634 1831 1692; baseline 0.002 -4"><span class='ocrx_word' id='word_1_126' title='bbox 163 1636 306 1690; x_wconf 83' lang='lat' dir='ltr'><strong>finis</strong></span> <span class='ocrx_word' id='word_1_127' title='bbox 333 1651 454 1690; x_wconf 90' lang='lat' dir='ltr'><strong>non</strong></span> <span class='ocrx_word' id='word_1_128' title='bbox 482 1634 591 1690; x_wconf 88' lang='lat' dir='ltr'><strong>erit</strong></span> <span class='ocrx_word' id='word_1_129' title='bbox 611 1638 908 1690; x_wconf 88' lang='lat' dir='ltr'><strong>tormento</strong></span> <span class='ocrx_word' id='word_1_130' title='bbox 930 1634 1250 1691; x_wconf 89' lang='lat' dir='ltr'><strong>malorum.</strong></span> <span class='ocrx_word' id='word_1_131' title='bbox 1274 1639 1423 1691; x_wconf 88' lang='lat' dir='ltr'><strong>Nam</strong></span> <span class='ocrx_word' id='word_1_132' title='bbox 1443 1651 1582 1691; x_wconf 92' lang='lat' dir='ltr'><strong>cum</strong></span> <span class='ocrx_word' id='word_1_133' title='bbox 1605 1635 1831 1692; x_wconf 87' lang='lat' dir='ltr'><strong>Veritas</strong></span> 
     </span>
    </p>
   </div>
   <div class='ocr_carea' id='block_1_19' title="bbox 1940 475 3604 550">
    <p class='ocr_par' dir='ltr' id='par_1_19' title="bbox 1940 475 3604 550">
     <span class='ocr_line' id='line_1_19' title="bbox 1940 475 3604 550; baseline -0.002 -18"><span class='ocrx_word' id='word_1_134' title='bbox 1940 477 2214 534; x_wconf 90' lang='lat' dir='ltr'><strong>versione</strong></span> <span class='ocrx_word' id='word_1_135' title='bbox 2243 478 2471 535; x_wconf 86' lang='lat' dir='ltr'><strong>salvare</strong></span> <span class='ocrx_word' id='word_1_136' title='bbox 2497 494 2509 532; x_wconf 92' lang='lat'>:</span> <span class='ocrx_word' id='word_1_137' title='bbox 2533 476 2681 550; x_wconf 90' lang='lat' dir='ltr'><strong>quid</strong></span> <span class='ocrx_word' id='word_1_138' title='bbox 2711 475 2874 531; x_wconf 90' lang='lat' dir='ltr'><strong>enim</strong></span> <span class='ocrx_word' id='word_1_139' title='bbox 2895 475 3059 531; x_wconf 89' lang='lat' dir='ltr'><strong>aliud</strong></span> <span class='ocrx_word' id='word_1_140' title='bbox 3090 481 3180 531; x_wconf 89' lang='lat' dir='ltr'><strong>est</strong></span> <span class='ocrx_word' id='word_1_141' title='bbox 3207 491 3318 548; x_wconf 92' lang='lat' dir='ltr'><strong>pro</strong></span> <span class='ocrx_word' id='word_1_142' title='bbox 3347 475 3604 531; x_wconf 89' lang='lat' dir='ltr'><strong>inimicis</strong></span> 
     </span>
    </p>
   </div>
   <div class='ocr_carea' id='block_1_20' title="bbox 1940 565 3605 640">
    <p class='ocr_par' dir='ltr' id='par_1_20' title="bbox 1940 565 3605 640">
     <span class='ocr_line' id='line_1_20' title="bbox 1940 565 3605 640; baseline -0.002 -16"><span class='ocrx_word' id='word_1_143' title='bbox 1940 568 2261 638; x_wconf 91' lang='lat' dir='ltr'><strong>orandum,</strong></span> <span class='ocrx_word' id='word_1_144' title='bbox 2290 567 2402 623; x_wconf 89' lang='lat' dir='ltr'><strong>nisi</strong></span> <span class='ocrx_word' id='word_1_145' title='bbox 2429 569 2544 623; x_wconf 90' lang='lat' dir='ltr'><strong>hoc</strong></span> <span class='ocrx_word' id='word_1_146' title='bbox 2574 566 2742 640; x_wconf 90' lang='lat' dir='ltr'><strong>quod</strong></span> <span class='ocrx_word' id='word_1_147' title='bbox 2771 565 3092 639; x_wconf 82' lang='lat' dir='ltr'><strong>Apostolus</strong></span> <span class='ocrx_word' id='word_1_148' title='bbox 3113 566 3225 622; x_wconf 91' lang='lat' dir='ltr'><strong>ait:</strong></span> <span class='ocrx_word' id='word_1_149' title='bbox 3259 567 3331 622; x_wconf 91' lang='lat' dir='ltr'><strong>Ut</strong></span> <span class='ocrx_word' id='word_1_150' title='bbox 3362 565 3459 621; x_wconf 84' lang='lat' dir='ltr'><strong>del</strong></span> <span class='ocrx_word' id='word_1_151' title='bbox 3479 565 3605 620; x_wconf 73' lang='lat' dir='ltr'><strong>illis</strong></span> 
     </span>
    </p>
   </div>
   <div class='ocr_carea' id='block_1_21' title="bbox 1939 656 3605 729">
    <p class='ocr_par' dir='ltr' id='par_1_21' title="bbox 1939 656 3605 729">
     <span class='ocr_line' id='line_1_21' title="bbox 1939 656 3605 729; baseline -0.002 -16"><span class='ocrx_word' id='word_1_152' title='bbox 1939 659 2096 715; x_wconf 81' lang='lat' dir='ltr'><strong>Deus</strong></span> <span class='ocrx_word' id='word_1_153' title='bbox 2122 660 2539 729; x_wconf 71' lang='lat' dir='ltr'><strong>paenitentiam</strong></span> <span class='ocrx_word' id='word_1_154' title='bbox 2569 657 2652 715; x_wconf 85' lang='lat' dir='ltr'><strong>ad</strong></span> <span class='ocrx_word' id='word_1_155' title='bbox 2671 656 3143 728; x_wconf 83' lang='lat' dir='ltr'><strong>cognoscendam</strong></span> <span class='ocrx_word' id='word_1_156' title='bbox 3186 657 3522 727; x_wconf 78' lang='lat' dir='ltr'><strong>veritatem,</strong></span> <span class='ocrx_word' id='word_1_157' title='bbox 3550 660 3605 711; x_wconf 83' lang='lat' dir='ltr'><strong>et</strong></span> 
     </span>
    </p>
   </div>
   <div class='ocr_carea' id='block_1_22' title="bbox 1941 747 3606 819">
    <p class='ocr_par' dir='ltr' id='par_1_22' title="bbox 1941 747 3606 819">
     <span class='ocr_line' id='line_1_22' title="bbox 1941 747 3606 819; baseline -0.002 -14"><span class='ocrx_word' id='word_1_158' title='bbox 1941 750 2291 819; x_wconf 77' lang='lat' dir='ltr'><strong>resipiscam</strong></span> <span class='ocrx_word' id='word_1_159' title='bbox 2323 765 2359 807; x_wconf 92' lang='lat' dir='ltr'><strong>a</strong></span> <span class='ocrx_word' id='word_1_160' title='bbox 2391 750 2625 807; x_wconf 82' lang='lat' dir='ltr'><strong>diaboli</strong></span> <span class='ocrx_word' id='word_1_161' title='bbox 2672 749 2900 819; x_wconf 78' lang='lat' dir='ltr'><strong>laqueis</strong></span> <span class='ocrx_word' id='word_1_162' title='bbox 2925 751 2980 816; x_wconf 89' lang='grc' dir='ltr'><strong>(Ι</strong></span> <span class='ocrx_word' id='word_1_163' title='bbox 3008 749 3154 804; x_wconf 87' lang='lat' dir='ltr'><strong>Tim.</strong></span> <span class='ocrx_word' id='word_1_164' title='bbox 3185 763 3246 816; x_wconf 84' lang='grc' dir='ltr'><strong>ιι,</strong></span> <span class='ocrx_word' id='word_1_165' title='bbox 3278 747 3392 817; x_wconf 79' lang='lat'><strong>25),</strong></span> <span class='ocrx_word' id='word_1_166' title='bbox 3417 763 3453 802; x_wconf 90' lang='lat' dir='ltr'><strong>a</strong></span> <span class='ocrx_word' id='word_1_167' title='bbox 3480 761 3606 818; x_wconf 90' lang='lat' dir='ltr'><strong>quo</strong></span> 
     </span>
    </p>
   </div>
   <div class='ocr_carea' id='block_1_23' title="bbox 1943 836 3603 911">
    <p class='ocr_par' dir='ltr' id='par_1_23' title="bbox 1943 836 3603 911">
     <span class='ocr_line' id='line_1_23' title="bbox 1943 836 3603 911; baseline -0.002 -18"><span class='ocrx_word' id='word_1_168' title='bbox 1943 839 2101 910; x_wconf 85' lang='lat' dir='ltr'><strong>capti</strong></span> <span class='ocrx_word' id='word_1_169' title='bbox 2131 843 2406 895; x_wconf 88' lang='lat' dir='ltr'><strong>tenentur</strong></span> <span class='ocrx_word' id='word_1_170' title='bbox 2460 839 2540 895; x_wconf 92' lang='lat' dir='ltr'><strong>ad</strong></span> <span class='ocrx_word' id='word_1_171' title='bbox 2587 837 2776 911; x_wconf 87' lang='lat' dir='ltr'><strong>ipsius</strong></span> <span class='ocrx_word' id='word_1_172' title='bbox 2815 836 3208 893; x_wconf 87' lang='lat' dir='ltr'><strong>voluntatem.</strong></span> <span class='ocrx_word' id='word_1_173' title='bbox 3241 867 3312 877; x_wconf 91' lang='lat'><strong><em>—</em></strong></span> <span class='ocrx_word' id='word_1_174' title='bbox 3339 839 3556 892; x_wconf 69' lang='lat' dir='ltr'><strong>Pramus</strong></span> <span class='ocrx_word' id='word_1_175' title='bbox 3588 851 3603 890; x_wconf 93' lang='lat'>:</span> 
     </span>
    </p>
   </div>
   <div class='ocr_carea' id='block_1_24' title="bbox 1944 926 3607 1001">
    <p class='ocr_par' dir='ltr' id='par_1_24' title="bbox 1944 926 3607 1001">
     <span class='ocr_line' id='line_1_24' title="bbox 1944 926 3607 1001; baseline -0.001 -18"><span class='ocrx_word' id='word_1_176' title='bbox 1944 927 2137 984; x_wconf 88' lang='lat' dir='ltr'><strong>Placet</strong></span> <span class='ocrx_word' id='word_1_177' title='bbox 2166 929 2334 1001; x_wconf 87' lang='lat' dir='ltr'><strong>quod</strong></span> <span class='ocrx_word' id='word_1_178' title='bbox 2365 929 2539 984; x_wconf 89' lang='lat' dir='ltr'><strong>dicis.</strong></span> <span class='ocrx_word' id='word_1_179' title='bbox 2573 931 2639 983; x_wconf 89' lang='lat' dir='ltr'><strong>Et</strong></span> <span class='ocrx_word' id='word_1_180' title='bbox 2686 927 2999 1001; x_wconf 88' lang='lat' dir='ltr'><strong>quomodo</strong></span> <span class='ocrx_word' id='word_1_181' title='bbox 3020 943 3131 1000; x_wconf 91' lang='lat' dir='ltr'><strong>pro</strong></span> <span class='ocrx_word' id='word_1_182' title='bbox 3159 926 3272 982; x_wconf 89' lang='lat' dir='ltr'><strong>illis</strong></span> <span class='ocrx_word' id='word_1_183' title='bbox 3303 931 3447 982; x_wconf 91' lang='lat' dir='ltr'><strong>tunc</strong></span> <span class='ocrx_word' id='word_1_184' title='bbox 3476 941 3607 982; x_wconf 90' lang='lat' dir='ltr'><strong>ora-</strong></span> 
     </span>
    </p>
   </div>
   <div class='ocr_carea' id='block_1_25' title="bbox 1943 1015 3608 1090">
    <p class='ocr_par' dir='ltr' id='par_1_25' title="bbox 1943 1015 3608 1090">
     <span class='ocr_line' id='line_1_25' title="bbox 1943 1015 3608 1090; baseline 0 -19"><span class='ocrx_word' id='word_1_185' title='bbox 1943 1015 2102 1072; x_wconf 91' lang='lat' dir='ltr'><strong>bitur</strong></span> <span class='ocrx_word' id='word_1_186' title='bbox 2127 1018 2259 1089; x_wconf 89' lang='lat' dir='ltr'><strong>[al.,</strong></span> <span class='ocrx_word' id='word_1_187' title='bbox 2283 1018 2586 1089; x_wconf 90' lang='lat' dir='ltr'><strong>orabunt],</strong></span> <span class='ocrx_word' id='word_1_188' title='bbox 2605 1016 2711 1090; x_wconf 90' lang='lat' dir='ltr'><strong>qui</strong></span> <span class='ocrx_word' id='word_1_189' title='bbox 2731 1017 2860 1088; x_wconf 91' lang='lat' dir='ltr'><strong>jam</strong></span> <span class='ocrx_word' id='word_1_190' title='bbox 2881 1016 3225 1073; x_wconf 88' lang='lat' dir='ltr'><strong>nullatenus</strong></span> <span class='ocrx_word' id='word_1_191' title='bbox 3249 1019 3507 1088; x_wconf 90' lang='lat' dir='ltr'><strong>possunt</strong></span> <span class='ocrx_word' id='word_1_192' title='bbox 3526 1015 3608 1071; x_wconf 92' lang='lat' dir='ltr'><strong>ad</strong></span> 
     </span>
    </p>
   </div>
   <div class='ocr_carea' id='block_1_26' title="bbox 1937 1105 3608 1179">
    <p class='ocr_par' dir='ltr' id='par_1_26' title="bbox 1937 1105 3608 1179">
     <span class='ocr_line' id='line_1_26' title="bbox 1937 1105 3608 1179; baseline 0 -18"><span class='ocrx_word' id='word_1_193' title='bbox 1937 1105 2182 1177; x_wconf 77' lang='lat' dir='ltr'><strong>justitiae</strong></span> <span class='ocrx_word' id='word_1_194' title='bbox 2212 1123 2398 1179; x_wconf 88' lang='lat' dir='ltr'><strong>opera</strong></span> <span class='ocrx_word' id='word_1_195' title='bbox 2427 1107 2505 1163; x_wconf 88' lang='lat' dir='ltr'><strong>ab</strong></span> <span class='ocrx_word' id='word_1_196' title='bbox 2531 1105 2842 1179; x_wconf 89' lang='lat' dir='ltr'><strong>iniquitate</strong></span> <span class='ocrx_word' id='word_1_197' title='bbox 2873 1105 3234 1162; x_wconf 91' lang='lat' dir='ltr'><strong>commutari</strong></span> <span class='ocrx_word' id='word_1_198' title='bbox 3254 1105 3368 1161; x_wconf 86' lang='lat'><strong>?—</strong></span> <span class='ocrx_word' id='word_1_199' title='bbox 3388 1106 3608 1161; x_wconf 73' lang='lat' dir='ltr'><strong>Gnaeo-</strong></span> 
     </span>
    </p>
   </div>
   <div class='ocr_carea' id='block_1_27' title="bbox 1941 1196 3606 1269">
    <p class='ocr_par' dir='ltr' id='par_1_27' title="bbox 1941 1196 3606 1269">
     <span class='ocr_line' id='line_1_27' title="bbox 1941 1196 3606 1269; baseline -0.001 -18"><span class='ocrx_word' id='word_1_200' title='bbox 1941 1210 2104 1252; x_wconf 82' lang='lat' dir='ltr'><strong>mus:</strong></span> <span class='ocrx_word' id='word_1_201' title='bbox 2133 1196 2352 1253; x_wconf 79' lang='lat' dir='ltr'><strong>Eadem</strong></span> <span class='ocrx_word' id='word_1_202' title='bbox 2383 1197 2588 1269; x_wconf 89' lang='lat' dir='ltr'><strong>itaque</strong></span> <span class='ocrx_word' id='word_1_203' title='bbox 2611 1211 2803 1252; x_wconf 87' lang='lat' dir='ltr'><strong>causa</strong></span> <span class='ocrx_word' id='word_1_204' title='bbox 2826 1200 2934 1265; x_wconf 90' lang='lat' dir='ltr'><strong>est,</strong></span> <span class='ocrx_word' id='word_1_205' title='bbox 2959 1211 3066 1251; x_wconf 92' lang='lat' dir='ltr'><strong>cur</strong></span> <span class='ocrx_word' id='word_1_206' title='bbox 3085 1211 3209 1252; x_wconf 92' lang='lat' dir='ltr'><strong>non</strong></span> <span class='ocrx_word' id='word_1_207' title='bbox 3241 1199 3444 1252; x_wconf 88' lang='lat' dir='ltr'><strong>oretur</strong></span> <span class='ocrx_word' id='word_1_208' title='bbox 3465 1199 3606 1251; x_wconf 89' lang='lat' dir='ltr'><strong>tunc</strong></span> 
     </span>
    </p>
   </div>
   <div class='ocr_carea' id='block_1_28' title="bbox 1941 1285 3608 1358">
    <p class='ocr_par' dir='ltr' id='par_1_28' title="bbox 1941 1285 3608 1358">
     <span class='ocr_line' id='line_1_28' title="bbox 1941 1285 3608 1358; baseline -0.002 -16"><span class='ocrx_word' id='word_1_209' title='bbox 1941 1300 2054 1358; x_wconf 90' lang='lat' dir='ltr'><strong>pro</strong></span> <span class='ocrx_word' id='word_1_210' title='bbox 2082 1286 2433 1342; x_wconf 90' lang='lat' dir='ltr'><strong>hominibus</strong></span> <span class='ocrx_word' id='word_1_211' title='bbox 2477 1291 2702 1343; x_wconf 83' lang='lat' dir='ltr'><strong>aeterno</strong></span> <span class='ocrx_word' id='word_1_212' title='bbox 2749 1285 2888 1355; x_wconf 87' lang='lat' dir='ltr'><strong>igne</strong></span> <span class='ocrx_word' id='word_1_213' title='bbox 2914 1285 3240 1342; x_wconf 88' lang='lat' dir='ltr'><strong>damnatis.</strong></span> <span class='ocrx_word' id='word_1_214' title='bbox 3275 1287 3418 1350; x_wconf 72' lang='lat' dir='ltr'><strong>Quae</strong></span> <span class='ocrx_word' id='word_1_215' title='bbox 3441 1300 3608 1340; x_wconf 90' lang='lat' dir='ltr'><strong>nunc</strong></span> 
     </span>
    </p>
   </div>
   <div class='ocr_carea' id='block_1_29' title="bbox 1943 1373 3608 1446">
    <p class='ocr_par' dir='ltr' id='par_1_29' title="bbox 1943 1373 3608 1446">
     <span class='ocr_line' id='line_1_29' title="bbox 1943 1373 3608 1446; baseline 0 -17"><span class='ocrx_word' id='word_1_216' title='bbox 1943 1375 2123 1431; x_wconf 90' lang='lat' dir='ltr'><strong>etiam</strong></span> <span class='ocrx_word' id='word_1_217' title='bbox 2163 1391 2352 1432; x_wconf 90' lang='lat' dir='ltr'><strong>causa</strong></span> <span class='ocrx_word' id='word_1_218' title='bbox 2377 1379 2484 1445; x_wconf 90' lang='lat' dir='ltr'><strong>est,</strong></span> <span class='ocrx_word' id='word_1_219' title='bbox 2515 1379 2582 1432; x_wconf 91' lang='lat' dir='ltr'><strong>ut</strong></span> <span class='ocrx_word' id='word_1_220' title='bbox 2611 1391 2734 1431; x_wconf 92' lang='lat' dir='ltr'><strong>non</strong></span> <span class='ocrx_word' id='word_1_221' title='bbox 2765 1378 2967 1431; x_wconf 91' lang='lat' dir='ltr'><strong>oretur</strong></span> <span class='ocrx_word' id='word_1_222' title='bbox 2995 1390 3106 1446; x_wconf 93' lang='lat' dir='ltr'><strong>pro</strong></span> <span class='ocrx_word' id='word_1_223' title='bbox 3136 1373 3382 1431; x_wconf 86' lang='lat' dir='ltr'><strong>diabolo</strong></span> <span class='ocrx_word' id='word_1_224' title='bbox 3410 1377 3468 1430; x_wconf 91' lang='lat' dir='ltr'><strong>et</strong></span> <span class='ocrx_word' id='word_1_225' title='bbox 3497 1389 3608 1429; x_wconf 86' lang='lat' dir='ltr'><strong>an-</strong></span> 
     </span>
    </p>
   </div>
   <div class='ocr_carea' id='block_1_30' title="bbox 1943 1462 3608 1536">
    <p class='ocr_par' dir='ltr' id='par_1_30' title="bbox 1943 1462 3608 1536">
     <span class='ocr_line' id='line_1_30' title="bbox 1943 1462 3608 1536; baseline -0.001 -18"><span class='ocrx_word' id='word_1_226' title='bbox 1943 1463 2089 1534; x_wconf 90' lang='lat' dir='ltr'><strong>gelis</strong></span> <span class='ocrx_word' id='word_1_227' title='bbox 2119 1464 2250 1536; x_wconf 91' lang='lat' dir='ltr'><strong>ejus</strong></span> <span class='ocrx_word' id='word_1_228' title='bbox 2299 1468 2532 1521; x_wconf 31' lang='lat' dir='ltr'><strong>aeterno.</strong></span> <span class='ocrx_word' id='word_1_229' title='bbox 2555 1463 2852 1536; x_wconf 90' lang='lat' dir='ltr'><strong>supplicio</strong></span> <span class='ocrx_word' id='word_1_230' title='bbox 2895 1462 3216 1535; x_wconf 90' lang='lat' dir='ltr'><strong>deputatis,</strong></span> <span class='ocrx_word' id='word_1_231' title='bbox 3249 1479 3386 1535; x_wconf 67' lang='lat' dir='ltr'><strong>quae</strong></span> <span class='ocrx_word' id='word_1_232' title='bbox 3443 1476 3608 1518; x_wconf 90' lang='lat' dir='ltr'><strong>nunc</strong></span> 
     </span>
    </p>
   </div>
   <div class='ocr_carea' id='block_1_31' title="bbox 1943 1550 3608 1628">
    <p class='ocr_par' dir='ltr' id='par_1_31' title="bbox 1943 1550 3608 1628">
     <span class='ocr_line' id='line_1_31' title="bbox 1943 1550 3608 1628; baseline -0.002 -20"><span class='ocrx_word' id='word_1_233' title='bbox 1943 1551 2123 1608; x_wconf 88' lang='lat' dir='ltr'><strong>etiam</strong></span> <span class='ocrx_word' id='word_1_234' title='bbox 2153 1567 2340 1608; x_wconf 88' lang='lat' dir='ltr'><strong>causa</strong></span> <span class='ocrx_word' id='word_1_235' title='bbox 2365 1557 2476 1618; x_wconf 89' lang='lat' dir='ltr'><strong>est,</strong></span> <span class='ocrx_word' id='word_1_236' title='bbox 2507 1557 2573 1628; x_wconf 85' lang='lat' dir='ltr'><strong>ut</strong></span> <span class='ocrx_word' id='word_1_237' title='bbox 2601 1567 2725 1608; x_wconf 90' lang='lat' dir='ltr'><strong>non</strong></span> <span class='ocrx_word' id='word_1_238' title='bbox 2753 1555 2924 1608; x_wconf 89' lang='lat' dir='ltr'><strong>orent</strong></span> <span class='ocrx_word' id='word_1_239' title='bbox 2953 1550 3143 1608; x_wconf 89' lang='lat' dir='ltr'><strong>sancti</strong></span> <span class='ocrx_word' id='word_1_240' title='bbox 3189 1550 3468 1606; x_wconf 89' lang='lat' dir='ltr'><strong>homines</strong></span> <span class='ocrx_word' id='word_1_241' title='bbox 3496 1564 3608 1622; x_wconf 91' lang='lat' dir='ltr'><strong>pro</strong></span> 
     </span>
    </p>
   </div>
   <div class='ocr_carea' id='block_1_32' title="bbox 1940 1639 3611 1714">
    <p class='ocr_par' dir='ltr' id='par_1_32' title="bbox 1940 1639 3611 1714">
     <span class='ocr_line' id='line_1_32' title="bbox 1940 1639 3611 1714; baseline -0.001 -18"><span class='ocrx_word' id='word_1_242' title='bbox 1940 1639 2292 1697; x_wconf 92' lang='lat' dir='ltr'><strong>hominibus</strong></span> <span class='ocrx_word' id='word_1_243' title='bbox 2310 1642 2655 1698; x_wconf 86' lang='lat' dir='ltr'><strong>infidelibus</strong></span> <span class='ocrx_word' id='word_1_244' title='bbox 2669 1641 2992 1714; x_wconf 84' lang='lat' dir='ltr'><strong>impiisque</strong></span> <span class='ocrx_word' id='word_1_245' title='bbox 3007 1639 3324 1710; x_wconf 88' lang='lat' dir='ltr'><strong>defunctis,</strong></span> <span class='ocrx_word' id='word_1_246' title='bbox 3338 1639 3450 1694; x_wconf 92' lang='lat' dir='ltr'><strong>nisi</strong></span> <span class='ocrx_word' id='word_1_247' title='bbox 3463 1639 3611 1712; x_wconf 90' lang='lat' dir='ltr'><strong>quia</strong></span> 
     </span>
    </p>
   </div>
   <div class='ocr_carea' id='block_1_33' title="bbox 162 1725 3608 1804">
    <p class='ocr_par' dir='ltr' id='par_1_33' title="bbox 162 1725 3608 1804">
     <span class='ocr_line' id='line_1_33' title="bbox 162 1725 3608 1804; baseline 0.001 -24"><span class='ocrx_word' id='word_1_248' title='bbox 162 1726 327 1781; x_wconf 89' lang='lat' dir='ltr'><strong>dicat</strong></span> <span class='ocrx_word' id='word_1_249' title='bbox 360 1744 373 1781; x_wconf 89' lang='lat'>:</span> <span class='ocrx_word' id='word_1_250' title='bbox 407 1725 585 1780; x_wconf 79' lang='lat' dir='ltr'><strong>Ibunt</strong></span> <span class='ocrx_word' id='word_1_251' title='bbox 618 1725 791 1794; x_wconf 82' lang='lat' dir='ltr'><strong>impii</strong></span> <span class='ocrx_word' id='word_1_252' title='bbox 818 1726 882 1780; x_wconf 85' lang='lat' dir='ltr'><strong>in</strong></span> <span class='ocrx_word' id='word_1_253' title='bbox 937 1726 1302 1795; x_wconf 77' lang='lat' dir='ltr'><strong>supplicium</strong></span> <span class='ocrx_word' id='word_1_254' title='bbox 1346 1731 1655 1796; x_wconf 67' lang='lat' dir='ltr'><strong>wternum,</strong></span> <span class='ocrx_word' id='word_1_255' title='bbox 1674 1726 1834 1796; x_wconf 84' lang='lat' dir='ltr'><strong>justi</strong></span> <span class='ocrx_word' id='word_1_256' title='bbox 1862 1747 1916 1801; x_wconf 73' lang='lat' dir='ltr'><strong>B</strong></span> <span class='ocrx_word' id='word_1_257' title='bbox 1941 1729 2018 1785; x_wconf 92' lang='lat' dir='ltr'><strong>de</strong></span> <span class='ocrx_word' id='word_1_258' title='bbox 2049 1731 2135 1786; x_wconf 92' lang='lat' dir='ltr'><strong>eis</strong></span> <span class='ocrx_word' id='word_1_259' title='bbox 2157 1731 2368 1804; x_wconf 90' lang='lat' dir='ltr'><strong>utique</strong></span> <span class='ocrx_word' id='word_1_260' title='bbox 2389 1747 2546 1804; x_wconf 90' lang='lat' dir='ltr'><strong>quos</strong></span> <span class='ocrx_word' id='word_1_261' title='bbox 2570 1736 2796 1787; x_wconf 71' lang='lat' dir='ltr'><strong>aeterno</strong></span> <span class='ocrx_word' id='word_1_262' title='bbox 2821 1729 3119 1803; x_wconf 91' lang='lat' dir='ltr'><strong>supplicio</strong></span> <span class='ocrx_word' id='word_1_263' title='bbox 3139 1729 3461 1801; x_wconf 87' lang='lat' dir='ltr'><strong>deputatos</strong></span> <span class='ocrx_word' id='word_1_264' title='bbox 3478 1728 3608 1799; x_wconf 88' lang='lat' dir='ltr'><strong>jam</strong></span> 
     </span>
    </p>
   </div>
   <div class='ocr_carea' id='block_1_34' title="bbox 162 1815 1833 1889">
    <p class='ocr_par' dir='ltr' id='par_1_34' title="bbox 162 1815 1833 1889">
     <span class='ocr_line' id='line_1_34' title="bbox 162 1815 1833 1889; baseline 0 -17"><span class='ocrx_word' id='word_1_265' title='bbox 162 1821 364 1872; x_wconf 85' lang='lat' dir='ltr'><strong>autem</strong></span> <span class='ocrx_word' id='word_1_266' title='bbox 413 1816 476 1870; x_wconf 84' lang='lat' dir='ltr'><strong>in</strong></span> <span class='ocrx_word' id='word_1_267' title='bbox 524 1817 710 1870; x_wconf 81' lang='lat' dir='ltr'><strong>vitam</strong></span> <span class='ocrx_word' id='word_1_268' title='bbox 758 1821 1048 1872; x_wconf 75' lang='lat' dir='ltr'><strong>wtemam</strong></span> <span class='ocrx_word' id='word_1_269' title='bbox 1102 1815 1508 1888; x_wconf 61' lang='lat' dir='ltr'><strong>(Malliusxv,</strong></span> <span class='ocrx_word' id='word_1_270' title='bbox 1539 1819 1652 1884; x_wconf 82' lang='grc'><strong>46),</strong></span> <span class='ocrx_word' id='word_1_271' title='bbox 1686 1816 1833 1889; x_wconf 90' lang='lat' dir='ltr'><strong>quia</strong></span> 
     </span>
    </p>
   </div>
   <div class='ocr_carea' id='block_1_35' title="bbox 163 1903 1832 1976">
    <p class='ocr_par' dir='ltr' id='par_1_35' title="bbox 163 1903 1832 1976">
     <span class='ocr_line' id='line_1_35' title="bbox 163 1903 1832 1976; baseline 0.001 -16"><span class='ocrx_word' id='word_1_272' title='bbox 163 1921 375 1960; x_wconf 90' lang='lat' dir='ltr'><strong>verum</strong></span> <span class='ocrx_word' id='word_1_273' title='bbox 398 1908 490 1960; x_wconf 90' lang='lat' dir='ltr'><strong>est</strong></span> <span class='ocrx_word' id='word_1_274' title='bbox 517 1903 685 1976; x_wconf 90' lang='lat' dir='ltr'><strong>quod</strong></span> <span class='ocrx_word' id='word_1_275' title='bbox 706 1903 1000 1976; x_wconf 90' lang='lat' dir='ltr'><strong>promisit,</strong></span> <span class='ocrx_word' id='word_1_276' title='bbox 1024 1903 1244 1960; x_wconf 89' lang='lat' dir='ltr'><strong>falsum</strong></span> <span class='ocrx_word' id='word_1_277' title='bbox 1269 1905 1480 1976; x_wconf 88' lang='lat' dir='ltr'><strong>procul</strong></span> <span class='ocrx_word' id='word_1_278' title='bbox 1500 1904 1688 1961; x_wconf 92' lang='lat' dir='ltr'><strong>dubio</strong></span> <span class='ocrx_word' id='word_1_279' title='bbox 1707 1921 1832 1961; x_wconf 91' lang='lat' dir='ltr'><strong>non</strong></span> 
     </span>
    </p>
   </div>
   <div class='ocr_carea' id='block_1_36' title="bbox 163 1993 1833 2066">
    <p class='ocr_par' dir='ltr' id='par_1_36' title="bbox 163 1993 1833 2066">
     <span class='ocr_line' id='line_1_36' title="bbox 163 1993 1833 2066; baseline 0 -16"><span class='ocrx_word' id='word_1_280' title='bbox 163 1998 295 2050; x_wconf 88' lang='lat' dir='ltr'><strong>erat</strong></span> <span class='ocrx_word' id='word_1_281' title='bbox 338 1993 505 2066; x_wconf 88' lang='lat' dir='ltr'><strong>quod</strong></span> <span class='ocrx_word' id='word_1_282' title='bbox 559 1995 826 2049; x_wconf 91' lang='lat' dir='ltr'><strong>minatus</strong></span> <span class='ocrx_word' id='word_1_283' title='bbox 873 1998 962 2050; x_wconf 92' lang='lat' dir='ltr'><strong>est</strong></span> <span class='ocrx_word' id='word_1_284' title='bbox 988 1995 1168 2050; x_wconf 90' lang='lat' dir='ltr'><strong>Deus.</strong></span> <span class='ocrx_word' id='word_1_285' title='bbox 1191 2025 1259 2034; x_wconf 88' lang='lat'><strong>——</strong></span> <span class='ocrx_word' id='word_1_286' title='bbox 1295 1996 1512 2050; x_wconf 66' lang='lat' dir='ltr'><strong>Parens</strong></span> <span class='ocrx_word' id='word_1_287' title='bbox 1537 2011 1550 2050; x_wconf 90' lang='lat'><strong>:</strong></span> <span class='ocrx_word' id='word_1_288' title='bbox 1577 1994 1750 2064; x_wconf 90' lang='lat' dir='ltr'><strong>Quid,</strong></span> <span class='ocrx_word' id='word_1_289' title='bbox 1783 1994 1833 2050; x_wconf 91' lang='lat' dir='ltr'><strong>si</strong></span> 
     </span>
    </p>
   </div>
   <div class='ocr_carea' id='block_1_37' title="bbox 162 2083 1832 2158">
    <p class='ocr_par' dir='ltr' id='par_1_37' title="bbox 162 2083 1832 2158">
     <span class='ocr_line' id='line_1_37' title="bbox 162 2083 1832 2158; baseline 0.002 -20"><span class='ocrx_word' id='word_1_290' title='bbox 162 2083 302 2156; x_wconf 90' lang='lat' dir='ltr'><strong>quis</strong></span> <span class='ocrx_word' id='word_1_291' title='bbox 332 2083 493 2140; x_wconf 86' lang='lat' dir='ltr'><strong>dicat</strong></span> <span class='ocrx_word' id='word_1_292' title='bbox 533 2101 546 2138; x_wconf 89' lang='lat'>:</span> <span class='ocrx_word' id='word_1_293' title='bbox 580 2083 803 2139; x_wconf 90' lang='lat' dir='ltr'><strong>idcirco</strong></span> <span class='ocrx_word' id='word_1_294' title='bbox 832 2083 1227 2156; x_wconf 86' lang='lat' dir='ltr'><strong>peccantibus</strong></span> <span class='ocrx_word' id='word_1_295' title='bbox 1261 2087 1546 2141; x_wconf 62' lang='lat' dir='ltr'><strong>aeternam</strong></span> <span class='ocrx_word' id='word_1_296' title='bbox 1583 2100 1832 2158; x_wconf 84' lang='lat' dir='ltr'><strong>poenam</strong></span> 
     </span>
    </p>
   </div>
   <div class='ocr_carea' id='block_1_38' title="bbox 163 2173 1831 2246">
    <p class='ocr_par' dir='ltr' id='par_1_38' title="bbox 163 2173 1831 2246">
     <span class='ocr_line' id='line_1_38' title="bbox 163 2173 1831 2246; baseline 0.001 -18"><span class='ocrx_word' id='word_1_297' title='bbox 163 2173 433 2228; x_wconf 89' lang='lat' dir='ltr'><strong>minatus</strong></span> <span class='ocrx_word' id='word_1_298' title='bbox 479 2176 588 2243; x_wconf 89' lang='lat' dir='ltr'><strong>est,</strong></span> <span class='ocrx_word' id='word_1_299' title='bbox 621 2176 686 2228; x_wconf 90' lang='lat' dir='ltr'><strong>ut</strong></span> <span class='ocrx_word' id='word_1_300' title='bbox 732 2189 836 2228; x_wconf 90' lang='lat' dir='ltr'><strong>eos</strong></span> <span class='ocrx_word' id='word_1_301' title='bbox 881 2189 918 2229; x_wconf 91' lang='lat' dir='ltr'><strong>a</strong></span> <span class='ocrx_word' id='word_1_302' title='bbox 973 2178 1362 2246; x_wconf 88' lang='lat' dir='ltr'><strong>peccatorum</strong></span> <span class='ocrx_word' id='word_1_303' title='bbox 1389 2174 1831 2246; x_wconf 90' lang='lat' dir='ltr'><strong>perpetratione</strong></span> 
     </span>
    </p>
   </div>
   <div class='ocr_carea' id='block_1_39' title="bbox 162 2262 1832 2334">
    <p class='ocr_par' dir='ltr' id='par_1_39' title="bbox 162 2262 1832 2334">
     <span class='ocr_line' id='line_1_39' title="bbox 162 2262 1832 2334; baseline 0.001 -18"><span class='ocrx_word' id='word_1_304' title='bbox 162 2263 558 2334; x_wconf 87' lang='lat' dir='ltr'><strong>compescat?</strong></span> <span class='ocrx_word' id='word_1_305' title='bbox 588 2262 720 2332; x_wconf 86' lang='lat' dir='ltr'><strong>[al.,</strong></span> <span class='ocrx_word' id='word_1_306' title='bbox 769 2265 1178 2333; x_wconf 90' lang='lat' dir='ltr'><strong>compesceret</strong></span> <span class='ocrx_word' id='word_1_307' title='bbox 1203 2262 1250 2333; x_wconf 86' lang='lat'><strong>?]</strong></span> <span class='ocrx_word' id='word_1_308' title='bbox 1279 2293 1349 2301; x_wconf 93' lang='lat'><strong><em>—</em></strong></span> <span class='ocrx_word' id='word_1_309' title='bbox 1382 2264 1736 2318; x_wconf 72' lang='lat' dir='ltr'><strong>Gnccomus:</strong></span> <span class='ocrx_word' id='word_1_310' title='bbox 1773 2262 1832 2319; x_wconf 91' lang='lat' dir='ltr'><strong>Si</strong></span> 
     </span>
    </p>
   </div>
   <div class='ocr_carea' id='block_1_40' title="bbox 161 2349 1832 2423">
    <p class='ocr_par' dir='ltr' id='par_1_40' title="bbox 161 2349 1832 2423">
     <span class='ocr_line' id='line_1_40' title="bbox 161 2349 1832 2423; baseline 0.001 -17"><span class='ocrx_word' id='word_1_311' title='bbox 161 2351 388 2406; x_wconf 87' lang='lat' dir='ltr'><strong>falsum</strong></span> <span class='ocrx_word' id='word_1_312' title='bbox 413 2355 500 2406; x_wconf 90' lang='lat' dir='ltr'><strong>est</strong></span> <span class='ocrx_word' id='word_1_313' title='bbox 525 2349 694 2423; x_wconf 90' lang='lat' dir='ltr'><strong>quod</strong></span> <span class='ocrx_word' id='word_1_314' title='bbox 722 2350 991 2406; x_wconf 88' lang='lat' dir='ltr'><strong>minatus</strong></span> <span class='ocrx_word' id='word_1_315' title='bbox 1021 2353 1130 2418; x_wconf 91' lang='lat' dir='ltr'><strong>est,</strong></span> <span class='ocrx_word' id='word_1_316' title='bbox 1155 2354 1221 2406; x_wconf 93' lang='lat' dir='ltr'><strong>ut</strong></span> <span class='ocrx_word' id='word_1_317' title='bbox 1247 2350 1324 2406; x_wconf 89' lang='lat' dir='ltr'><strong>ab</strong></span> <span class='ocrx_word' id='word_1_318' title='bbox 1345 2350 1638 2422; x_wconf 89' lang='lat' dir='ltr'><strong>injustitia</strong></span> <span class='ocrx_word' id='word_1_319' title='bbox 1657 2351 1832 2407; x_wconf 90' lang='lat' dir='ltr'><strong>corri-</strong></span> 
     </span>
    </p>
   </div>
   <div class='ocr_carea' id='block_1_41' title="bbox 160 2438 1827 2512">
    <p class='ocr_par' dir='ltr' id='par_1_41' title="bbox 160 2438 1827 2512">
     <span class='ocr_line' id='line_1_41' title="bbox 160 2438 1827 2512; baseline 0.001 -16"><span class='ocrx_word' id='word_1_320' title='bbox 160 2445 354 2510; x_wconf 86' lang='lat' dir='ltr'><strong>geret,</strong></span> <span class='ocrx_word' id='word_1_321' title='bbox 388 2440 568 2496; x_wconf 90' lang='lat' dir='ltr'><strong>etiam</strong></span> <span class='ocrx_word' id='word_1_322' title='bbox 620 2439 771 2495; x_wconf 84' lang='lat' dir='ltr'><strong>falsa</strong></span> <span class='ocrx_word' id='word_1_323' title='bbox 813 2443 902 2494; x_wconf 89' lang='lat' dir='ltr'><strong>est</strong></span> <span class='ocrx_word' id='word_1_324' title='bbox 945 2438 1266 2512; x_wconf 89' lang='lat' dir='ltr'><strong>pollicitus,</strong></span> <span class='ocrx_word' id='word_1_325' title='bbox 1299 2444 1366 2496; x_wconf 91' lang='lat' dir='ltr'><strong>ut</strong></span> <span class='ocrx_word' id='word_1_326' title='bbox 1413 2440 1492 2497; x_wconf 88' lang='lat' dir='ltr'><strong>ab</strong></span> <span class='ocrx_word' id='word_1_327' title='bbox 1536 2441 1827 2512; x_wconf 88' lang='lat' dir='ltr'><strong>justitiam</strong></span> 
     </span>
    </p>
   </div>
   <div class='ocr_carea' id='block_1_42' title="bbox 159 2529 1833 2603">
    <p class='ocr_par' dir='ltr' id='par_1_42' title="bbox 159 2529 1833 2603">
     <span class='ocr_line' id='line_1_42' title="bbox 159 2529 1833 2603; baseline 0 -17"><span class='ocrx_word' id='word_1_328' title='bbox 159 2533 541 2602; x_wconf 89' lang='lat' dir='ltr'><strong>provocaret;</strong></span> <span class='ocrx_word' id='word_1_329' title='bbox 567 2529 673 2585; x_wconf 90' lang='lat' dir='ltr'><strong>scd</strong></span> <span class='ocrx_word' id='word_1_330' title='bbox 699 2529 833 2602; x_wconf 92' lang='lat' dir='ltr'><strong>quis</strong></span> <span class='ocrx_word' id='word_1_331' title='bbox 850 2529 965 2585; x_wconf 91' lang='lat' dir='ltr'><strong>hoc</strong></span> <span class='ocrx_word' id='word_1_332' title='bbox 988 2529 1186 2586; x_wconf 88' lang='lat' dir='ltr'><strong>dicere</strong></span> <span class='ocrx_word' id='word_1_333' title='bbox 1205 2529 1300 2586; x_wconf 91' lang='lat' dir='ltr'><strong>vel</strong></span> <span class='ocrx_word' id='word_1_334' title='bbox 1328 2529 1578 2586; x_wconf 89' lang='lat' dir='ltr'><strong>insanus</strong></span> <span class='ocrx_word' id='word_1_335' title='bbox 1599 2546 1833 2603; x_wconf 65' lang='lat' dir='ltr'><strong>praesu-</strong></span> 
     </span>
    </p>
   </div>
   <div class='ocr_carea' id='block_1_43' title="bbox 157 2619 1828 2692">
    <p class='ocr_par' dir='ltr' id='par_1_43' title="bbox 157 2619 1828 2692">
     <span class='ocr_line' id='line_1_43' title="bbox 157 2619 1828 2692; baseline 0 -16"><span class='ocrx_word' id='word_1_336' title='bbox 157 2622 339 2676; x_wconf 82' lang='lat' dir='ltr'><strong>mat?</strong></span> <span class='ocrx_word' id='word_1_337' title='bbox 371 2619 504 2674; x_wconf 82' lang='lat' dir='ltr'><strong>Etsi</strong></span> <span class='ocrx_word' id='word_1_338' title='bbox 535 2619 801 2675; x_wconf 88' lang='lat' dir='ltr'><strong>minatus</strong></span> <span class='ocrx_word' id='word_1_339' title='bbox 831 2623 924 2675; x_wconf 91' lang='lat' dir='ltr'><strong>est</strong></span> <span class='ocrx_word' id='word_1_340' title='bbox 947 2619 1116 2691; x_wconf 89' lang='lat' dir='ltr'><strong>quod</strong></span> <span class='ocrx_word' id='word_1_341' title='bbox 1144 2634 1268 2674; x_wconf 91' lang='lat' dir='ltr'><strong>non</strong></span> <span class='ocrx_word' id='word_1_342' title='bbox 1297 2623 1424 2676; x_wconf 89' lang='lat' dir='ltr'><strong>erat</strong></span> <span class='ocrx_word' id='word_1_343' title='bbox 1453 2619 1828 2692; x_wconf 86' lang='lat' dir='ltr'><strong>impleturus,</strong></span> 
     </span>
    </p>
   </div>
   <div class='ocr_carea' id='block_1_44' title="bbox 155 2708 1830 2780">
    <p class='ocr_par' dir='ltr' id='par_1_44' title="bbox 155 2708 1830 2780">
     <span class='ocr_line' id='line_1_44' title="bbox 155 2708 1830 2780; baseline 0 -14"><span class='ocrx_word' id='word_1_344' title='bbox 155 2711 313 2766; x_wconf 87' lang='lat' dir='ltr'><strong>dum</strong></span> <span class='ocrx_word' id='word_1_345' title='bbox 334 2725 597 2766; x_wconf 89' lang='lat' dir='ltr'><strong>asserere</strong></span> <span class='ocrx_word' id='word_1_346' title='bbox 614 2726 753 2766; x_wconf 89' lang='lat' dir='ltr'><strong>eum</strong></span> <span class='ocrx_word' id='word_1_347' title='bbox 772 2708 1222 2765; x_wconf 89' lang='lat' dir='ltr'><strong>misericordem</strong></span> <span class='ocrx_word' id='word_1_348' title='bbox 1236 2709 1541 2780; x_wconf 90' lang='lat' dir='ltr'><strong>volumus,</strong></span> <span class='ocrx_word' id='word_1_349' title='bbox 1555 2709 1830 2766; x_wconf 86' lang='lat' dir='ltr'><strong>fallacem</strong></span> 
     </span>
    </p>
   </div>
   <div class='ocr_carea' id='block_1_45' title="bbox 161 2799 1831 2871">
    <p class='ocr_par' dir='ltr' id='par_1_45' title="bbox 161 2799 1831 2871">
     <span class='ocr_line' id='line_1_45' title="bbox 161 2799 1831 2871; baseline 0.001 -18"><span class='ocrx_word' id='word_1_350' title='bbox 161 2799 358 2871; x_wconf 82' lang='lat' dir='ltr'><strong>(quod</strong></span> <span class='ocrx_word' id='word_1_351' title='bbox 388 2799 584 2855; x_wconf 86' lang='lat' dir='ltr'><strong>dicere</strong></span> <span class='ocrx_word' id='word_1_352' title='bbox 609 2800 778 2855; x_wconf 83' lang='lat' dir='ltr'><strong>nefas</strong></span> <span class='ocrx_word' id='word_1_353' title='bbox 806 2799 909 2869; x_wconf 91' lang='lat' dir='ltr'><strong>est)</strong></span> <span class='ocrx_word' id='word_1_354' title='bbox 941 2799 1271 2871; x_wconf 60' lang='lat' dir='ltr'><strong>praedicare</strong></span> <span class='ocrx_word' id='word_1_355' title='bbox 1297 2799 1737 2871; x_wconf 89' lang='lat' dir='ltr'><strong>compellimur.</strong></span> <span class='ocrx_word' id='word_1_356' title='bbox 1761 2830 1831 2840; x_wconf 90' lang='lat'><strong>—-</strong></span> 
     </span>
    </p>
   </div>
   <div class='ocr_carea' id='block_1_46' title="bbox 155 2887 1832 2960">
    <p class='ocr_par' dir='ltr' id='par_1_46' title="bbox 155 2887 1832 2960">
     <span class='ocr_line' id='line_1_46' title="bbox 155 2887 1832 2960; baseline 0.002 -18"><span class='ocrx_word' id='word_1_357' title='bbox 155 2889 385 2943; x_wconf 79' lang='lat' dir='ltr'><strong>PETRUS</strong></span> <span class='ocrx_word' id='word_1_358' title='bbox 412 2905 424 2942; x_wconf 92' lang='lat'>:</span> <span class='ocrx_word' id='word_1_359' title='bbox 455 2888 614 2944; x_wconf 89' lang='lat' dir='ltr'><strong>Scire</strong></span> <span class='ocrx_word' id='word_1_360' title='bbox 637 2887 852 2942; x_wconf 88' lang='lat' dir='ltr'><strong>vellem</strong></span> <span class='ocrx_word' id='word_1_361' title='bbox 880 2887 1193 2959; x_wconf 91' lang='lat' dir='ltr'><strong>quomodo</strong></span> <span class='ocrx_word' id='word_1_362' title='bbox 1215 2887 1446 2958; x_wconf 92' lang='lat' dir='ltr'><strong>justum</strong></span> <span class='ocrx_word' id='word_1_363' title='bbox 1470 2887 1544 2942; x_wconf 89' lang='lat' dir='ltr'><strong>sit</strong></span> <span class='ocrx_word' id='word_1_364' title='bbox 1567 2892 1634 2944; x_wconf 92' lang='lat' dir='ltr'><strong>ut</strong></span> <span class='ocrx_word' id='word_1_365' title='bbox 1651 2887 1832 2960; x_wconf 88' lang='lat' dir='ltr'><strong>culpa</strong></span> 
     </span>
    </p>
   </div>
   <div class='ocr_carea' id='block_1_47' title="bbox 154 2976 1830 3050">
    <p class='ocr_par' dir='ltr' id='par_1_47' title="bbox 154 2976 1830 3050">
     <span class='ocr_line' id='line_1_47' title="bbox 154 2976 1830 3050; baseline 0 -18"><span class='ocrx_word' id='word_1_366' title='bbox 154 2994 300 3050; x_wconf 79' lang='lat' dir='ltr'><strong>quae</strong></span> <span class='ocrx_word' id='word_1_367' title='bbox 331 2993 471 3032; x_wconf 92' lang='lat' dir='ltr'><strong>cum</strong></span> <span class='ocrx_word' id='word_1_368' title='bbox 499 2976 618 3031; x_wconf 88' lang='lat' dir='ltr'><strong>ﬁne</strong></span> <span class='ocrx_word' id='word_1_369' title='bbox 648 2979 992 3046; x_wconf 90' lang='lat' dir='ltr'><strong>perpetrata</strong></span> <span class='ocrx_word' id='word_1_370' title='bbox 1022 2980 1130 3041; x_wconf 89' lang='lat' dir='ltr'><strong>est,</strong></span> <span class='ocrx_word' id='word_1_371' title='bbox 1154 2976 1280 3030; x_wconf 90' lang='lat' dir='ltr'><strong>sine</strong></span> <span class='ocrx_word' id='word_1_372' title='bbox 1301 2976 1420 3032; x_wconf 90' lang='lat' dir='ltr'><strong>ﬁne</strong></span> <span class='ocrx_word' id='word_1_373' title='bbox 1448 2976 1830 3049; x_wconf 87' lang='lat' dir='ltr'><strong>puniatur.—</strong></span> 
     </span>
    </p>
   </div>
   <div class='ocr_carea' id='block_1_48' title="bbox 156 3063 1830 3135">
    <p class='ocr_par' dir='ltr' id='par_1_48' title="bbox 156 3063 1830 3135">
     <span class='ocr_line' id='line_1_48' title="bbox 156 3063 1830 3135; baseline -0.002 -12"><span class='ocrx_word' id='word_1_374' title='bbox 156 3069 487 3123; x_wconf 76' lang='lat' dir='ltr'><strong>Gnsconws</strong></span> <span class='ocrx_word' id='word_1_375' title='bbox 521 3080 534 3118; x_wconf 75' lang='grc' dir='ltr'>ε</span> <span class='ocrx_word' id='word_1_376' title='bbox 572 3067 690 3118; x_wconf 84' lang='lat' dir='ltr'><strong>Hoc</strong></span> <span class='ocrx_word' id='word_1_377' title='bbox 719 3068 877 3118; x_wconf 89' lang='lat' dir='ltr'><strong>recte</strong></span> <span class='ocrx_word' id='word_1_378' title='bbox 900 3064 1198 3119; x_wconf 88' lang='lat' dir='ltr'><strong>diceretur</strong></span> <span class='ocrx_word' id='word_1_379' title='bbox 1223 3063 1272 3118; x_wconf 92' lang='lat' dir='ltr'><strong>si</strong></span> <span class='ocrx_word' id='word_1_380' title='bbox 1317 3064 1618 3120; x_wconf 87' lang='lat' dir='ltr'><strong>districtus</strong></span> <span class='ocrx_word' id='word_1_381' title='bbox 1641 3064 1830 3135; x_wconf 85' lang='lat' dir='ltr'><strong>judex</strong></span> 
     </span>
    </p>
   </div>
   <div class='ocr_carea' id='block_1_49' title="bbox 155 3151 1830 3225">
    <p class='ocr_par' dir='ltr' id='par_1_49' title="bbox 155 3151 1830 3225">
     <span class='ocr_line' id='line_1_49' title="bbox 155 3151 1830 3225; baseline -0.002 -14"><span class='ocrx_word' id='word_1_382' title='bbox 155 3171 288 3211; x_wconf 91' lang='lat' dir='ltr'><strong>non</strong></span> <span class='ocrx_word' id='word_1_383' title='bbox 322 3152 508 3208; x_wconf 87' lang='lat' dir='ltr'><strong>corda</strong></span> <span class='ocrx_word' id='word_1_384' title='bbox 557 3151 900 3219; x_wconf 89' lang='lat' dir='ltr'><strong>hominum,</strong></span> <span class='ocrx_word' id='word_1_385' title='bbox 933 3151 1038 3207; x_wconf 91' lang='lat' dir='ltr'><strong>sed</strong></span> <span class='ocrx_word' id='word_1_386' title='bbox 1086 3151 1247 3207; x_wconf 86' lang='lat' dir='ltr'><strong>facta</strong></span> <span class='ocrx_word' id='word_1_387' title='bbox 1292 3157 1592 3224; x_wconf 90' lang='lat' dir='ltr'><strong>pensaret.</strong></span> <span class='ocrx_word' id='word_1_388' title='bbox 1638 3153 1830 3225; x_wconf 90' lang='lat' dir='ltr'><strong>Iniqui</strong></span> 
     </span>
    </p>
   </div>
   <div class='ocr_carea' id='block_1_50' title="bbox 155 3241 1832 3314">
    <p class='ocr_par' dir='ltr' id='par_1_50' title="bbox 155 3241 1832 3314">
     <span class='ocr_line' id='line_1_50' title="bbox 155 3241 1832 3314; baseline -0.002 -13"><span class='ocrx_word' id='word_1_389' title='bbox 155 3244 327 3302; x_wconf 90' lang='lat' dir='ltr'><strong>enim</strong></span> <span class='ocrx_word' id='word_1_390' title='bbox 368 3243 504 3298; x_wconf 90' lang='lat' dir='ltr'><strong>ideo</strong></span> <span class='ocrx_word' id='word_1_391' title='bbox 550 3258 690 3297; x_wconf 91' lang='lat' dir='ltr'><strong>cum</strong></span> <span class='ocrx_word' id='word_1_392' title='bbox 740 3242 860 3297; x_wconf 77' lang='lat' dir='ltr'><strong>line</strong></span> <span class='ocrx_word' id='word_1_393' title='bbox 909 3241 1310 3314; x_wconf 86' lang='lat' dir='ltr'><strong>deliquerunt,</strong></span> <span class='ocrx_word' id='word_1_394' title='bbox 1342 3241 1488 3314; x_wconf 88' lang='lat' dir='ltr'><strong>quia</strong></span> <span class='ocrx_word' id='word_1_395' title='bbox 1529 3257 1668 3298; x_wconf 91' lang='lat' dir='ltr'><strong>cum</strong></span> <span class='ocrx_word' id='word_1_396' title='bbox 1712 3241 1832 3298; x_wconf 84' lang='lat' dir='ltr'><strong>ﬁne</strong></span> 
     </span>
    </p>
   </div>
   <div class='ocr_carea' id='block_1_51' title="bbox 153 3329 1831 3402">
    <p class='ocr_par' dir='ltr' id='par_1_51' title="bbox 153 3329 1831 3402">
     <span class='ocr_line' id='line_1_51' title="bbox 153 3329 1831 3402; baseline -0.001 -13"><span class='ocrx_word' id='word_1_397' title='bbox 153 3333 441 3389; x_wconf 84' lang='lat' dir='ltr'><strong>vixerunt</strong></span> <span class='ocrx_word' id='word_1_398' title='bbox 464 3350 476 3398; x_wconf 89' lang='lat'>;</span> <span class='ocrx_word' id='word_1_399' title='bbox 503 3347 646 3386; x_wconf 90' lang='lat' dir='ltr'><strong>nam</strong></span> <span class='ocrx_word' id='word_1_400' title='bbox 670 3329 1000 3386; x_wconf 79' lang='lat' dir='ltr'><strong>voluissent</strong></span> <span class='ocrx_word' id='word_1_401' title='bbox 1021 3329 1247 3402; x_wconf 87' lang='lat' dir='ltr'><strong>utique,</strong></span> <span class='ocrx_word' id='word_1_402' title='bbox 1272 3329 1318 3385; x_wconf 94' lang='lat' dir='ltr'><strong>si</strong></span> <span class='ocrx_word' id='word_1_403' title='bbox 1345 3330 1684 3402; x_wconf 89' lang='lat' dir='ltr'><strong>potuissent</strong></span> <span class='ocrx_word' id='word_1_404' title='bbox 1703 3331 1831 3387; x_wconf 91' lang='lat' dir='ltr'><strong>sine</strong></span> 
     </span>
    </p>
   </div>
   <div class='ocr_carea' id='block_1_52' title="bbox 160 3418 1832 3492">
    <p class='ocr_par' dir='ltr' id='par_1_52' title="bbox 160 3418 1832 3492">
     <span class='ocr_line' id='line_1_52' title="bbox 160 3418 1832 3492; baseline -0.001 -14"><span class='ocrx_word' id='word_1_405' title='bbox 160 3423 291 3478; x_wconf 87' lang='lat' dir='ltr'><strong>ﬁne</strong></span> <span class='ocrx_word' id='word_1_406' title='bbox 317 3421 535 3489; x_wconf 85' lang='lat' dir='ltr'><strong>vivere,</strong></span> <span class='ocrx_word' id='word_1_407' title='bbox 561 3423 627 3476; x_wconf 90' lang='lat' dir='ltr'><strong>ut</strong></span> <span class='ocrx_word' id='word_1_408' title='bbox 656 3420 995 3492; x_wconf 87' lang='lat' dir='ltr'><strong>potuissent</strong></span> <span class='ocrx_word' id='word_1_409' title='bbox 1023 3419 1153 3475; x_wconf 91' lang='lat' dir='ltr'><strong>sine</strong></span> <span class='ocrx_word' id='word_1_410' title='bbox 1181 3418 1301 3475; x_wconf 90' lang='lat' dir='ltr'><strong>ﬁne</strong></span> <span class='ocrx_word' id='word_1_411' title='bbox 1330 3435 1598 3492; x_wconf 87' lang='lat' dir='ltr'><strong>peccare.</strong></span> <span class='ocrx_word' id='word_1_412' title='bbox 1630 3422 1832 3477; x_wconf 73' lang='lat' dir='ltr'><strong>Osten-</strong></span> 
     </span>
    </p>
   </div>
   <div class='ocr_carea' id='block_1_53' title="bbox 156 3509 1827 3584">
    <p class='ocr_par' dir='ltr' id='par_1_53' title="bbox 156 3509 1827 3584">
     <span class='ocr_line' id='line_1_53' title="bbox 156 3509 1827 3584; baseline -0.001 -15"><span class='ocrx_word' id='word_1_413' title='bbox 156 3512 319 3569; x_wconf 90' lang='lat' dir='ltr'><strong>dunt</strong></span> <span class='ocrx_word' id='word_1_414' title='bbox 347 3511 506 3567; x_wconf 89' lang='lat' dir='ltr'><strong>enim</strong></span> <span class='ocrx_word' id='word_1_415' title='bbox 539 3509 684 3583; x_wconf 91' lang='lat' dir='ltr'><strong>quia</strong></span> <span class='ocrx_word' id='word_1_416' title='bbox 705 3509 766 3565; x_wconf 91' lang='lat' dir='ltr'><strong>in</strong></span> <span class='ocrx_word' id='word_1_417' title='bbox 789 3515 1040 3582; x_wconf 91' lang='lat' dir='ltr'><strong>peccato</strong></span> <span class='ocrx_word' id='word_1_418' title='bbox 1061 3525 1301 3582; x_wconf 89' lang='lat' dir='ltr'><strong>semper</strong></span> <span class='ocrx_word' id='word_1_419' title='bbox 1325 3511 1528 3567; x_wconf 90' lang='lat' dir='ltr'><strong>vivere</strong></span> <span class='ocrx_word' id='word_1_420' title='bbox 1558 3510 1827 3584; x_wconf 88' lang='lat' dir='ltr'><strong>cupiunt,</strong></span> 
     </span>
    </p>
   </div>
   <div class='ocr_carea' id='block_1_54' title="bbox 156 3598 1831 3674">
    <p class='ocr_par' dir='ltr' id='par_1_54' title="bbox 156 3598 1831 3674">
     <span class='ocr_line' id='line_1_54' title="bbox 156 3598 1831 3674; baseline -0.001 -18"><span class='ocrx_word' id='word_1_421' title='bbox 156 3601 273 3674; x_wconf 87' lang='lat' dir='ltr'><strong>qui</strong></span> <span class='ocrx_word' id='word_1_422' title='bbox 322 3616 643 3672; x_wconf 87' lang='lat' dir='ltr'><strong>nunquam</strong></span> <span class='ocrx_word' id='word_1_423' title='bbox 689 3599 973 3656; x_wconf 90' lang='lat' dir='ltr'><strong>desinunt</strong></span> <span class='ocrx_word' id='word_1_424' title='bbox 1017 3615 1268 3671; x_wconf 89' lang='lat' dir='ltr'><strong>peccare</strong></span> <span class='ocrx_word' id='word_1_425' title='bbox 1298 3598 1447 3655; x_wconf 91' lang='lat' dir='ltr'><strong>dum</strong></span> <span class='ocrx_word' id='word_1_426' title='bbox 1484 3599 1707 3656; x_wconf 87' lang='lat' dir='ltr'><strong>vivunt.</strong></span> <span class='ocrx_word' id='word_1_427' title='bbox 1741 3599 1831 3655; x_wconf 83' lang='lat' dir='ltr'><strong>Ad</strong></span> 
     </span>
    </p>
   </div>
   <div class='ocr_carea' id='block_1_55' title="bbox 159 3687 1834 3761">
    <p class='ocr_par' dir='ltr' id='par_1_55' title="bbox 159 3687 1834 3761">
     <span class='ocr_line' id='line_1_55' title="bbox 159 3687 1834 3761; baseline -0.002 -14"><span class='ocrx_word' id='word_1_428' title='bbox 159 3705 458 3759; x_wconf 85' lang='lat' dir='ltr'><strong>magnam</strong></span> <span class='ocrx_word' id='word_1_429' title='bbox 488 3704 632 3760; x_wconf 86' lang='lat' dir='ltr'><strong>ergo</strong></span> <span class='ocrx_word' id='word_1_430' title='bbox 654 3687 952 3758; x_wconf 88' lang='lat' dir='ltr'><strong>justitiam</strong></span> <span class='ocrx_word' id='word_1_431' title='bbox 973 3687 1303 3759; x_wconf 87' lang='lat' dir='ltr'><strong>judicantis</strong></span> <span class='ocrx_word' id='word_1_432' title='bbox 1322 3688 1576 3761; x_wconf 87' lang='lat' dir='ltr'><strong>pertinet</strong></span> <span class='ocrx_word' id='word_1_433' title='bbox 1598 3694 1662 3744; x_wconf 91' lang='lat' dir='ltr'><strong>ut</strong></span> <span class='ocrx_word' id='word_1_434' title='bbox 1682 3705 1834 3744; x_wconf 91' lang='lat' dir='ltr'><strong>nun-</strong></span> 
     </span>
    </p>
   </div>
   <div class='ocr_carea' id='block_1_56' title="bbox 157 3776 1832 3854">
    <p class='ocr_par' dir='ltr' id='par_1_56' title="bbox 157 3776 1832 3854">
     <span class='ocr_line' id='line_1_56' title="bbox 157 3776 1832 3854; baseline -0.001 -19"><span class='ocrx_word' id='word_1_435' title='bbox 157 3795 358 3854; x_wconf 82' lang='lat' dir='ltr'><strong>quam</strong></span> <span class='ocrx_word' id='word_1_436' title='bbox 389 3781 636 3835; x_wconf 86' lang='lat' dir='ltr'><strong>careant</strong></span> <span class='ocrx_word' id='word_1_437' title='bbox 669 3776 983 3849; x_wconf 88' lang='lat' dir='ltr'><strong>supplicio,</strong></span> <span class='ocrx_word' id='word_1_438' title='bbox 1004 3777 1110 3849; x_wconf 87' lang='lat' dir='ltr'><strong>qui</strong></span> <span class='ocrx_word' id='word_1_439' title='bbox 1138 3776 1200 3833; x_wconf 92' lang='lat' dir='ltr'><strong>in</strong></span> <span class='ocrx_word' id='word_1_440' title='bbox 1227 3777 1342 3833; x_wconf 91' lang='lat' dir='ltr'><strong>hac</strong></span> <span class='ocrx_word' id='word_1_441' title='bbox 1360 3777 1484 3834; x_wconf 91' lang='lat' dir='ltr'><strong>vita</strong></span> <span class='ocrx_word' id='word_1_442' title='bbox 1511 3794 1832 3851; x_wconf 88' lang='lat' dir='ltr'><strong>nunquam</strong></span> 
     </span>
    </p>
   </div>
   <div class='ocr_carea' id='block_1_57' title="bbox 159 3867 1834 3939">
    <p class='ocr_par' dir='ltr' id='par_1_57' title="bbox 159 3867 1834 3939">
     <span class='ocr_line' id='line_1_57' title="bbox 159 3867 1834 3939; baseline -0.001 -13"><span class='ocrx_word' id='word_1_443' title='bbox 159 3869 489 3926; x_wconf 89' lang='lat' dir='ltr'><strong>voluerunt</strong></span> <span class='ocrx_word' id='word_1_444' title='bbox 519 3883 722 3925; x_wconf 88' lang='lat' dir='ltr'><strong>carere</strong></span> <span class='ocrx_word' id='word_1_445' title='bbox 769 3871 1037 3939; x_wconf 89' lang='lat' dir='ltr'><strong>peccato.</strong></span> <span class='ocrx_word' id='word_1_446' title='bbox 1072 3899 1141 3906; x_wconf 99' lang='lat'><em>—</em></span> <span class='ocrx_word' id='word_1_447' title='bbox 1169 3869 1428 3924; x_wconf 69' lang='lat' dir='ltr'><strong>Pramus:</strong></span> <span class='ocrx_word' id='word_1_448' title='bbox 1465 3867 1582 3924; x_wconf 92' lang='lat' dir='ltr'><strong>Sed</strong></span> <span class='ocrx_word' id='word_1_449' title='bbox 1629 3868 1834 3924; x_wconf 86' lang='lat' dir='ltr'><strong>nullus</strong></span> 
     </span>
    </p>
   </div>
   <div class='ocr_carea' id='block_1_58' title="bbox 155 3955 1836 4031">
    <p class='ocr_par' dir='ltr' id='par_1_58' title="bbox 155 3955 1836 4031">
     <span class='ocr_line' id='line_1_58' title="bbox 155 3955 1836 4031; baseline -0.001 -17"><span class='ocrx_word' id='word_1_450' title='bbox 155 3959 365 4031; x_wconf 91' lang='lat' dir='ltr'><strong>justus</strong></span> <span class='ocrx_word' id='word_1_451' title='bbox 397 3955 746 4012; x_wconf 86' lang='lat' dir='ltr'><strong>crudelitate</strong></span> <span class='ocrx_word' id='word_1_452' title='bbox 775 3955 1067 4028; x_wconf 89' lang='lat' dir='ltr'><strong>pascitur,</strong></span> <span class='ocrx_word' id='word_1_453' title='bbox 1097 3959 1154 4012; x_wconf 92' lang='lat' dir='ltr'><strong>et</strong></span> <span class='ocrx_word' id='word_1_454' title='bbox 1182 3955 1542 4028; x_wconf 89' lang='lat' dir='ltr'><strong>delinquens</strong></span> <span class='ocrx_word' id='word_1_455' title='bbox 1573 3973 1778 4013; x_wconf 90' lang='lat' dir='ltr'><strong>servus</strong></span> <span class='ocrx_word' id='word_1_456' title='bbox 1796 3972 1836 4013; x_wconf 91' lang='lat' dir='ltr'><strong>a</strong></span> 
     </span>
    </p>
   </div>
   <div class='ocr_carea' id='block_1_59' title="bbox 164 4044 1836 4118">
    <p class='ocr_par' dir='ltr' id='par_1_59' title="bbox 164 4044 1836 4118">
     <span class='ocr_line' id='line_1_59' title="bbox 164 4044 1836 4118; baseline -0.001 -13"><span class='ocrx_word' id='word_1_457' title='bbox 164 4064 280 4106; x_wconf 89' lang='lat' dir='ltr'><strong>suo</strong></span> <span class='ocrx_word' id='word_1_458' title='bbox 307 4047 440 4118; x_wconf 89' lang='lat' dir='ltr'><strong>[al.,</strong></span> <span class='ocrx_word' id='word_1_459' title='bbox 466 4047 657 4118; x_wconf 90' lang='lat' dir='ltr'><strong>justo]</strong></span> <span class='ocrx_word' id='word_1_460' title='bbox 691 4045 945 4102; x_wconf 81' lang='lat' dir='ltr'><strong>Domino</strong></span> <span class='ocrx_word' id='word_1_461' title='bbox 965 4044 1188 4102; x_wconf 92' lang='lat' dir='ltr'><strong>ideirco</strong></span> <span class='ocrx_word' id='word_1_462' title='bbox 1214 4045 1363 4100; x_wconf 78' lang='lat' dir='ltr'><strong>caedi</strong></span> <span class='ocrx_word' id='word_1_463' title='bbox 1386 4045 1748 4118; x_wconf 81' lang='lat' dir='ltr'><strong>praecipitur,</strong></span> <span class='ocrx_word' id='word_1_464' title='bbox 1768 4049 1836 4104; x_wconf 89' lang='lat' dir='ltr'><strong>ut</strong></span> 
     </span>
    </p>
   </div>
   <div class='ocr_carea' id='block_1_60' title="bbox 165 4133 1836 4209">
    <p class='ocr_par' dir='ltr' id='par_1_60' title="bbox 165 4133 1836 4209">
     <span class='ocr_line' id='line_1_60' title="bbox 165 4133 1836 4209; baseline -0.004 -13"><span class='ocrx_word' id='word_1_465' title='bbox 165 4155 204 4196; x_wconf 90' lang='lat' dir='ltr'><strong>a</strong></span> <span class='ocrx_word' id='word_1_466' title='bbox 218 4135 490 4209; x_wconf 88' lang='lat' dir='ltr'><strong>nequitia</strong></span> <span class='ocrx_word' id='word_1_467' title='bbox 504 4135 856 4205; x_wconf 81' lang='lat' dir='ltr'><strong>corrigatur.</strong></span> <span class='ocrx_word' id='word_1_468' title='bbox 872 4133 963 4190; x_wconf 79' lang='lat' dir='ltr'><strong>Ad</strong></span> <span class='ocrx_word' id='word_1_469' title='bbox 974 4134 1088 4190; x_wconf 91' lang='lat' dir='ltr'><strong>hoc</strong></span> <span class='ocrx_word' id='word_1_470' title='bbox 1106 4149 1249 4204; x_wconf 88' lang='lat' dir='ltr'><strong>ergo</strong></span> <span class='ocrx_word' id='word_1_471' title='bbox 1264 4134 1534 4206; x_wconf 88' lang='lat' dir='ltr'><strong>vapulat,</strong></span> <span class='ocrx_word' id='word_1_472' title='bbox 1547 4140 1613 4192; x_wconf 92' lang='lat' dir='ltr'><strong>ut</strong></span> <span class='ocrx_word' id='word_1_473' title='bbox 1629 4150 1836 4192; x_wconf 91' lang='lat' dir='ltr'><strong>emen-</strong></span> 
     </span>
    </p>
   </div>
   <div class='ocr_carea' id='block_1_61' title="bbox 163 4224 1837 4298">
    <p class='ocr_par' dir='ltr' id='par_1_61' title="bbox 163 4224 1837 4298">
     <span class='ocr_line' id='line_1_61' title="bbox 163 4224 1837 4298; baseline -0.001 -16"><span class='ocrx_word' id='word_1_474' title='bbox 163 4225 305 4283; x_wconf 89' lang='lat' dir='ltr'><strong>dari</strong></span> <span class='ocrx_word' id='word_1_475' title='bbox 333 4225 589 4294; x_wconf 88' lang='lat' dir='ltr'><strong>debeat;</strong></span> <span class='ocrx_word' id='word_1_476' title='bbox 621 4225 812 4298; x_wconf 89' lang='lat' dir='ltr'><strong>iniqui</strong></span> <span class='ocrx_word' id='word_1_477' title='bbox 842 4227 1048 4281; x_wconf 90' lang='lat' dir='ltr'><strong>autem</strong></span> <span class='ocrx_word' id='word_1_478' title='bbox 1102 4224 1394 4293; x_wconf 76' lang='lat' dir='ltr'><strong>gehennae</strong></span> <span class='ocrx_word' id='word_1_479' title='bbox 1441 4224 1684 4295; x_wconf 81' lang='lat' dir='ltr'><strong>ignibus</strong></span> <span class='ocrx_word' id='word_1_480' title='bbox 1715 4228 1837 4282; x_wconf 85' lang='lat' dir='ltr'><strong>tra-</strong></span> 
     </span>
    </p>
   </div>
   <div class='ocr_carea' id='block_1_62' title="bbox 165 4313 1838 4386">
    <p class='ocr_par' dir='ltr' id='par_1_62' title="bbox 165 4313 1838 4386">
     <span class='ocr_line' id='line_1_62' title="bbox 165 4313 1838 4386; baseline -0.002 -13"><span class='ocrx_word' id='word_1_481' title='bbox 165 4315 278 4373; x_wconf 88' lang='lat' dir='ltr'><strong>diti</strong></span> <span class='ocrx_word' id='word_1_482' title='bbox 304 4314 355 4371; x_wconf 92' lang='lat' dir='ltr'><strong>si</strong></span> <span class='ocrx_word' id='word_1_483' title='bbox 384 4315 464 4372; x_wconf 94' lang='lat' dir='ltr'><strong>ad</strong></span> <span class='ocrx_word' id='word_1_484' title='bbox 493 4314 924 4371; x_wconf 89' lang='lat' dir='ltr'><strong>correctionem</strong></span> <span class='ocrx_word' id='word_1_485' title='bbox 961 4329 1088 4370; x_wconf 88' lang='lat' dir='ltr'><strong>non</strong></span> <span class='ocrx_word' id='word_1_486' title='bbox 1132 4313 1512 4386; x_wconf 88' lang='lat' dir='ltr'><strong>perveniunt,</strong></span> <span class='ocrx_word' id='word_1_487' title='bbox 1543 4329 1669 4386; x_wconf 89' lang='lat' dir='ltr'><strong>quo</strong></span> <span class='ocrx_word' id='word_1_488' title='bbox 1717 4314 1838 4370; x_wconf 85' lang='lat' dir='ltr'><strong>ﬁne</strong></span> 
     </span>
    </p>
   </div>
   <div class='ocr_carea' id='block_1_63' title="bbox 165 4403 1834 4478">
    <p class='ocr_par' dir='ltr' id='par_1_63' title="bbox 165 4403 1834 4478">
     <span class='ocr_line' id='line_1_63' title="bbox 165 4403 1834 4478; baseline -0.002 -15"><span class='ocrx_word' id='word_1_489' title='bbox 165 4419 411 4478; x_wconf 83' lang='lat' dir='ltr'><strong>semper</strong></span> <span class='ocrx_word' id='word_1_490' title='bbox 431 4404 765 4461; x_wconf 84' lang='lat' dir='ltr'><strong>ardebunt?</strong></span> <span class='ocrx_word' id='word_1_491' title='bbox 785 4435 854 4444; x_wconf 87' lang='lat'><strong>-—</strong></span> <span class='ocrx_word' id='word_1_492' title='bbox 875 4405 1216 4460; x_wconf 77' lang='lat' dir='ltr'><strong>Gascomus.</strong></span> <span class='ocrx_word' id='word_1_493' title='bbox 1237 4403 1631 4476; x_wconf 89' lang='lat' dir='ltr'><strong>Omnipotens</strong></span> <span class='ocrx_word' id='word_1_494' title='bbox 1656 4405 1834 4473; x_wconf 87' lang='lat' dir='ltr'><strong>Deus,</strong></span> 
     </span>
    </p>
   </div>
   <div class='ocr_carea' id='block_1_64' title="bbox 165 4493 1835 4570">
    <p class='ocr_par' dir='ltr' id='par_1_64' title="bbox 165 4493 1835 4570">
     <span class='ocr_line' id='line_1_64' title="bbox 165 4493 1835 4570; baseline -0.001 -18"><span class='ocrx_word' id='word_1_495' title='bbox 165 4495 317 4570; x_wconf 89' lang='lat' dir='ltr'><strong>quia</strong></span> <span class='ocrx_word' id='word_1_496' title='bbox 363 4494 500 4568; x_wconf 91' lang='lat' dir='ltr'><strong>pius</strong></span> <span class='ocrx_word' id='word_1_497' title='bbox 532 4499 641 4563; x_wconf 87' lang='lat' dir='ltr'><strong>est,</strong></span> <span class='ocrx_word' id='word_1_498' title='bbox 671 4493 1034 4551; x_wconf 90' lang='lat' dir='ltr'><strong>miserorum</strong></span> <span class='ocrx_word' id='word_1_499' title='bbox 1063 4493 1334 4550; x_wconf 87' lang='lat' dir='ltr'><strong>cruciatu</strong></span> <span class='ocrx_word' id='word_1_500' title='bbox 1358 4508 1484 4550; x_wconf 90' lang='lat' dir='ltr'><strong>non</strong></span> <span class='ocrx_word' id='word_1_501' title='bbox 1531 4494 1835 4567; x_wconf 90' lang='lat' dir='ltr'><strong>pascitur;</strong></span> 
     </span>
    </p>
   </div>
   <div class='ocr_carea' id='block_1_65' title="bbox 165 4583 1840 4660">
    <p class='ocr_par' dir='ltr' id='par_1_65' title="bbox 165 4583 1840 4660">
     <span class='ocr_line' id='line_1_65' title="bbox 165 4583 1840 4660; baseline 0.001 -19"><span class='ocrx_word' id='word_1_502' title='bbox 165 4585 318 4660; x_wconf 85' lang='lat' dir='ltr'><strong>quia</strong></span> <span class='ocrx_word' id='word_1_503' title='bbox 363 4589 568 4642; x_wconf 90' lang='lat' dir='ltr'><strong>autem</strong></span> <span class='ocrx_word' id='word_1_504' title='bbox 610 4584 810 4657; x_wconf 92' lang='lat' dir='ltr'><strong>justus</strong></span> <span class='ocrx_word' id='word_1_505' title='bbox 859 4589 967 4653; x_wconf 91' lang='lat' dir='ltr'><strong>est,</strong></span> <span class='ocrx_word' id='word_1_506' title='bbox 1001 4583 1080 4640; x_wconf 93' lang='lat' dir='ltr'><strong>ab</strong></span> <span class='ocrx_word' id='word_1_507' title='bbox 1123 4583 1474 4656; x_wconf 90' lang='lat' dir='ltr'><strong>iniquorum</strong></span> <span class='ocrx_word' id='word_1_508' title='bbox 1505 4583 1730 4642; x_wconf 89' lang='lat' dir='ltr'><strong>ultione</strong></span> <span class='ocrx_word' id='word_1_509' title='bbox 1777 4584 1840 4642; x_wconf 89' lang='lat' dir='ltr'><strong>in</strong></span> 
     </span>
    </p>
   </div>
   <div class='ocr_carea' id='block_1_66' title="bbox 165 4671 1840 4750">
    <p class='ocr_par' dir='ltr' id='par_1_66' title="bbox 165 4671 1840 4750">
     <span class='ocr_line' id='line_1_66' title="bbox 165 4671 1840 4750; baseline -0.001 -18"><span class='ocrx_word' id='word_1_510' title='bbox 165 4677 534 4750; x_wconf 88' lang='lat' dir='ltr'><strong>perpetuum</strong></span> <span class='ocrx_word' id='word_1_511' title='bbox 561 4689 686 4731; x_wconf 90' lang='lat' dir='ltr'><strong>non</strong></span> <span class='ocrx_word' id='word_1_512' title='bbox 711 4673 976 4731; x_wconf 87' lang='lat' dir='ltr'><strong>sedatur.</strong></span> <span class='ocrx_word' id='word_1_513' title='bbox 1005 4673 1119 4729; x_wconf 91' lang='lat' dir='ltr'><strong>Sed</strong></span> <span class='ocrx_word' id='word_1_514' title='bbox 1139 4671 1331 4746; x_wconf 91' lang='lat' dir='ltr'><strong>iniqui</strong></span> <span class='ocrx_word' id='word_1_515' title='bbox 1359 4687 1594 4746; x_wconf 92' lang='lat' dir='ltr'><strong>omnes,</strong></span> <span class='ocrx_word' id='word_1_516' title='bbox 1618 4678 1840 4732; x_wconf 63' lang='lat' dir='ltr'><strong>interno</strong></span> 
     </span>
    </p>
   </div>
   <div class='ocr_carea' id='block_1_67' title="bbox 168 4761 1841 4838">
    <p class='ocr_par' dir='ltr' id='par_1_67' title="bbox 168 4761 1841 4838">
     <span class='ocr_line' id='line_1_67' title="bbox 168 4761 1841 4838; baseline 0 -17"><span class='ocrx_word' id='word_1_517' title='bbox 168 4764 469 4838; x_wconf 89' lang='lat' dir='ltr'><strong>supplicio</strong></span> <span class='ocrx_word' id='word_1_518' title='bbox 502 4763 790 4836; x_wconf 86' lang='lat' dir='ltr'><strong>deputati,</strong></span> <span class='ocrx_word' id='word_1_519' title='bbox 824 4778 937 4819; x_wconf 90' lang='lat' dir='ltr'><strong>sua</strong></span> <span class='ocrx_word' id='word_1_520' title='bbox 957 4762 1208 4836; x_wconf 89' lang='lat' dir='ltr'><strong>quidem</strong></span> <span class='ocrx_word' id='word_1_521' title='bbox 1237 4761 1547 4836; x_wconf 89' lang='lat' dir='ltr'><strong>iniquitate</strong></span> <span class='ocrx_word' id='word_1_522' title='bbox 1575 4764 1841 4837; x_wconf 88' lang='lat' dir='ltr'><strong>puniun-</strong></span> 
     </span>
    </p>
   </div>
   <div class='ocr_carea' id='block_1_68' title="bbox 168 4851 1843 4925">
    <p class='ocr_par' dir='ltr' id='par_1_68' title="bbox 168 4851 1843 4925">
     <span class='ocr_line' id='line_1_68' title="bbox 168 4851 1843 4925; baseline -0.002 -13"><span class='ocrx_word' id='word_1_523' title='bbox 168 4859 292 4925; x_wconf 88' lang='lat' dir='ltr'><strong>tur,</strong></span> <span class='ocrx_word' id='word_1_524' title='bbox 321 4858 379 4911; x_wconf 91' lang='lat' dir='ltr'><strong>et</strong></span> <span class='ocrx_word' id='word_1_525' title='bbox 399 4857 603 4911; x_wconf 90' lang='lat' dir='ltr'><strong>tamen</strong></span> <span class='ocrx_word' id='word_1_526' title='bbox 632 4852 712 4909; x_wconf 90' lang='lat' dir='ltr'><strong>ad</strong></span> <span class='ocrx_word' id='word_1_527' title='bbox 742 4851 974 4925; x_wconf 89' lang='lat' dir='ltr'><strong>aliquid</strong></span> <span class='ocrx_word' id='word_1_528' title='bbox 1003 4851 1325 4922; x_wconf 79' lang='lat' dir='ltr'><strong>ardebant,</strong></span> <span class='ocrx_word' id='word_1_529' title='bbox 1359 4851 1582 4909; x_wconf 90' lang='lat' dir='ltr'><strong>scilicet</strong></span> <span class='ocrx_word' id='word_1_530' title='bbox 1609 4863 1674 4910; x_wconf 86' lang='lat' dir='ltr'><strong>ut</strong></span> <span class='ocrx_word' id='word_1_531' title='bbox 1695 4853 1843 4924; x_wconf 88' lang='lat' dir='ltr'><strong>justi</strong></span> 
     </span>
    </p>
   </div>
   <div class='ocr_carea' id='block_1_69' title="bbox 168 4941 1842 5016">
    <p class='ocr_par' dir='ltr' id='par_1_69' title="bbox 168 4941 1842 5016">
     <span class='ocr_line' id='line_1_69' title="bbox 168 4941 1842 5016; baseline -0.001 -14"><span class='ocrx_word' id='word_1_532' title='bbox 168 4959 388 5003; x_wconf 91' lang='lat' dir='ltr'><strong>omnes</strong></span> <span class='ocrx_word' id='word_1_533' title='bbox 420 4943 566 5001; x_wconf 88' lang='lat' dir='ltr'><strong>etin</strong></span> <span class='ocrx_word' id='word_1_534' title='bbox 595 4943 716 4999; x_wconf 94' lang='lat' dir='ltr'><strong>Deo</strong></span> <span class='ocrx_word' id='word_1_535' title='bbox 769 4941 1019 4998; x_wconf 90' lang='lat' dir='ltr'><strong>videant</strong></span> <span class='ocrx_word' id='word_1_536' title='bbox 1048 4941 1273 5013; x_wconf 89' lang='lat' dir='ltr'><strong>gaudia</strong></span> <span class='ocrx_word' id='word_1_537' title='bbox 1315 4957 1452 5014; x_wconf 69' lang='lat' dir='ltr'><strong>quae</strong></span> <span class='ocrx_word' id='word_1_538' title='bbox 1480 4943 1842 5016; x_wconf 89' lang='lat' dir='ltr'><strong>percipiunt,</strong></span> 
     </span>
    </p>
   </div>
   <div class='ocr_carea' id='block_1_70' title="bbox 169 5031 1845 5107">
    <p class='ocr_par' dir='ltr' id='par_1_70' title="bbox 169 5031 1845 5107">
     <span class='ocr_line' id='line_1_70' title="bbox 169 5031 1845 5107; baseline -0.002 -15"><span class='ocrx_word' id='word_1_539' title='bbox 169 5038 233 5094; x_wconf 90' lang='lat' dir='ltr'><strong>et</strong></span> <span class='ocrx_word' id='word_1_540' title='bbox 246 5034 310 5090; x_wconf 91' lang='lat' dir='ltr'><strong>in</strong></span> <span class='ocrx_word' id='word_1_541' title='bbox 329 5034 444 5091; x_wconf 85' lang='lat' dir='ltr'><strong>illis</strong></span> <span class='ocrx_word' id='word_1_542' title='bbox 459 5031 833 5107; x_wconf 89' lang='lat' dir='ltr'><strong>perspiciant</strong></span> <span class='ocrx_word' id='word_1_543' title='bbox 853 5031 1152 5105; x_wconf 89' lang='lat' dir='ltr'><strong>supplicia</strong></span> <span class='ocrx_word' id='word_1_544' title='bbox 1167 5047 1300 5104; x_wconf 80' lang='lat' dir='ltr'><strong>quae</strong></span> <span class='ocrx_word' id='word_1_545' title='bbox 1327 5037 1676 5089; x_wconf 89' lang='lat' dir='ltr'><strong>evaserunt:</strong></span> <span class='ocrx_word' id='word_1_546' title='bbox 1697 5048 1845 5105; x_wconf 90' lang='lat' dir='ltr'><strong>qua-</strong></span> 
     </span>
    </p>
   </div>
   <div class='ocr_carea' id='block_1_71' title="bbox 166 5120 1847 5195">
    <p class='ocr_par' dir='ltr' id='par_1_71' title="bbox 166 5120 1847 5195">
     <span class='ocr_line' id='line_1_71' title="bbox 166 5120 1847 5195; baseline -0.002 -13"><span class='ocrx_word' id='word_1_547' title='bbox 166 5127 350 5183; x_wconf 89' lang='lat' dir='ltr'><strong>tenus</strong></span> <span class='ocrx_word' id='word_1_548' title='bbox 376 5127 546 5182; x_wconf 90' lang='lat' dir='ltr'><strong>tanto</strong></span> <span class='ocrx_word' id='word_1_549' title='bbox 575 5122 771 5195; x_wconf 88' lang='lat' dir='ltr'><strong>magis</strong></span> <span class='ocrx_word' id='word_1_550' title='bbox 797 5122 862 5178; x_wconf 90' lang='lat' dir='ltr'><strong>in</strong></span> <span class='ocrx_word' id='word_1_551' title='bbox 887 5126 1181 5179; x_wconf 80' lang='lat' dir='ltr'><strong>aeternum</strong></span> <span class='ocrx_word' id='word_1_552' title='bbox 1202 5120 1424 5178; x_wconf 69' lang='lat' dir='ltr'><strong>divinae</strong></span> <span class='ocrx_word' id='word_1_553' title='bbox 1447 5121 1654 5192; x_wconf 77' lang='lat' dir='ltr'><strong>gratiae</strong></span> <span class='ocrx_word' id='word_1_554' title='bbox 1679 5121 1847 5179; x_wconf 90' lang='lat' dir='ltr'><strong>debi-</strong></span> 
     </span>
    </p>
   </div>
   <div class='ocr_carea' id='block_1_72' title="bbox 169 5211 1848 5286">
    <p class='ocr_par' dir='ltr' id='par_1_72' title="bbox 169 5211 1848 5286">
     <span class='ocr_line' id='line_1_72' title="bbox 169 5211 1848 5286; baseline -0.002 -13"><span class='ocrx_word' id='word_1_555' title='bbox 169 5219 334 5274; x_wconf 88' lang='lat' dir='ltr'><strong>tores</strong></span> <span class='ocrx_word' id='word_1_556' title='bbox 363 5231 427 5271; x_wconf 89' lang='lat' dir='ltr'><strong>se</strong></span> <span class='ocrx_word' id='word_1_557' title='bbox 452 5229 585 5271; x_wconf 89' lang='lat' dir='ltr'><strong>esse</strong></span> <span class='ocrx_word' id='word_1_558' title='bbox 609 5215 1002 5286; x_wconf 83' lang='lat' dir='ltr'><strong>cognoscant,</strong></span> <span class='ocrx_word' id='word_1_559' title='bbox 1020 5215 1252 5285; x_wconf 90' lang='lat' dir='ltr'><strong>quanto</strong></span> <span class='ocrx_word' id='word_1_560' title='bbox 1281 5211 1344 5267; x_wconf 92' lang='lat' dir='ltr'><strong>in</strong></span> <span class='ocrx_word' id='word_1_561' title='bbox 1364 5214 1658 5268; x_wconf 78' lang='lat' dir='ltr'><strong>aeternum</strong></span> <span class='ocrx_word' id='word_1_562' title='bbox 1681 5211 1848 5270; x_wconf 88' lang='lat' dir='ltr'><strong>mala</strong></span> 
     </span>
    </p>
   </div>
   <div class='ocr_carea' id='block_1_73' title="bbox 165 5300 1847 5380">
    <p class='ocr_par' dir='ltr' id='par_1_73' title="bbox 165 5300 1847 5380">
     <span class='ocr_line' id='line_1_73' title="bbox 165 5300 1847 5380; baseline -0.002 -19"><span class='ocrx_word' id='word_1_563' title='bbox 165 5305 375 5380; x_wconf 86' lang='lat' dir='ltr'><strong>puniri</strong></span> <span class='ocrx_word' id='word_1_564' title='bbox 405 5303 810 5377; x_wconf 90' lang='lat' dir='ltr'><strong>conspiciunt,</strong></span> <span class='ocrx_word' id='word_1_565' title='bbox 829 5318 964 5376; x_wconf 78' lang='lat' dir='ltr'><strong>quae</strong></span> <span class='ocrx_word' id='word_1_566' title='bbox 995 5302 1126 5375; x_wconf 91' lang='lat' dir='ltr'><strong>ejus</strong></span> <span class='ocrx_word' id='word_1_567' title='bbox 1147 5301 1452 5374; x_wconf 87' lang='lat' dir='ltr'><strong>adjutorio</strong></span> <span class='ocrx_word' id='word_1_568' title='bbox 1476 5300 1847 5359; x_wconf 90' lang='lat' dir='ltr'><strong>vicerunt.—</strong></span> 
     </span>
    </p>
   </div>
   <div class='ocr_carea' id='block_1_74' title="bbox 168 5389 1850 5465">
    <p class='ocr_par' dir='ltr' id='par_1_74' title="bbox 168 5389 1850 5465">
     <span class='ocr_line' id='line_1_74' title="bbox 168 5389 1850 5465; baseline -0.004 -11"><span class='ocrx_word' id='word_1_569' title='bbox 168 5397 428 5454; x_wconf 75' lang='lat' dir='ltr'><strong>Pm&#39;aus:</strong></span> <span class='ocrx_word' id='word_1_570' title='bbox 461 5395 528 5450; x_wconf 89' lang='lat' dir='ltr'><strong>Et</strong></span> <span class='ocrx_word' id='word_1_571' title='bbox 551 5391 658 5450; x_wconf 89' lang='lat' dir='ltr'><strong>ubi</strong></span> <span class='ocrx_word' id='word_1_572' title='bbox 687 5395 797 5463; x_wconf 91' lang='lat' dir='ltr'><strong>est,</strong></span> <span class='ocrx_word' id='word_1_573' title='bbox 819 5391 990 5465; x_wconf 91' lang='lat' dir='ltr'><strong>quod</strong></span> <span class='ocrx_word' id='word_1_574' title='bbox 1019 5391 1210 5448; x_wconf 88' lang='lat' dir='ltr'><strong>sancti</strong></span> <span class='ocrx_word' id='word_1_575' title='bbox 1243 5395 1406 5464; x_wconf 89' lang='lat' dir='ltr'><strong>sunt,</strong></span> <span class='ocrx_word' id='word_1_576' title='bbox 1439 5390 1489 5447; x_wconf 90' lang='lat' dir='ltr'><strong>si</strong></span> <span class='ocrx_word' id='word_1_577' title='bbox 1513 5406 1625 5465; x_wconf 89' lang='lat' dir='ltr'><strong>pro</strong></span> <span class='ocrx_word' id='word_1_578' title='bbox 1655 5389 1850 5448; x_wconf 77' lang='lat' dir='ltr'><strong>inimi-</strong></span> 
     </span>
    </p>
   </div>
   <div class='ocr_carea' id='block_1_75' title="bbox 170 5479 1844 5556">
    <p class='ocr_par' dir='ltr' id='par_1_75' title="bbox 170 5479 1844 5556">
     <span class='ocr_line' id='line_1_75' title="bbox 170 5479 1844 5556; baseline -0.002 -14"><span class='ocrx_word' id='word_1_579' title='bbox 170 5484 260 5542; x_wconf 89' lang='lat' dir='ltr'><strong>cis</strong></span> <span class='ocrx_word' id='word_1_580' title='bbox 286 5483 436 5556; x_wconf 84' lang='lat' dir='ltr'><strong>suis,</strong></span> <span class='ocrx_word' id='word_1_581' title='bbox 470 5498 629 5556; x_wconf 83' lang='lat' dir='ltr'><strong>quos</strong></span> <span class='ocrx_word' id='word_1_582' title='bbox 677 5485 821 5539; x_wconf 89' lang='lat' dir='ltr'><strong>tunc</strong></span> <span class='ocrx_word' id='word_1_583' title='bbox 864 5481 1076 5539; x_wconf 89' lang='lat' dir='ltr'><strong>ardere</strong></span> <span class='ocrx_word' id='word_1_584' title='bbox 1122 5480 1380 5538; x_wconf 88' lang='lat' dir='ltr'><strong>viderint</strong></span> <span class='ocrx_word' id='word_1_585' title='bbox 1407 5496 1533 5538; x_wconf 91' lang='lat' dir='ltr'><strong>non</strong></span> <span class='ocrx_word' id='word_1_586' title='bbox 1563 5479 1844 5552; x_wconf 89' lang='lat' dir='ltr'><strong>orabunt,</strong></span> 
     </span>
    </p>
   </div>
   <div class='ocr_carea' id='block_1_76' title="bbox 169 5570 1848 5649">
    <p class='ocr_par' dir='ltr' id='par_1_76' title="bbox 169 5570 1848 5649">
     <span class='ocr_line' id='line_1_76' title="bbox 169 5570 1848 5649; baseline -0.003 -18"><span class='ocrx_word' id='word_1_587' title='bbox 169 5573 398 5649; x_wconf 89' lang='lat' dir='ltr'><strong>quibus</strong></span> <span class='ocrx_word' id='word_1_588' title='bbox 418 5571 628 5645; x_wconf 91' lang='lat' dir='ltr'><strong>utique</strong></span> <span class='ocrx_word' id='word_1_589' title='bbox 646 5570 874 5628; x_wconf 91' lang='lat' dir='ltr'><strong>dictum</strong></span> <span class='ocrx_word' id='word_1_590' title='bbox 896 5574 1012 5628; x_wconf 90' lang='lat' dir='ltr'><strong>est:</strong></span> <span class='ocrx_word' id='word_1_591' title='bbox 1031 5571 1155 5626; x_wconf 84' lang='lat' dir='ltr'><strong>Pro</strong></span> <span class='ocrx_word' id='word_1_592' title='bbox 1171 5570 1427 5627; x_wconf 83' lang='lat' dir='ltr'><strong>inimicis</strong></span> <span class='ocrx_word' id='word_1_593' title='bbox 1449 5571 1659 5627; x_wconf 85' lang='lat' dir='ltr'><strong>vestris</strong></span> <span class='ocrx_word' id='word_1_594' title='bbox 1679 5575 1848 5628; x_wconf 79' lang='lat' dir='ltr'><strong>orate</strong></span> 
     </span>
    </p>
   </div>
   <div class='ocr_carea' id='block_1_77' title="bbox 173 5659 1844 5753">
    <p class='ocr_par' dir='ltr' id='par_1_77' title="bbox 173 5659 1844 5753">
     <span class='ocr_line' id='line_1_77' title="bbox 173 5659 1844 5753; baseline -0.002 -34"><span class='ocrx_word' id='word_1_595' title='bbox 173 5665 342 5753; x_wconf 77' lang='lat' dir='ltr'><strong>(Luc.</strong></span> <span class='ocrx_word' id='word_1_596' title='bbox 383 5679 467 5735; x_wconf 87' lang='lat' dir='ltr'><strong>v1,</strong></span> <span class='ocrx_word' id='word_1_597' title='bbox 517 5665 634 5732; x_wconf 88' lang='lat'><strong>28).</strong></span> <span class='ocrx_word' id='word_1_598' title='bbox 665 5662 1128 5718; x_wconf 76' lang='lat' dir='ltr'><strong>-—Gu£conms:</strong></span> <span class='ocrx_word' id='word_1_599' title='bbox 1180 5662 1364 5753; x_wconf 72' lang='lat' dir='ltr'><strong>Grant</strong></span> <span class='ocrx_word' id='word_1_600' title='bbox 1417 5675 1530 5734; x_wconf 90' lang='lat' dir='ltr'><strong>pro</strong></span> <span class='ocrx_word' id='word_1_601' title='bbox 1581 5659 1844 5753; x_wconf 81' lang='lat' dir='ltr'><strong>inimicis</strong></span> 
     </span>
    </p>
   </div>
   <div class='ocr_carea' id='block_1_78' title="bbox 172 5748 1847 5825">
    <p class='ocr_par' dir='ltr' id='par_1_78' title="bbox 172 5748 1847 5825">
     <span class='ocr_line' id='line_1_78' title="bbox 172 5748 1847 5825; baseline 0 -16"><span class='ocrx_word' id='word_1_602' title='bbox 172 5748 304 5815; x_wconf 76' lang='lat' dir='ltr'><strong>suis</strong></span> <span class='ocrx_word' id='word_1_603' title='bbox 325 5767 398 5811; x_wconf 90' lang='lat' dir='ltr'><strong>eo</strong></span> <span class='ocrx_word' id='word_1_604' title='bbox 430 5756 726 5825; x_wconf 88' lang='lat' dir='ltr'><strong>tempore,</strong></span> <span class='ocrx_word' id='word_1_605' title='bbox 754 5765 880 5825; x_wconf 88' lang='lat' dir='ltr'><strong>quo</strong></span> <span class='ocrx_word' id='word_1_606' title='bbox 895 5752 1152 5824; x_wconf 81' lang='lat' dir='ltr'><strong>possunt</strong></span> <span class='ocrx_word' id='word_1_607' title='bbox 1170 5748 1250 5809; x_wconf 84' lang='lat' dir='ltr'><strong>ad</strong></span> <span class='ocrx_word' id='word_1_608' title='bbox 1264 5749 1641 5810; x_wconf 87' lang='lat' dir='ltr'><strong>fructuosam</strong></span> <span class='ocrx_word' id='word_1_609' title='bbox 1657 5748 1847 5824; x_wconf 84' lang='lat' dir='ltr'><strong>poeni-</strong></span> 
     </span>
    </p>
   </div>
   <div class='ocr_carea' id='block_1_79' title="bbox 463 5841 905 5900">
    <p class='ocr_par' dir='ltr' id='par_1_79' title="bbox 463 5841 905 5900">
     <span class='ocr_line' id='line_1_79' title="bbox 463 5841 905 5900; baseline 0.005 -3"><span class='ocrx_word' id='word_1_610' title='bbox 463 5841 713 5900; x_wconf 60' lang='lat' dir='ltr'><strong>Pauor.</strong></span> <span class='ocrx_word' id='word_1_611' title='bbox 755 5842 905 5899; x_wconf 84' lang='lat' dir='ltr'><strong>CXV.</strong></span> 
     </span>
    </p>
   </div>
   <div class='ocr_carea' id='block_1_80' title="bbox 1865 4455 1914 4513">
    <p class='ocr_par' dir='ltr' id='par_1_80' title="bbox 1865 4455 1914 4513">
     <span class='ocr_line' id='line_1_80' title="bbox 1865 4455 1914 4513; baseline 0 0"><span class='ocrx_word' id='word_1_612' title='bbox 1865 4455 1914 4513; x_wconf 92' lang='lat' dir='ltr'><strong>D</strong></span> 
     </span>
    </p>
   </div>
   <div class='ocr_carea' id='block_1_81' title="bbox 1939 1817 3612 1892">
    <p class='ocr_par' dir='ltr' id='par_1_81' title="bbox 1939 1817 3612 1892">
     <span class='ocr_line' id='line_1_81' title="bbox 1939 1817 3612 1892; baseline -0.001 -18"><span class='ocrx_word' id='word_1_613' title='bbox 1939 1823 2262 1888; x_wconf 87' lang='lat' dir='ltr'><strong>noverunt,</strong></span> <span class='ocrx_word' id='word_1_614' title='bbox 2283 1824 2421 1876; x_wconf 89' lang='lat' dir='ltr'><strong>ante</strong></span> <span class='ocrx_word' id='word_1_615' title='bbox 2451 1819 2619 1876; x_wconf 91' lang='lat' dir='ltr'><strong>illum</strong></span> <span class='ocrx_word' id='word_1_616' title='bbox 2649 1819 2868 1892; x_wconf 80' lang='lat' dir='ltr'><strong>iudicis</strong></span> <span class='ocrx_word' id='word_1_617' title='bbox 2891 1817 3036 1890; x_wconf 88' lang='lat' dir='ltr'><strong>justi</strong></span> <span class='ocrx_word' id='word_1_618' title='bbox 3067 1821 3459 1890; x_wconf 86' lang='lat' dir='ltr'><strong>conspectum</strong></span> <span class='ocrx_word' id='word_1_619' title='bbox 3480 1832 3612 1873; x_wconf 87' lang='lat' dir='ltr'><strong>ora-</strong></span> 
     </span>
    </p>
   </div>
   <div class='ocr_carea' id='block_1_82' title="bbox 1941 1900 3610 1978">
    <p class='ocr_par' dir='ltr' id='par_1_82' title="bbox 1941 1900 3610 1978">
     <span class='ocr_line' id='line_1_82' title="bbox 1941 1900 3610 1978; baseline -0.003 -14"><span class='ocrx_word' id='word_1_620' title='bbox 1941 1907 2120 1964; x_wconf 90' lang='lat' dir='ltr'><strong>tionis</strong></span> <span class='ocrx_word' id='word_1_621' title='bbox 2172 1924 2300 1964; x_wconf 68' lang='lat' dir='ltr'><strong>suae</strong></span> <span class='ocrx_word' id='word_1_622' title='bbox 2355 1907 2638 1966; x_wconf 87' lang='lat' dir='ltr'><strong>meritum</strong></span> <span class='ocrx_word' id='word_1_623' title='bbox 2680 1907 2906 1965; x_wconf 84' lang='lat' dir='ltr'><strong>cassari</strong></span> <span class='ocrx_word' id='word_1_624' title='bbox 2953 1905 3256 1976; x_wconf 90' lang='lat' dir='ltr'><strong>refugiunt</strong></span> <span class='ocrx_word' id='word_1_625' title='bbox 3290 1922 3302 1961; x_wconf 88' lang='lat'><strong>:</strong></span> <span class='ocrx_word' id='word_1_626' title='bbox 3336 1905 3504 1978; x_wconf 92' lang='lat' dir='ltr'><strong>quod</strong></span> <span class='ocrx_word' id='word_1_627' title='bbox 3557 1900 3610 1961; x_wconf 92' lang='lat' dir='ltr'><strong>si</strong></span> 
     </span>
    </p>
   </div>
   <div class='ocr_carea' id='block_1_83' title="bbox 1940 1993 3610 2071">
    <p class='ocr_par' dir='ltr' id='par_1_83' title="bbox 1940 1993 3610 2071">
     <span class='ocr_line' id='line_1_83' title="bbox 1940 1993 3610 2071; baseline -0.001 -19"><span class='ocrx_word' id='word_1_628' title='bbox 1940 2011 2104 2055; x_wconf 93' lang='lat' dir='ltr'><strong>nunc</strong></span> <span class='ocrx_word' id='word_1_629' title='bbox 2132 2013 2379 2071; x_wconf 91' lang='lat' dir='ltr'><strong>quoque</strong></span> <span class='ocrx_word' id='word_1_630' title='bbox 2427 1997 2697 2054; x_wconf 85' lang='lat' dir='ltr'><strong>viventes</strong></span> <span class='ocrx_word' id='word_1_631' title='bbox 2736 1995 2881 2068; x_wconf 88' lang='lat' dir='ltr'><strong>justi</strong></span> <span class='ocrx_word' id='word_1_632' title='bbox 2908 1995 3162 2052; x_wconf 91' lang='lat' dir='ltr'><strong>mortuis</strong></span> <span class='ocrx_word' id='word_1_633' title='bbox 3203 1998 3260 2051; x_wconf 91' lang='lat' dir='ltr'><strong>et</strong></span> <span class='ocrx_word' id='word_1_634' title='bbox 3305 1993 3610 2051; x_wconf 87' lang='lat' dir='ltr'><strong>damnatis</strong></span> 
     </span>
    </p>
   </div>
   <div class='ocr_carea' id='block_1_84' title="bbox 1939 2083 3607 2160">
    <p class='ocr_par' dir='ltr' id='par_1_84' title="bbox 1939 2083 3607 2160">
     <span class='ocr_line' id='line_1_84' title="bbox 1939 2083 3607 2160; baseline -0.001 -17"><span class='ocrx_word' id='word_1_635' title='bbox 1939 2086 2180 2159; x_wconf 90' lang='lat' dir='ltr'><strong>injustis</strong></span> <span class='ocrx_word' id='word_1_636' title='bbox 2209 2088 2460 2145; x_wconf 90' lang='lat' dir='ltr'><strong>minime</strong></span> <span class='ocrx_word' id='word_1_637' title='bbox 2486 2087 2954 2160; x_wconf 88' lang='lat' dir='ltr'><strong>compatiuntur,</strong></span> <span class='ocrx_word' id='word_1_638' title='bbox 2983 2085 3232 2159; x_wconf 90' lang='lat' dir='ltr'><strong>quando</strong></span> <span class='ocrx_word' id='word_1_639' title='bbox 3273 2083 3472 2141; x_wconf 86' lang='lat' dir='ltr'><strong>adhuc</strong></span> <span class='ocrx_word' id='word_1_640' title='bbox 3498 2083 3607 2141; x_wconf 85' lang='lat' dir='ltr'><strong>ali-</strong></span> 
     </span>
    </p>
   </div>
   <div class='ocr_carea' id='block_1_85' title="bbox 1940 2175 3608 2248">
    <p class='ocr_par' dir='ltr' id='par_1_85' title="bbox 1940 2175 3608 2248">
     <span class='ocr_line' id='line_1_85' title="bbox 1940 2175 3608 2248; baseline -0.001 -17"><span class='ocrx_word' id='word_1_641' title='bbox 1940 2176 2091 2248; x_wconf 88' lang='lat' dir='ltr'><strong>quid</strong></span> <span class='ocrx_word' id='word_1_642' title='bbox 2115 2175 2444 2248; x_wconf 89' lang='lat' dir='ltr'><strong>judicabile</strong></span> <span class='ocrx_word' id='word_1_643' title='bbox 2473 2177 2548 2232; x_wconf 93' lang='lat' dir='ltr'><strong>de</strong></span> <span class='ocrx_word' id='word_1_644' title='bbox 2579 2192 2690 2232; x_wconf 88' lang='lat' dir='ltr'><strong>sua</strong></span> <span class='ocrx_word' id='word_1_645' title='bbox 2723 2191 2906 2233; x_wconf 89' lang='lat' dir='ltr'><strong>causa</strong></span> <span class='ocrx_word' id='word_1_646' title='bbox 2937 2176 3068 2246; x_wconf 90' lang='lat' dir='ltr'><strong>[al.,</strong></span> <span class='ocrx_word' id='word_1_647' title='bbox 3092 2175 3296 2245; x_wconf 87' lang='lat' dir='ltr'><strong>carne]</strong></span> <span class='ocrx_word' id='word_1_648' title='bbox 3319 2189 3451 2230; x_wconf 92' lang='lat' dir='ltr'><strong>sese</strong></span> <span class='ocrx_word' id='word_1_649' title='bbox 3475 2188 3608 2246; x_wconf 86' lang='lat' dir='ltr'><strong>per-</strong></span> 
     </span>
    </p>
   </div>
   <div class='ocr_carea' id='block_1_86' title="bbox 1939 2263 3607 2340">
    <p class='ocr_par' dir='ltr' id='par_1_86' title="bbox 1939 2263 3607 2340">
     <span class='ocr_line' id='line_1_86' title="bbox 1939 2263 3607 2340; baseline -0.002 -18"><span class='ocrx_word' id='word_1_650' title='bbox 1939 2266 2061 2339; x_wconf 89' lang='lat' dir='ltr'><strong>peti</strong></span> <span class='ocrx_word' id='word_1_651' title='bbox 2091 2266 2273 2322; x_wconf 90' lang='lat' dir='ltr'><strong>etiam</strong></span> <span class='ocrx_word' id='word_1_652' title='bbox 2323 2266 2441 2340; x_wconf 92' lang='lat' dir='ltr'><strong>ipsi</strong></span> <span class='ocrx_word' id='word_1_653' title='bbox 2470 2271 2791 2336; x_wconf 88' lang='lat' dir='ltr'><strong>noverunt,</strong></span> <span class='ocrx_word' id='word_1_654' title='bbox 2823 2269 3053 2338; x_wconf 88' lang='lat' dir='ltr'><strong>quanto</strong></span> <span class='ocrx_word' id='word_1_655' title='bbox 3095 2263 3419 2320; x_wconf 88' lang='lat' dir='ltr'><strong>districtius</strong></span> <span class='ocrx_word' id='word_1_656' title='bbox 3462 2267 3607 2319; x_wconf 91' lang='lat' dir='ltr'><strong>tunc</strong></span> 
     </span>
    </p>
   </div>
   <div class='ocr_carea' id='block_1_87' title="bbox 1940 2349 3607 2427">
    <p class='ocr_par' dir='ltr' id='par_1_87' title="bbox 1940 2349 3607 2427">
     <span class='ocr_line' id='line_1_87' title="bbox 1940 2349 3607 2427; baseline -0.002 -17"><span class='ocrx_word' id='word_1_657' title='bbox 1940 2353 2288 2427; x_wconf 89' lang='lat' dir='ltr'><strong>iniquorum</strong></span> <span class='ocrx_word' id='word_1_658' title='bbox 2322 2359 2618 2412; x_wconf 90' lang='lat' dir='ltr'><strong>tormenta</strong></span> <span class='ocrx_word' id='word_1_659' title='bbox 2647 2353 2994 2427; x_wconf 88' lang='lat' dir='ltr'><strong>respiciunt,</strong></span> <span class='ocrx_word' id='word_1_660' title='bbox 3026 2351 3276 2426; x_wconf 89' lang='lat' dir='ltr'><strong>quando</strong></span> <span class='ocrx_word' id='word_1_661' title='bbox 3307 2352 3386 2408; x_wconf 84' lang='lat' dir='ltr'><strong>ab</strong></span> <span class='ocrx_word' id='word_1_662' title='bbox 3439 2349 3607 2408; x_wconf 92' lang='lat' dir='ltr'><strong>omni</strong></span> 
     </span>
    </p>
   </div>
   <div class='ocr_carea' id='block_1_88' title="bbox 1939 2440 3606 2517">
    <p class='ocr_par' dir='ltr' id='par_1_88' title="bbox 1939 2440 3606 2517">
     <span class='ocr_line' id='line_1_88' title="bbox 1939 2440 3606 2517; baseline -0.003 -17"><span class='ocrx_word' id='word_1_663' title='bbox 1939 2444 2081 2500; x_wconf 89' lang='lat' dir='ltr'><strong>vitio</strong></span> <span class='ocrx_word' id='word_1_664' title='bbox 2113 2444 2514 2517; x_wconf 88' lang='lat' dir='ltr'><strong>corruptionis</strong></span> <span class='ocrx_word' id='word_1_665' title='bbox 2546 2444 2728 2513; x_wconf 83' lang='lat' dir='ltr'><strong>exuti,</strong></span> <span class='ocrx_word' id='word_1_666' title='bbox 2751 2442 2866 2516; x_wconf 91' lang='lat' dir='ltr'><strong>ipsi</strong></span> <span class='ocrx_word' id='word_1_667' title='bbox 2891 2443 3021 2514; x_wconf 88' lang='lat' dir='ltr'><strong>jam</strong></span> <span class='ocrx_word' id='word_1_668' title='bbox 3061 2441 3304 2514; x_wconf 70' lang='lat' dir='ltr'><strong>justitise</strong></span> <span class='ocrx_word' id='word_1_669' title='bbox 3352 2440 3606 2496; x_wconf 89' lang='lat' dir='ltr'><strong>vicinius</strong></span> 
     </span>
    </p>
   </div>
   <div class='ocr_carea' id='block_1_89' title="bbox 1941 2533 3605 2607">
    <p class='ocr_par' dir='ltr' id='par_1_89' title="bbox 1941 2533 3605 2607">
     <span class='ocr_line' id='line_1_89' title="bbox 1941 2533 3605 2607; baseline -0.003 -17"><span class='ocrx_word' id='word_1_670' title='bbox 1941 2537 2122 2607; x_wconf 88' lang='lat' dir='ltr'><strong>atque</strong></span> <span class='ocrx_word' id='word_1_671' title='bbox 2143 2534 2364 2591; x_wconf 89' lang='lat' dir='ltr'><strong>arctius</strong></span> <span class='ocrx_word' id='word_1_672' title='bbox 2395 2533 2794 2590; x_wconf 67' lang='lat' dir='ltr'><strong>inhaerebunt.</strong></span> <span class='ocrx_word' id='word_1_673' title='bbox 2826 2533 2917 2590; x_wconf 93' lang='lat' dir='ltr'><strong>Sic</strong></span> <span class='ocrx_word' id='word_1_674' title='bbox 2947 2533 3173 2606; x_wconf 88' lang='lat' dir='ltr'><strong>quippe</strong></span> <span class='ocrx_word' id='word_1_675' title='bbox 3203 2547 3412 2588; x_wconf 93' lang='lat' dir='ltr'><strong>eorum</strong></span> <span class='ocrx_word' id='word_1_676' title='bbox 3433 2545 3605 2586; x_wconf 90' lang='lat' dir='ltr'><strong>men-</strong></span> 
     </span>
    </p>
   </div>
   <div class='ocr_carea' id='block_1_90' title="bbox 1940 2617 3605 2695">
    <p class='ocr_par' dir='ltr' id='par_1_90' title="bbox 1940 2617 3605 2695">
     <span class='ocr_line' id='line_1_90' title="bbox 1940 2617 3605 2695; baseline -0.003 -17"><span class='ocrx_word' id='word_1_677' title='bbox 1940 2626 2028 2678; x_wconf 90' lang='lat' dir='ltr'><strong>tes</strong></span> <span class='ocrx_word' id='word_1_678' title='bbox 2055 2637 2165 2694; x_wconf 90' lang='lat' dir='ltr'><strong>per</strong></span> <span class='ocrx_word' id='word_1_679' title='bbox 2211 2621 2348 2691; x_wconf 90' lang='lat' dir='ltr'><strong>hoc,</strong></span> <span class='ocrx_word' id='word_1_680' title='bbox 2380 2622 2549 2695; x_wconf 91' lang='lat' dir='ltr'><strong>quod</strong></span> <span class='ocrx_word' id='word_1_681' title='bbox 2595 2621 2928 2694; x_wconf 89' lang='lat' dir='ltr'><strong>justissimo</strong></span> <span class='ocrx_word' id='word_1_682' title='bbox 2951 2619 3144 2692; x_wconf 91' lang='lat' dir='ltr'><strong>judici</strong></span> <span class='ocrx_word' id='word_1_683' title='bbox 3169 2619 3482 2688; x_wconf 72' lang='lat' dir='ltr'><strong>inhaerent,</strong></span> <span class='ocrx_word' id='word_1_684' title='bbox 3512 2617 3605 2674; x_wconf 92' lang='lat' dir='ltr'><strong>vis</strong></span> 
     </span>
    </p>
   </div>
   <div class='ocr_carea' id='block_1_91' title="bbox 1939 2707 3604 2782">
    <p class='ocr_par' dir='ltr' id='par_1_91' title="bbox 1939 2707 3604 2782">
     <span class='ocr_line' id='line_1_91' title="bbox 1939 2707 3604 2782; baseline -0.002 -15"><span class='ocrx_word' id='word_1_685' title='bbox 1939 2710 2326 2767; x_wconf 89' lang='lat' dir='ltr'><strong>districtionis</strong></span> <span class='ocrx_word' id='word_1_686' title='bbox 2371 2710 2676 2782; x_wconf 88' lang='lat' dir='ltr'><strong>absorbet,</strong></span> <span class='ocrx_word' id='word_1_687' title='bbox 2703 2713 2769 2767; x_wconf 91' lang='lat' dir='ltr'><strong>ut</strong></span> <span class='ocrx_word' id='word_1_688' title='bbox 2815 2709 3066 2768; x_wconf 89' lang='lat' dir='ltr'><strong>omnino</strong></span> <span class='ocrx_word' id='word_1_689' title='bbox 3115 2709 3201 2766; x_wconf 88' lang='lat' dir='ltr'><strong>eis</strong></span> <span class='ocrx_word' id='word_1_690' title='bbox 3247 2723 3373 2764; x_wconf 89' lang='lat' dir='ltr'><strong>non</strong></span> <span class='ocrx_word' id='word_1_691' title='bbox 3397 2707 3604 2775; x_wconf 85' lang='lat' dir='ltr'><strong>libeat,</strong></span> 
     </span>
    </p>
   </div>
   <div class='ocr_carea' id='block_1_92' title="bbox 1939 2794 3605 2872">
    <p class='ocr_par' dir='ltr' id='par_1_92' title="bbox 1939 2794 3605 2872">
     <span class='ocr_line' id='line_1_92' title="bbox 1939 2794 3605 2872; baseline -0.002 -17"><span class='ocrx_word' id='word_1_692' title='bbox 1939 2799 2238 2872; x_wconf 89' lang='lat' dir='ltr'><strong>quidquid</strong></span> <span class='ocrx_word' id='word_1_693' title='bbox 2265 2799 2345 2856; x_wconf 89' lang='lat' dir='ltr'><strong>ab</strong></span> <span class='ocrx_word' id='word_1_694' title='bbox 2366 2799 2522 2855; x_wconf 90' lang='lat' dir='ltr'><strong>illius</strong></span> <span class='ocrx_word' id='word_1_695' title='bbox 2547 2803 2784 2856; x_wconf 61' lang='lat' dir='ltr'><strong>aeternae</strong></span> <span class='ocrx_word' id='word_1_696' title='bbox 2813 2797 3036 2869; x_wconf 69' lang='lat' dir='ltr'><strong>regulae</strong></span> <span class='ocrx_word' id='word_1_697' title='bbox 3070 2795 3393 2854; x_wconf 88' lang='lat' dir='ltr'><strong>subtilitate</strong></span> <span class='ocrx_word' id='word_1_698' title='bbox 3438 2794 3605 2852; x_wconf 89' lang='lat' dir='ltr'><strong>vide-</strong></span> 
     </span>
    </p>
   </div>
   <div class='ocr_carea' id='block_1_93' title="bbox 1938 2885 3423 2959">
    <p class='ocr_par' dir='ltr' id='par_1_93' title="bbox 1938 2885 3423 2959">
     <span class='ocr_line' id='line_1_93' title="bbox 1938 2885 3423 2959; baseline -0.002 -16"><span class='ocrx_word' id='word_1_699' title='bbox 1938 2887 2058 2944; x_wconf 87' lang='lat' dir='ltr'><strong>rint</strong></span> <span class='ocrx_word' id='word_1_700' title='bbox 2086 2888 2431 2944; x_wconf 86' lang='lat' dir='ltr'><strong>discordare</strong></span> <span class='ocrx_word' id='word_1_701' title='bbox 2461 2889 2593 2959; x_wconf 90' lang='lat' dir='ltr'><strong>[al.,</strong></span> <span class='ocrx_word' id='word_1_702' title='bbox 2625 2887 2950 2956; x_wconf 89' lang='lat' dir='ltr'><strong>discordat,</strong></span> <span class='ocrx_word' id='word_1_703' title='bbox 2981 2903 3096 2944; x_wconf 90' lang='lat' dir='ltr'><strong>om.</strong></span> <span class='ocrx_word' id='word_1_704' title='bbox 3122 2885 3423 2956; x_wconf 89' lang='lat' dir='ltr'><strong>viderint].</strong></span> 
     </span>
    </p>
   </div>
   <div class='ocr_carea' id='block_1_94' title="bbox 2009 2971 3604 3046">
    <p class='ocr_par' dir='ltr' id='par_1_94' title="bbox 2009 2971 3604 3046">
     <span class='ocr_line' id='line_1_94' title="bbox 2009 2971 3604 3046; baseline -0.003 -14"><span class='ocrx_word' id='word_1_705' title='bbox 2009 2976 2053 3046; x_wconf 69' lang='grc' dir='ltr'><strong>σι-</strong></span> <span class='ocrx_word' id='word_1_706' title='bbox 2081 2978 2226 3042; x_wconf 80' lang='lat' dir='ltr'><strong>Quae</strong></span> <span class='ocrx_word' id='word_1_707' title='bbox 2255 2976 2463 3031; x_wconf 90' lang='lat' dir='ltr'><strong>omnia</strong></span> <span class='ocrx_word' id='word_1_708' title='bbox 2492 2991 2631 3031; x_wconf 89' lang='lat' dir='ltr'><strong>cum</strong></span> <span class='ocrx_word' id='word_1_709' title='bbox 2661 2975 2726 3031; x_wconf 90' lang='lat' dir='ltr'><strong>in</strong></span> <span class='ocrx_word' id='word_1_710' title='bbox 2753 2975 2870 3031; x_wconf 90' lang='lat' dir='ltr'><strong>isto</strong></span> <span class='ocrx_word' id='word_1_711' title='bbox 2919 2974 3356 3046; x_wconf 89' lang='lat' dir='ltr'><strong>temporalibus</strong></span> <span class='ocrx_word' id='word_1_712' title='bbox 3381 2971 3604 3030; x_wconf 89' lang='lat' dir='ltr'><strong>nostris</strong></span> 
     </span>
    </p>
   </div>
   <div class='ocr_carea' id='block_1_95' title="bbox 1939 3062 3604 3133">
    <p class='ocr_par' dir='ltr' id='par_1_95' title="bbox 1939 3062 3604 3133">
     <span class='ocr_line' id='line_1_95' title="bbox 1939 3062 3604 3133; baseline -0.003 -13"><span class='ocrx_word' id='word_1_713' title='bbox 1939 3063 2400 3120; x_wconf 85' lang='lat' dir='ltr'><strong>necessitatibus</strong></span> <span class='ocrx_word' id='word_1_714' title='bbox 2447 3062 2837 3120; x_wconf 84' lang='lat' dir='ltr'><strong>commodato</strong></span> <span class='ocrx_word' id='word_1_715' title='bbox 2883 3062 3009 3132; x_wconf 88' lang='lat' dir='ltr'><strong>igni</strong></span> <span class='ocrx_word' id='word_1_716' title='bbox 3050 3062 3393 3118; x_wconf 84' lang='lat' dir='ltr'><strong>nullatenus</strong></span> <span class='ocrx_word' id='word_1_717' title='bbox 3423 3075 3604 3133; x_wconf 87' lang='lat' dir='ltr'><strong>posse</strong></span> 
     </span>
    </p>
   </div>
   <div class='ocr_carea' id='block_1_96' title="bbox 1939 3147 3605 3223">
    <p class='ocr_par' dir='ltr' id='par_1_96' title="bbox 1939 3147 3605 3223">
     <span class='ocr_line' id='line_1_96' title="bbox 1939 3147 3605 3223; baseline -0.003 -14"><span class='ocrx_word' id='word_1_718' title='bbox 1939 3152 2068 3209; x_wconf 87' lang='lat' dir='ltr'><strong>ﬁeri</strong></span> <span class='ocrx_word' id='word_1_719' title='bbox 2114 3157 2345 3209; x_wconf 89' lang='lat' dir='ltr'><strong>certum</strong></span> <span class='ocrx_word' id='word_1_720' title='bbox 2388 3153 2482 3220; x_wconf 90' lang='lat' dir='ltr'><strong>sit,</strong></span> <span class='ocrx_word' id='word_1_721' title='bbox 2533 3151 2849 3223; x_wconf 87' lang='lat' dir='ltr'><strong>conjicitur</strong></span> <span class='ocrx_word' id='word_1_722' title='bbox 2901 3150 3090 3207; x_wconf 90' lang='lat' dir='ltr'><strong>alium</strong></span> <span class='ocrx_word' id='word_1_723' title='bbox 3145 3149 3364 3206; x_wconf 89' lang='lat' dir='ltr'><strong>debere</strong></span> <span class='ocrx_word' id='word_1_724' title='bbox 3411 3147 3605 3220; x_wconf 92' lang='lat' dir='ltr'><strong>accipi</strong></span> 
     </span>
    </p>
   </div>
   <div class='ocr_carea' id='block_1_97' title="bbox 1938 3239 3602 3313">
    <p class='ocr_par' dir='ltr' id='par_1_97' title="bbox 1938 3239 3602 3313">
     <span class='ocr_line' id='line_1_97' title="bbox 1938 3239 3602 3313; baseline -0.002 -17"><span class='ocrx_word' id='word_1_725' title='bbox 1938 3241 2129 3313; x_wconf 88' lang='lat' dir='ltr'><strong>illum,</strong></span> <span class='ocrx_word' id='word_1_726' title='bbox 2160 3243 2267 3313; x_wconf 87' lang='lat' dir='ltr'><strong>qui</strong></span> <span class='ocrx_word' id='word_1_727' title='bbox 2283 3246 2546 3312; x_wconf 85' lang='lat' dir='ltr'><strong>paratus</strong></span> <span class='ocrx_word' id='word_1_728' title='bbox 2573 3241 2800 3296; x_wconf 81' lang='lat' dir='ltr'><strong>dicitur</strong></span> <span class='ocrx_word' id='word_1_729' title='bbox 2829 3240 3089 3306; x_wconf 83' lang='lat' dir='ltr'><strong>diabolo,</strong></span> <span class='ocrx_word' id='word_1_730' title='bbox 3121 3245 3178 3297; x_wconf 87' lang='lat' dir='ltr'><strong>et</strong></span> <span class='ocrx_word' id='word_1_731' title='bbox 3213 3239 3442 3310; x_wconf 85' lang='lat' dir='ltr'><strong>angelis</strong></span> <span class='ocrx_word' id='word_1_732' title='bbox 3471 3240 3602 3309; x_wconf 87' lang='lat' dir='ltr'><strong>ejus</strong></span> 
     </span>
    </p>
   </div>
   <div class='ocr_carea' id='block_1_98' title="bbox 1942 3327 3606 3404">
    <p class='ocr_par' dir='ltr' id='par_1_98' title="bbox 1942 3327 3606 3404">
     <span class='ocr_line' id='line_1_98' title="bbox 1942 3327 3606 3404; baseline -0.002 -16"><span class='ocrx_word' id='word_1_733' title='bbox 1942 3332 2181 3404; x_wconf 73' lang='lat' dir='ltr'><strong>(Matth.</strong></span> <span class='ocrx_word' id='word_1_734' title='bbox 2211 3348 2351 3400; x_wconf 82' lang='lat' dir='ltr'><strong>xxv,</strong></span> <span class='ocrx_word' id='word_1_735' title='bbox 2372 3332 2467 3404; x_wconf 78' lang='grc'><strong>41)</strong></span> <span class='ocrx_word' id='word_1_736' title='bbox 2495 3349 2509 3388; x_wconf 88' lang='lat'><strong>:</strong></span> <span class='ocrx_word' id='word_1_737' title='bbox 2543 3347 2614 3388; x_wconf 90' lang='lat' dir='ltr'><strong>ac</strong></span> <span class='ocrx_word' id='word_1_738' title='bbox 2642 3346 2751 3403; x_wconf 91' lang='lat' dir='ltr'><strong>per</strong></span> <span class='ocrx_word' id='word_1_739' title='bbox 2794 3331 2910 3386; x_wconf 92' lang='lat' dir='ltr'><strong>hoc</strong></span> <span class='ocrx_word' id='word_1_740' title='bbox 2952 3346 3078 3387; x_wconf 91' lang='lat' dir='ltr'><strong>non</strong></span> <span class='ocrx_word' id='word_1_741' title='bbox 3123 3327 3606 3403; x_wconf 89' lang='lat' dir='ltr'><strong>improbabiliter</strong></span> 
     </span>
    </p>
   </div>
   <div class='ocr_carea' id='block_1_99' title="bbox 1939 3419 3604 3492">
    <p class='ocr_par' dir='ltr' id='par_1_99' title="bbox 1939 3419 3604 3492">
     <span class='ocr_line' id='line_1_99' title="bbox 1939 3419 3604 3492; baseline -0.001 -15"><span class='ocrx_word' id='word_1_742' title='bbox 1939 3420 2190 3478; x_wconf 89' lang='lat' dir='ltr'><strong>forsitan</strong></span> <span class='ocrx_word' id='word_1_743' title='bbox 2223 3421 2456 3487; x_wconf 89' lang='lat' dir='ltr'><strong>dicitur,</strong></span> <span class='ocrx_word' id='word_1_744' title='bbox 2491 3420 2646 3477; x_wconf 92' lang='lat' dir='ltr'><strong>alius</strong></span> <span class='ocrx_word' id='word_1_745' title='bbox 2679 3420 2759 3478; x_wconf 92' lang='lat' dir='ltr'><strong>ad</strong></span> <span class='ocrx_word' id='word_1_746' title='bbox 2787 3419 3148 3476; x_wconf 90' lang='lat' dir='ltr'><strong>cruciandos</strong></span> <span class='ocrx_word' id='word_1_747' title='bbox 3174 3419 3396 3492; x_wconf 90' lang='lat' dir='ltr'><strong>impios</strong></span> <span class='ocrx_word' id='word_1_748' title='bbox 3417 3434 3455 3474; x_wconf 87' lang='lat' dir='ltr'><strong>a</strong></span> <span class='ocrx_word' id='word_1_749' title='bbox 3481 3421 3604 3476; x_wconf 90' lang='lat' dir='ltr'><strong>Deo</strong></span> 
     </span>
    </p>
   </div>
   <div class='ocr_carea' id='block_1_100' title="bbox 1940 3507 3606 3583">
    <p class='ocr_par' dir='ltr' id='par_1_100' title="bbox 1940 3507 3606 3583">
     <span class='ocr_line' id='line_1_100' title="bbox 1940 3507 3606 3583; baseline -0.002 -17"><span class='ocrx_word' id='word_1_750' title='bbox 1940 3514 2200 3574; x_wconf 88' lang='lat' dir='ltr'><strong>creatus,</strong></span> <span class='ocrx_word' id='word_1_751' title='bbox 2233 3510 2379 3583; x_wconf 90' lang='lat' dir='ltr'><strong>quia</strong></span> <span class='ocrx_word' id='word_1_752' title='bbox 2404 3509 2636 3583; x_wconf 88' lang='lat' dir='ltr'><strong>absque</strong></span> <span class='ocrx_word' id='word_1_753' title='bbox 2657 3509 3050 3566; x_wconf 89' lang='lat' dir='ltr'><strong>materiarum</strong></span> <span class='ocrx_word' id='word_1_754' title='bbox 3075 3507 3372 3565; x_wconf 88' lang='lat' dir='ltr'><strong>alimentis</strong></span> <span class='ocrx_word' id='word_1_755' title='bbox 3392 3523 3606 3564; x_wconf 90' lang='lat' dir='ltr'><strong>eorum</strong></span> 
     </span>
    </p>
   </div>
   <div class='ocr_carea' id='block_1_101' title="bbox 1941 3595 3608 3672">
    <p class='ocr_par' dir='ltr' id='par_1_101' title="bbox 1941 3595 3608 3672">
     <span class='ocr_line' id='line_1_101' title="bbox 1941 3595 3608 3672; baseline -0.001 -18"><span class='ocrx_word' id='word_1_756' title='bbox 1941 3615 2217 3672; x_wconf 87' lang='lat' dir='ltr'><strong>corpora,</strong></span> <span class='ocrx_word' id='word_1_757' title='bbox 2263 3603 2321 3655; x_wconf 92' lang='lat' dir='ltr'><strong>et</strong></span> <span class='ocrx_word' id='word_1_758' title='bbox 2369 3599 2607 3655; x_wconf 90' lang='lat' dir='ltr'><strong>animas</strong></span> <span class='ocrx_word' id='word_1_759' title='bbox 2653 3599 2779 3655; x_wconf 89' lang='lat' dir='ltr'><strong>sine</strong></span> <span class='ocrx_word' id='word_1_760' title='bbox 2828 3598 2920 3654; x_wconf 91' lang='lat' dir='ltr'><strong>sui</strong></span> <span class='ocrx_word' id='word_1_761' title='bbox 2965 3597 3328 3670; x_wconf 90' lang='lat' dir='ltr'><strong>illorumque</strong></span> <span class='ocrx_word' id='word_1_762' title='bbox 3370 3595 3608 3652; x_wconf 81' lang='lat' dir='ltr'><strong>defectu</strong></span> 
     </span>
    </p>
   </div>
   <div class='ocr_carea' id='block_1_102' title="bbox 1939 3685 3608 3762">
    <p class='ocr_par' dir='ltr' id='par_1_102' title="bbox 1939 3685 3608 3762">
     <span class='ocr_line' id='line_1_102' title="bbox 1939 3685 3608 3762; baseline -0.002 -17"><span class='ocrx_word' id='word_1_763' title='bbox 1939 3689 2130 3762; x_wconf 89' lang='lat' dir='ltr'><strong>possit</strong></span> <span class='ocrx_word' id='word_1_764' title='bbox 2159 3705 2426 3758; x_wconf 84' lang='lat' dir='ltr'><strong>exurere,</strong></span> <span class='ocrx_word' id='word_1_765' title='bbox 2445 3689 2614 3762; x_wconf 89' lang='lat' dir='ltr'><strong>quod</strong></span> <span class='ocrx_word' id='word_1_766' title='bbox 2633 3689 2818 3745; x_wconf 91' lang='lat' dir='ltr'><strong>istum</strong></span> <span class='ocrx_word' id='word_1_767' title='bbox 2842 3688 2969 3744; x_wconf 90' lang='lat' dir='ltr'><strong>sine</strong></span> <span class='ocrx_word' id='word_1_768' title='bbox 2988 3685 3300 3744; x_wconf 90' lang='lat' dir='ltr'><strong>formentis</strong></span> <span class='ocrx_word' id='word_1_769' title='bbox 3329 3701 3608 3757; x_wconf 91' lang='lat' dir='ltr'><strong>corpora-</strong></span> 
     </span>
    </p>
   </div>
   <div class='ocr_carea' id='block_1_103' title="bbox 1939 3773 3611 3847">
    <p class='ocr_par' dir='ltr' id='par_1_103' title="bbox 1939 3773 3611 3847">
     <span class='ocr_line' id='line_1_103' title="bbox 1939 3773 3611 3847; baseline -0.002 -14"><span class='ocrx_word' id='word_1_770' title='bbox 1939 3777 2098 3834; x_wconf 86' lang='lat' dir='ltr'><strong>libus</strong></span> <span class='ocrx_word' id='word_1_771' title='bbox 2129 3777 2475 3834; x_wconf 89' lang='lat' dir='ltr'><strong>nullatenus</strong></span> <span class='ocrx_word' id='word_1_772' title='bbox 2505 3777 2704 3834; x_wconf 87' lang='lat' dir='ltr'><strong>valere</strong></span> <span class='ocrx_word' id='word_1_773' title='bbox 2731 3775 3220 3833; x_wconf 89' lang='lat' dir='ltr'><strong>manifestissime</strong></span> <span class='ocrx_word' id='word_1_774' title='bbox 3251 3773 3611 3847; x_wconf 88' lang='lat' dir='ltr'><strong>comproba-</strong></span> 
     </span>
    </p>
   </div>
   <div class='ocr_carea' id='block_1_104' title="bbox 1941 3865 3608 3941">
    <p class='ocr_par' dir='ltr' id='par_1_104' title="bbox 1941 3865 3608 3941">
     <span class='ocr_line' id='line_1_104' title="bbox 1941 3865 3608 3941; baseline -0.004 -15"><span class='ocrx_word' id='word_1_775' title='bbox 1941 3873 2056 3926; x_wconf 88' lang='lat' dir='ltr'><strong>tur.</strong></span> <span class='ocrx_word' id='word_1_776' title='bbox 2093 3872 2174 3925; x_wconf 92' lang='lat' dir='ltr'><strong>De</strong></span> <span class='ocrx_word' id='word_1_777' title='bbox 2203 3869 2427 3941; x_wconf 89' lang='lat' dir='ltr'><strong>quibus</strong></span> <span class='ocrx_word' id='word_1_778' title='bbox 2449 3867 2596 3940; x_wconf 86' lang='lat' dir='ltr'><strong>quia</strong></span> <span class='ocrx_word' id='word_1_779' title='bbox 2619 3872 2844 3924; x_wconf 89' lang='lat' dir='ltr'><strong>temere</strong></span> <span class='ocrx_word' id='word_1_780' title='bbox 2874 3865 3022 3922; x_wconf 86' lang='lat' dir='ltr'><strong>nihil</strong></span> <span class='ocrx_word' id='word_1_781' title='bbox 3047 3865 3351 3923; x_wconf 70' lang='lat' dir='ltr'><strong>affirmare</strong></span> <span class='ocrx_word' id='word_1_782' title='bbox 3377 3880 3608 3938; x_wconf 70' lang='lat' dir='ltr'><strong>praesu-</strong></span> 
     </span>
    </p>
   </div>
   <div class='ocr_carea' id='block_1_105' title="bbox 1942 3953 3609 4028">
    <p class='ocr_par' dir='ltr' id='par_1_105' title="bbox 1942 3953 3609 4028">
     <span class='ocr_line' id='line_1_105' title="bbox 1942 3953 3609 4028; baseline -0.004 -12"><span class='ocrx_word' id='word_1_783' title='bbox 1942 3975 2067 4025; x_wconf 90' lang='lat' dir='ltr'><strong>mo,</strong></span> <span class='ocrx_word' id='word_1_784' title='bbox 2096 3957 2212 4014; x_wconf 93' lang='lat' dir='ltr'><strong>hoc</strong></span> <span class='ocrx_word' id='word_1_785' title='bbox 2239 3961 2467 4014; x_wconf 89' lang='lat' dir='ltr'><strong>certum</strong></span> <span class='ocrx_word' id='word_1_786' title='bbox 2504 3961 2678 4013; x_wconf 90' lang='lat' dir='ltr'><strong>teneo</strong></span> <span class='ocrx_word' id='word_1_787' title='bbox 2717 3956 2780 4012; x_wconf 91' lang='lat' dir='ltr'><strong>in</strong></span> <span class='ocrx_word' id='word_1_788' title='bbox 2821 3955 2924 4012; x_wconf 90' lang='lat' dir='ltr'><strong>illo</strong></span> <span class='ocrx_word' id='word_1_789' title='bbox 2953 3955 3099 4026; x_wconf 90' lang='lat' dir='ltr'><strong>igni,</strong></span> <span class='ocrx_word' id='word_1_790' title='bbox 3130 3953 3300 4028; x_wconf 90' lang='lat' dir='ltr'><strong>quod</strong></span> <span class='ocrx_word' id='word_1_791' title='bbox 3323 3957 3609 4026; x_wconf 90' lang='lat' dir='ltr'><strong>quartum</strong></span> 
     </span>
    </p>
   </div>
   <div class='ocr_carea' id='block_1_106' title="bbox 1943 4045 3610 4117">
    <p class='ocr_par' dir='ltr' id='par_1_106' title="bbox 1943 4045 3610 4117">
     <span class='ocr_line' id='line_1_106' title="bbox 1943 4045 3610 4117; baseline -0.005 -11"><span class='ocrx_word' id='word_1_792' title='bbox 1943 4049 2309 4106; x_wconf 91' lang='lat' dir='ltr'><strong>elementum</strong></span> <span class='ocrx_word' id='word_1_793' title='bbox 2329 4045 2548 4102; x_wconf 90' lang='lat' dir='ltr'><strong>dicitur</strong></span> <span class='ocrx_word' id='word_1_794' title='bbox 2567 4049 2915 4102; x_wconf 90' lang='lat' dir='ltr'><strong>sanctorum</strong></span> <span class='ocrx_word' id='word_1_795' title='bbox 2941 4060 3198 4117; x_wconf 90' lang='lat' dir='ltr'><strong>corpora</strong></span> <span class='ocrx_word' id='word_1_796' title='bbox 3214 4059 3610 4116; x_wconf 88' lang='lat' dir='ltr'><strong>nequaquam</strong></span> 
     </span>
    </p>
   </div>
   <div class='ocr_carea' id='block_1_107' title="bbox 1946 4131 3614 4207">
    <p class='ocr_par' dir='ltr' id='par_1_107' title="bbox 1946 4131 3614 4207">
     <span class='ocr_line' id='line_1_107' title="bbox 1946 4131 3614 4207; baseline -0.004 -13"><span class='ocrx_word' id='word_1_797' title='bbox 1946 4135 2419 4194; x_wconf 88' lang='lat' dir='ltr'><strong>substantialiter</strong></span> <span class='ocrx_word' id='word_1_798' title='bbox 2458 4138 2830 4205; x_wconf 87' lang='lat' dir='ltr'><strong>constatura,</strong></span> <span class='ocrx_word' id='word_1_799' title='bbox 2862 4133 3008 4207; x_wconf 86' lang='lat' dir='ltr'><strong>quia</strong></span> <span class='ocrx_word' id='word_1_800' title='bbox 3035 4149 3299 4206; x_wconf 89' lang='lat' dir='ltr'><strong>quorum</strong></span> <span class='ocrx_word' id='word_1_801' title='bbox 3335 4148 3478 4190; x_wconf 88' lang='lat' dir='ltr'><strong>vera</strong></span> <span class='ocrx_word' id='word_1_802' title='bbox 3503 4131 3614 4188; x_wconf 89' lang='lat' dir='ltr'><strong>erit</strong></span> 
     </span>
    </p>
   </div>
   <div class='ocr_carea' id='block_1_108' title="bbox 1945 4220 3614 4300">
    <p class='ocr_par' dir='ltr' id='par_1_108' title="bbox 1945 4220 3614 4300">
     <span class='ocr_line' id='line_1_108' title="bbox 1945 4220 3614 4300; baseline -0.002 -18"><span class='ocrx_word' id='word_1_803' title='bbox 1945 4225 2159 4300; x_wconf 90' lang='lat' dir='ltr'><strong>gloria,</strong></span> <span class='ocrx_word' id='word_1_804' title='bbox 2173 4223 2630 4297; x_wconf 87' lang='lat' dir='ltr'><strong>etincorruptio,</strong></span> <span class='ocrx_word' id='word_1_805' title='bbox 2646 4227 2801 4280; x_wconf 90' lang='lat' dir='ltr'><strong>certe</strong></span> <span class='ocrx_word' id='word_1_806' title='bbox 2819 4222 2970 4280; x_wconf 87' lang='lat' dir='ltr'><strong>sicut</strong></span> <span class='ocrx_word' id='word_1_807' title='bbox 2989 4238 3125 4280; x_wconf 91' lang='lat' dir='ltr'><strong>aere</strong></span> <span class='ocrx_word' id='word_1_808' title='bbox 3137 4227 3368 4296; x_wconf 86' lang='lat' dir='ltr'><strong>etaqua</strong></span> <span class='ocrx_word' id='word_1_809' title='bbox 3386 4237 3511 4279; x_wconf 91' lang='lat' dir='ltr'><strong>non</strong></span> <span class='ocrx_word' id='word_1_810' title='bbox 3526 4220 3614 4278; x_wconf 86' lang='lat' dir='ltr'><strong>in-</strong></span> 
     </span>
    </p>
   </div>
   <div class='ocr_carea' id='block_1_109' title="bbox 1947 4312 3615 4387">
    <p class='ocr_par' dir='ltr' id='par_1_109' title="bbox 1947 4312 3615 4387">
     <span class='ocr_line' id='line_1_109' title="bbox 1947 4312 3615 4387; baseline -0.002 -15"><span class='ocrx_word' id='word_1_811' title='bbox 1947 4313 2348 4387; x_wconf 85' lang='lat' dir='ltr'><strong>digebunt,ita</strong></span> <span class='ocrx_word' id='word_1_812' title='bbox 2358 4328 2469 4369; x_wconf 92' lang='lat' dir='ltr'><strong>nec</strong></span> <span class='ocrx_word' id='word_1_813' title='bbox 2483 4312 2639 4382; x_wconf 90' lang='lat' dir='ltr'><strong>ignis</strong></span> <span class='ocrx_word' id='word_1_814' title='bbox 2654 4329 2757 4370; x_wconf 90' lang='lat' dir='ltr'><strong>eos</strong></span> <span class='ocrx_word' id='word_1_815' title='bbox 2767 4312 3182 4370; x_wconf 88' lang='lat' dir='ltr'><strong>necessitatem</strong></span> <span class='ocrx_word' id='word_1_816' title='bbox 3193 4312 3424 4386; x_wconf 91' lang='lat' dir='ltr'><strong>perpeti</strong></span> <span class='ocrx_word' id='word_1_817' title='bbox 3433 4327 3615 4369; x_wconf 82' lang='lat' dir='ltr'><strong>verax</strong></span> 
     </span>
    </p>
   </div>
   <div class='ocr_carea' id='block_1_110' title="bbox 1947 4401 3614 4476">
    <p class='ocr_par' dir='ltr' id='par_1_110' title="bbox 1947 4401 3614 4476">
     <span class='ocr_line' id='line_1_110' title="bbox 1947 4401 3614 4476; baseline -0.005 -12"><span class='ocrx_word' id='word_1_818' title='bbox 1947 4405 2103 4464; x_wconf 91' lang='lat' dir='ltr'><strong>ratio</strong></span> <span class='ocrx_word' id='word_1_819' title='bbox 2128 4403 2325 4460; x_wconf 90' lang='lat' dir='ltr'><strong>innuit</strong></span> <span class='ocrx_word' id='word_1_820' title='bbox 2353 4420 2367 4460; x_wconf 90' lang='lat'><strong>:</strong></span> <span class='ocrx_word' id='word_1_821' title='bbox 2394 4402 2762 4476; x_wconf 80' lang='lat' dir='ltr'><strong>promittitur</strong></span> <span class='ocrx_word' id='word_1_822' title='bbox 2788 4402 3015 4476; x_wconf 89' lang='lat' dir='ltr'><strong>quippe</strong></span> <span class='ocrx_word' id='word_1_823' title='bbox 3045 4402 3268 4459; x_wconf 84' lang='lat' dir='ltr'><strong>sanctis</strong></span> <span class='ocrx_word' id='word_1_824' title='bbox 3305 4401 3614 4473; x_wconf 90' lang='lat' dir='ltr'><strong>omnibus,</strong></span> 
     </span>
    </p>
   </div>
   <div class='ocr_carea' id='block_1_111' title="bbox 1951 4489 3618 4569">
    <p class='ocr_par' dir='ltr' id='par_1_111' title="bbox 1951 4489 3618 4569">
     <span class='ocr_line' id='line_1_111' title="bbox 1951 4489 3618 4569; baseline -0.004 -17"><span class='ocrx_word' id='word_1_825' title='bbox 1951 4494 2120 4569; x_wconf 92' lang='lat' dir='ltr'><strong>quod</strong></span> <span class='ocrx_word' id='word_1_826' title='bbox 2139 4492 2393 4552; x_wconf 82' lang='lat' dir='ltr'><strong>eruntin</strong></span> <span class='ocrx_word' id='word_1_827' title='bbox 2419 4491 2522 4549; x_wconf 90' lang='lat' dir='ltr'><strong>illa</strong></span> <span class='ocrx_word' id='word_1_828' title='bbox 2538 4491 2732 4549; x_wconf 73' lang='lat' dir='ltr'><strong>beatas</strong></span> <span class='ocrx_word' id='word_1_829' title='bbox 2751 4490 3200 4548; x_wconf 89' lang='lat' dir='ltr'><strong>resurrectionis</strong></span> <span class='ocrx_word' id='word_1_830' title='bbox 3217 4489 3407 4561; x_wconf 87' lang='lat' dir='ltr'><strong>gloria</strong></span> <span class='ocrx_word' id='word_1_831' title='bbox 3422 4505 3618 4562; x_wconf 58' lang='lat' dir='ltr'><strong>xqua-</strong></span> 
     </span>
    </p>
   </div>
   <div class='ocr_carea' id='block_1_112' title="bbox 1953 4577 3619 4655">
    <p class='ocr_par' dir='ltr' id='par_1_112' title="bbox 1953 4577 3619 4655">
     <span class='ocr_line' id='line_1_112' title="bbox 1953 4577 3619 4655; baseline -0.006 -13"><span class='ocrx_word' id='word_1_832' title='bbox 1953 4587 2036 4643; x_wconf 87' lang='lat' dir='ltr'><strong>les</strong></span> <span class='ocrx_word' id='word_1_833' title='bbox 2065 4584 2300 4655; x_wconf 83' lang='lat' dir='ltr'><strong>angelis</strong></span> <span class='ocrx_word' id='word_1_834' title='bbox 2326 4583 2440 4638; x_wconf 88' lang='lat' dir='ltr'><strong>Dei</strong></span> <span class='ocrx_word' id='word_1_835' title='bbox 2459 4581 2624 4653; x_wconf 85' lang='lat' dir='ltr'><strong>(Luc.</strong></span> <span class='ocrx_word' id='word_1_836' title='bbox 2645 4598 2747 4648; x_wconf 81' lang='lat' dir='ltr'><strong>xx,</strong></span> <span class='ocrx_word' id='word_1_837' title='bbox 2781 4581 2892 4651; x_wconf 87' lang='lat'><strong>36).</strong></span> <span class='ocrx_word' id='word_1_838' title='bbox 2929 4579 3090 4637; x_wconf 91' lang='lat' dir='ltr'><strong>Sicut</strong></span> <span class='ocrx_word' id='word_1_839' title='bbox 3116 4595 3259 4648; x_wconf 89' lang='lat' dir='ltr'><strong>ergo</strong></span> <span class='ocrx_word' id='word_1_840' title='bbox 3292 4577 3483 4634; x_wconf 89' lang='lat' dir='ltr'><strong>sancti</strong></span> <span class='ocrx_word' id='word_1_841' title='bbox 3513 4593 3619 4633; x_wconf 66' lang='lat' dir='ltr'><strong>an-</strong></span> 
     </span>
    </p>
   </div>
   <div class='ocr_carea' id='block_1_113' title="bbox 1950 4665 3616 4745">
    <p class='ocr_par' dir='ltr' id='par_1_113' title="bbox 1950 4665 3616 4745">
     <span class='ocr_line' id='line_1_113' title="bbox 1950 4665 3616 4745; baseline -0.006 -15"><span class='ocrx_word' id='word_1_842' title='bbox 1950 4673 2068 4745; x_wconf 89' lang='lat' dir='ltr'><strong>geli</strong></span> <span class='ocrx_word' id='word_1_843' title='bbox 2096 4688 2221 4730; x_wconf 90' lang='lat' dir='ltr'><strong>non</strong></span> <span class='ocrx_word' id='word_1_844' title='bbox 2263 4669 2494 4728; x_wconf 86' lang='lat' dir='ltr'><strong>habent</strong></span> <span class='ocrx_word' id='word_1_845' title='bbox 2537 4668 2928 4726; x_wconf 87' lang='lat' dir='ltr'><strong>beatitudinis</strong></span> <span class='ocrx_word' id='word_1_846' title='bbox 2959 4683 3085 4724; x_wconf 67' lang='lat' dir='ltr'><strong>suae</strong></span> <span class='ocrx_word' id='word_1_847' title='bbox 3115 4665 3372 4737; x_wconf 88' lang='lat' dir='ltr'><strong>gloriam</strong></span> <span class='ocrx_word' id='word_1_848' title='bbox 3395 4665 3459 4721; x_wconf 91' lang='lat' dir='ltr'><strong>in</strong></span> <span class='ocrx_word' id='word_1_849' title='bbox 3500 4665 3616 4721; x_wconf 90' lang='lat' dir='ltr'><strong>isto</strong></span> 
     </span>
    </p>
   </div>
   <div class='ocr_carea' id='block_1_114' title="bbox 1949 4755 3619 4835">
    <p class='ocr_par' dir='ltr' id='par_1_114' title="bbox 1949 4755 3619 4835">
     <span class='ocr_line' id='line_1_114' title="bbox 1949 4755 3619 4835; baseline -0.005 -15"><span class='ocrx_word' id='word_1_850' title='bbox 1949 4762 2098 4835; x_wconf 88' lang='lat' dir='ltr'><strong>igni,</strong></span> <span class='ocrx_word' id='word_1_851' title='bbox 2129 4761 2355 4835; x_wconf 90' lang='lat' dir='ltr'><strong>quippe</strong></span> <span class='ocrx_word' id='word_1_852' title='bbox 2397 4759 2504 4832; x_wconf 89' lang='lat' dir='ltr'><strong>qui</strong></span> <span class='ocrx_word' id='word_1_853' title='bbox 2544 4773 2939 4831; x_wconf 87' lang='lat' dir='ltr'><strong>nequaquam</strong></span> <span class='ocrx_word' id='word_1_854' title='bbox 2987 4773 3062 4813; x_wconf 83' lang='lat' dir='ltr'><strong>ex</strong></span> <span class='ocrx_word' id='word_1_855' title='bbox 3103 4755 3413 4812; x_wconf 90' lang='lat' dir='ltr'><strong>elementis</strong></span> <span class='ocrx_word' id='word_1_856' title='bbox 3455 4770 3619 4812; x_wconf 92' lang='lat' dir='ltr'><strong>com-</strong></span> 
     </span>
    </p>
   </div>
   <div class='ocr_carea' id='block_1_115' title="bbox 1949 4843 3615 4926">
    <p class='ocr_par' dir='ltr' id='par_1_115' title="bbox 1949 4843 3615 4926">
     <span class='ocr_line' id='line_1_115' title="bbox 1949 4843 3615 4926; baseline -0.005 -18"><span class='ocrx_word' id='word_1_857' title='bbox 1949 4851 2135 4926; x_wconf 89' lang='lat' dir='ltr'><strong>pacti,</strong></span> <span class='ocrx_word' id='word_1_858' title='bbox 2170 4850 2278 4906; x_wconf 91' lang='lat' dir='ltr'><strong>sed</strong></span> <span class='ocrx_word' id='word_1_859' title='bbox 2317 4864 2392 4904; x_wconf 83' lang='lat' dir='ltr'><strong>ex</strong></span> <span class='ocrx_word' id='word_1_860' title='bbox 2437 4847 2626 4904; x_wconf 89' lang='lat' dir='ltr'><strong>nihilo</strong></span> <span class='ocrx_word' id='word_1_861' title='bbox 2674 4846 2819 4903; x_wconf 91' lang='lat' dir='ltr'><strong>facti</strong></span> <span class='ocrx_word' id='word_1_862' title='bbox 2867 4845 3192 4902; x_wconf 89' lang='lat' dir='ltr'><strong>creduntur</strong></span> <span class='ocrx_word' id='word_1_863' title='bbox 3226 4861 3239 4899; x_wconf 90' lang='lat'><strong>:</strong></span> <span class='ocrx_word' id='word_1_864' title='bbox 3271 4843 3375 4900; x_wconf 89' lang='lat' dir='ltr'><strong>illa</strong></span> <span class='ocrx_word' id='word_1_865' title='bbox 3400 4843 3615 4915; x_wconf 89' lang='lat' dir='ltr'><strong>sancti,</strong></span> 
     </span>
    </p>
   </div>
   <div class='ocr_carea' id='block_1_116' title="bbox 1952 4935 3620 5014">
    <p class='ocr_par' dir='ltr' id='par_1_116' title="bbox 1952 4935 3620 5014">
     <span class='ocr_line' id='line_1_116' title="bbox 1952 4935 3620 5014; baseline -0.005 -16"><span class='ocrx_word' id='word_1_866' title='bbox 1952 4939 2233 5014; x_wconf 88' lang='lat' dir='ltr'><strong>quamvis</strong></span> <span class='ocrx_word' id='word_1_867' title='bbox 2288 4937 2555 4994; x_wconf 89' lang='lat' dir='ltr'><strong>habeant</strong></span> <span class='ocrx_word' id='word_1_868' title='bbox 2601 4935 2816 4992; x_wconf 88' lang='lat' dir='ltr'><strong>eadem</strong></span> <span class='ocrx_word' id='word_1_869' title='bbox 2860 4949 3137 5007; x_wconf 87' lang='lat' dir='ltr'><strong>corpora,</strong></span> <span class='ocrx_word' id='word_1_870' title='bbox 3163 4948 3300 5006; x_wconf 68' lang='lat' dir='ltr'><strong>qua:</strong></span> <span class='ocrx_word' id='word_1_871' title='bbox 3328 4949 3437 5006; x_wconf 90' lang='lat' dir='ltr'><strong>per</strong></span> <span class='ocrx_word' id='word_1_872' title='bbox 3460 4949 3620 4990; x_wconf 78' lang='lat' dir='ltr'><strong>mor-</strong></span> 
     </span>
    </p>
   </div>
   <div class='ocr_carea' id='block_1_117' title="bbox 1953 5023 3620 5098">
    <p class='ocr_par' dir='ltr' id='par_1_117' title="bbox 1953 5023 3620 5098">
     <span class='ocr_line' id='line_1_117' title="bbox 1953 5023 3620 5098; baseline -0.005 -10"><span class='ocrx_word' id='word_1_873' title='bbox 1953 5035 2075 5088; x_wconf 83' lang='lat' dir='ltr'><strong>tem</strong></span> <span class='ocrx_word' id='word_1_874' title='bbox 2119 5029 2356 5086; x_wconf 89' lang='lat' dir='ltr'><strong>fuerant</strong></span> <span class='ocrx_word' id='word_1_875' title='bbox 2393 5025 2680 5097; x_wconf 89' lang='lat' dir='ltr'><strong>resoluta,</strong></span> <span class='ocrx_word' id='word_1_876' title='bbox 2728 5024 2980 5098; x_wconf 89' lang='lat' dir='ltr'><strong>perenni</strong></span> <span class='ocrx_word' id='word_1_877' title='bbox 3024 5023 3454 5095; x_wconf 89' lang='lat' dir='ltr'><strong>gloriﬁcatione</strong></span> <span class='ocrx_word' id='word_1_878' title='bbox 3507 5025 3620 5080; x_wconf 89' lang='lat' dir='ltr'><strong>im-</strong></span> 
     </span>
    </p>
   </div>
   <div class='ocr_carea' id='block_1_118' title="bbox 1953 5112 3620 5192">
    <p class='ocr_par' dir='ltr' id='par_1_118' title="bbox 1953 5112 3620 5192">
     <span class='ocr_line' id='line_1_118' title="bbox 1953 5112 3620 5192; baseline -0.005 -14"><span class='ocrx_word' id='word_1_879' title='bbox 1953 5123 2209 5192; x_wconf 83' lang='lat' dir='ltr'><strong>mutata,</strong></span> <span class='ocrx_word' id='word_1_880' title='bbox 2238 5114 2596 5175; x_wconf 90' lang='lat' dir='ltr'><strong>nullomodo</strong></span> <span class='ocrx_word' id='word_1_881' title='bbox 2624 5119 2832 5171; x_wconf 88' lang='lat' dir='ltr'><strong>tamen</strong></span> <span class='ocrx_word' id='word_1_882' title='bbox 2875 5112 3264 5172; x_wconf 88' lang='lat' dir='ltr'><strong>beatitudinis</strong></span> <span class='ocrx_word' id='word_1_883' title='bbox 3301 5113 3620 5187; x_wconf 82' lang='lat' dir='ltr'><strong>praemium</strong></span> 
     </span>
    </p>
   </div>
   <div class='ocr_carea' id='block_1_119' title="bbox 1954 5201 3622 5280">
    <p class='ocr_par' dir='ltr' id='par_1_119' title="bbox 1954 5201 3622 5280">
     <span class='ocr_line' id='line_1_119' title="bbox 1954 5201 3622 5280; baseline -0.005 -14"><span class='ocrx_word' id='word_1_884' title='bbox 1954 5209 2017 5267; x_wconf 92' lang='lat' dir='ltr'><strong>in</strong></span> <span class='ocrx_word' id='word_1_885' title='bbox 2048 5209 2188 5280; x_wconf 91' lang='lat' dir='ltr'><strong>igne</strong></span> <span class='ocrx_word' id='word_1_886' title='bbox 2217 5205 2568 5280; x_wconf 90' lang='lat' dir='ltr'><strong>percipient,</strong></span> <span class='ocrx_word' id='word_1_887' title='bbox 2599 5204 2707 5261; x_wconf 92' lang='lat' dir='ltr'><strong>sed</strong></span> <span class='ocrx_word' id='word_1_888' title='bbox 2731 5203 2796 5260; x_wconf 92' lang='lat' dir='ltr'><strong>in</strong></span> <span class='ocrx_word' id='word_1_889' title='bbox 2843 5201 3351 5270; x_wconf 89' lang='lat' dir='ltr'><strong>contemplatione</strong></span> <span class='ocrx_word' id='word_1_890' title='bbox 3380 5216 3622 5274; x_wconf 90' lang='lat' dir='ltr'><strong>semper</strong></span> 
     </span>
    </p>
   </div>
   <div class='ocr_carea' id='block_1_120' title="bbox 1955 5291 3621 5368">
    <p class='ocr_par' dir='ltr' id='par_1_120' title="bbox 1955 5291 3621 5368">
     <span class='ocr_line' id='line_1_120' title="bbox 1955 5291 3621 5368; baseline -0.005 -12"><span class='ocrx_word' id='word_1_891' title='bbox 1955 5297 2211 5356; x_wconf 89' lang='lat' dir='ltr'><strong>viventis</strong></span> <span class='ocrx_word' id='word_1_892' title='bbox 2255 5295 2382 5368; x_wconf 90' lang='lat' dir='ltr'><strong>Dei,</strong></span> <span class='ocrx_word' id='word_1_893' title='bbox 2429 5295 2535 5368; x_wconf 89' lang='lat' dir='ltr'><strong>qui</strong></span> <span class='ocrx_word' id='word_1_894' title='bbox 2584 5292 2768 5350; x_wconf 91' lang='lat' dir='ltr'><strong>nullis</strong></span> <span class='ocrx_word' id='word_1_895' title='bbox 2826 5291 3262 5350; x_wconf 86' lang='lat' dir='ltr'><strong>elementorum</strong></span> <span class='ocrx_word' id='word_1_896' title='bbox 3324 5295 3621 5348; x_wconf 89' lang='lat' dir='ltr'><strong>creatura-</strong></span> 
     </span>
    </p>
   </div>
   <div class='ocr_carea' id='block_1_121' title="bbox 1955 5380 3621 5460">
    <p class='ocr_par' dir='ltr' id='par_1_121' title="bbox 1955 5380 3621 5460">
     <span class='ocr_line' id='line_1_121' title="bbox 1955 5380 3621 5460; baseline -0.007 -14"><span class='ocrx_word' id='word_1_897' title='bbox 1955 5401 2169 5447; x_wconf 90' lang='lat' dir='ltr'><strong>rumve</strong></span> <span class='ocrx_word' id='word_1_898' title='bbox 2197 5383 2606 5460; x_wconf 90' lang='lat' dir='ltr'><strong>quarumlibet</strong></span> <span class='ocrx_word' id='word_1_899' title='bbox 2639 5381 2851 5457; x_wconf 88' lang='lat' dir='ltr'><strong>spatiis</strong></span> <span class='ocrx_word' id='word_1_900' title='bbox 2891 5380 3436 5450; x_wconf 87' lang='lat' dir='ltr'><strong>circumscribitur;</strong></span> <span class='ocrx_word' id='word_1_901' title='bbox 3471 5380 3621 5453; x_wconf 91' lang='lat' dir='ltr'><strong>quin</strong></span> 
     </span>
    </p>
   </div>
   <div class='ocr_carea' id='block_1_122' title="bbox 1955 5469 3622 5553">
    <p class='ocr_par' dir='ltr' id='par_1_122' title="bbox 1955 5469 3622 5553">
     <span class='ocr_line' id='line_1_122' title="bbox 1955 5469 3622 5553; baseline -0.005 -18"><span class='ocrx_word' id='word_1_902' title='bbox 1955 5477 2156 5553; x_wconf 89' lang='lat' dir='ltr'><strong>potius</strong></span> <span class='ocrx_word' id='word_1_903' title='bbox 2199 5477 2417 5532; x_wconf 89' lang='lat' dir='ltr'><strong>cuncta</strong></span> <span class='ocrx_word' id='word_1_904' title='bbox 2461 5489 2586 5531; x_wconf 75' lang='lat' dir='ltr'><strong>suae</strong></span> <span class='ocrx_word' id='word_1_905' title='bbox 2633 5470 3086 5545; x_wconf 65' lang='lat' dir='ltr'><strong>omnipotentiae</strong></span> <span class='ocrx_word' id='word_1_906' title='bbox 3128 5471 3338 5527; x_wconf 77' lang='lat' dir='ltr'><strong>virtute</strong></span> <span class='ocrx_word' id='word_1_907' title='bbox 3369 5469 3622 5527; x_wconf 85' lang='lat' dir='ltr'><strong>circum-</strong></span> 
     </span>
    </p>
   </div>
   <div class='ocr_carea' id='block_1_123' title="bbox 1954 5561 3042 5641">
    <p class='ocr_par' dir='ltr' id='par_1_123' title="bbox 1954 5561 3042 5641">
     <span class='ocr_line' id='line_1_123' title="bbox 1954 5561 3042 5641; baseline -0.006 -18"><span class='ocrx_word' id='word_1_908' title='bbox 1954 5566 2226 5641; x_wconf 90' lang='lat' dir='ltr'><strong>plecitur,</strong></span> <span class='ocrx_word' id='word_1_909' title='bbox 2250 5564 2420 5636; x_wconf 85' lang='lat' dir='ltr'><strong>regit,</strong></span> <span class='ocrx_word' id='word_1_910' title='bbox 2447 5562 2656 5636; x_wconf 89' lang='lat' dir='ltr'><strong>implet</strong></span> <span class='ocrx_word' id='word_1_911' title='bbox 2685 5567 2742 5618; x_wconf 93' lang='lat' dir='ltr'><strong>ct</strong></span> <span class='ocrx_word' id='word_1_912' title='bbox 2761 5561 3042 5624; x_wconf 88' lang='lat' dir='ltr'><strong>continet,</strong></span> 
     </span>
    </p>
   </div>
   <div class='ocr_carea' id='block_1_124' title="bbox 2029 5649 3618 5727">
    <p class='ocr_par' dir='ltr' id='par_1_124' title="bbox 2029 5649 3618 5727">
     <span class='ocr_line' id='line_1_124' title="bbox 2029 5649 3618 5727; baseline -0.004 -14"><span class='ocrx_word' id='word_1_913' title='bbox 2029 5657 2180 5724; x_wconf 87' lang='lat' dir='ltr'><strong>Quia</strong></span> <span class='ocrx_word' id='word_1_914' title='bbox 2193 5655 2374 5726; x_wconf 90' lang='lat' dir='ltr'><strong>igitur</strong></span> <span class='ocrx_word' id='word_1_915' title='bbox 2387 5651 2912 5727; x_wconf 89' lang='lat' dir='ltr'><strong>quemadmodum</strong></span> <span class='ocrx_word' id='word_1_916' title='bbox 2923 5651 3055 5723; x_wconf 85' lang='lat' dir='ltr'><strong>jam</strong></span> <span class='ocrx_word' id='word_1_917' title='bbox 3076 5649 3492 5723; x_wconf 88' lang='lat' dir='ltr'><strong>probavimus,</strong></span> <span class='ocrx_word' id='word_1_918' title='bbox 3507 5650 3618 5707; x_wconf 52' lang='lat' dir='ltr'><strong>Do.</strong></span> 
     </span>
    </p>
   </div>
   <div class='ocr_carea' id='block_1_125' title="bbox 1955 5738 3618 5815">
    <p class='ocr_par' dir='ltr' id='par_1_125' title="bbox 1955 5738 3618 5815">
     <span class='ocr_line' id='line_1_125' title="bbox 1955 5738 3618 5815; baseline -0.006 -8"><span class='ocrx_word' id='word_1_919' title='bbox 1955 5746 2161 5807; x_wconf 89' lang='lat' dir='ltr'><strong>minus</strong></span> <span class='ocrx_word' id='word_1_920' title='bbox 2190 5747 2394 5805; x_wconf 88' lang='lat' dir='ltr'><strong>noster</strong></span> <span class='ocrx_word' id='word_1_921' title='bbox 2420 5744 2589 5802; x_wconf 75' lang='lat' dir='ltr'><strong>Iesus</strong></span> <span class='ocrx_word' id='word_1_922' title='bbox 2618 5739 2886 5801; x_wconf 81' lang='lat' dir='ltr'><strong>Christus</strong></span> <span class='ocrx_word' id='word_1_923' title='bbox 2933 5755 3184 5815; x_wconf 91' lang='lat' dir='ltr'><strong>corpore</strong></span> <span class='ocrx_word' id='word_1_924' title='bbox 3212 5738 3371 5797; x_wconf 88' lang='lat' dir='ltr'><strong>ultra</strong></span> <span class='ocrx_word' id='word_1_925' title='bbox 3403 5755 3618 5800; x_wconf 90' lang='lat' dir='ltr'><strong>omnes</strong></span> 
     </span>
    </p>
   </div>
   <div class='ocr_carea' id='block_1_126' title="bbox 3254 5832 3324 5886">
    <p class='ocr_par' dir='ltr' id='par_1_126' title="bbox 3254 5832 3324 5886">
     <span class='ocr_line' id='line_1_126' title="bbox 3254 5832 3324 5886; baseline 0 0"><span class='ocrx_word' id='word_1_926' title='bbox 3254 5832 3324 5886; x_wconf 75' lang='grc'><strong>42</strong></span> 
     </span>
    </p>
   </div>
  </div>
