3950 6364
168 249 309 305 1325

1149 248 1238 303 DE
1279 247 1976 305 PBIEDESTINATIONE
2024 252 2306 309 CONTRA
2343 256 2389 309 Ι.
2437 253 2739 310 SCOTUM.

3464 264 3598 318 1826

160 376 276 443 at),
299 372 372 427 de
404 385 527 443 qua
556 371 613 425 et
645 370 846 425 Daniel
884 371 1013 443 pari
1041 385 1185 426 voce
1216 373 1546 428 concordat
1571 373 1776 428 dicens
1812 390 1825 426 :
1862 374 1910 428 Α
1941 377 2219 432 novimus
2241 394 2381 434 eum
2409 378 2746 435 secundum
2763 389 3028 436 carnem.
3053 379 3220 438 Certe
3245 380 3309 436 in
3337 395 3600 440 resurre-

160 461 431 517 Plurimi
450 462 873 516 dormientium
904 463 976 517 de
999 470 1174 518 terrae
1197 466 1446 531 pulvere
1475 470 1744 531 surgent,
1769 463 1834 517 hi

161 553 226 607 in
260 554 445 607 vitam
469 558 775 614 aeternam,
807 556 864 606 et
895 550 960 606 hi
977 554 1037 607 in
1070 553 1424 622 opproln’um
1453 559 1507 607 el
1539 554 1834 622 confusio-

164 657 299 698 nem
340 647 625 696 aeternam
653 655 673 695 .'
725 640 798 694 El
833 642 1235 711 intelligenles
1275 642 1621 712 fulgebunt,
1678 643 1832 698 sicut

161 731 453 801 splendor
466 731 854 800 firmamenti,
886 735 943 785 et
967 730 1041 785 de
1065 732 1243 801 jUstis
1264 733 1444 786 multi
1469 733 1620 787 sicut
1643 733 1834 787 stellze

163 823 230 876 in
244 821 670 890 sempiternum
697 823 879 890 (Dan.
912 837 1010 887 xu,
1030 825 1084 886 2,
1116 823 1190 892 3).
1219 823 1416 893 Neque
1435 822 1597 876 enim
1617 822 1678 876 in
1709 822 1833 878 sole

164 916 226 966 et
249 910 414 979 luna,
447 911 835 965 firmamento
868 914 924 966 et
954 910 1138 966 stellis
1185 911 1563 966 circumcisio
1604 912 1834 984 aliquid

165 995 327 1051 valet
353 1001 458 1050 aut
486 995 888 1068 praeputium;
920 995 1023 1049 sed
1052 1000 1139 1051 cst
1196 1012 1358 1052 nova
1407 996 1670 1052 conditio
1704 997 1833 1052 sine

161 1084 257 1140 his
282 1085 555 1158 partibus
607 1099 953 1156 corporum,
1009 1099 1146 1157 quia
1197 1091 1453 1157 possunt
1504 1087 1713 1142 secari.
1750 1091 1834 1143 lta

165 1175 345 1245 igitur
360 1180 420 1231 et
437 1191 553 1231 nos
581 1175 687 1247 qui
706 1175 1013 1244 diligimus
1043 1177 1234 1231 Deum
1263 1181 1321 1232 et
1345 1181 1836 1250 prmparatasunt

164 1265 370 1336 nobis,
394 1280 528 1336 qua:
548 1280 654 1321 nec
682 1267 891 1321 omitus
934 1267 1105 1330 vidit,
1128 1282 1236 1322 nec
1265 1269 1433 1322 auris
1453 1267 1704 1335 audivit,
1725 1281 1834 1324 nec

163 1355 231 1410 in
257 1369 367 1410 cor
391 1354 648 1410 hominis
699 1354 1096 1409 ascenderunt
1127 1356 1180 1425 (Ι
1202 1355 1331 1410 Cor.
1366 1372 1428 1426 ιι,
1480 1357 1557 1426 9),
1589 1371 1729 1411 cum
1759 1356 1834 1410 dc

163 1458 420 1516 corpore
446 1442 799 1498 humilitatis
829 1443 1235 1500 transformati
1285 1445 1572 1500 fuerimus
1597 1445 1660 1500 in
1703 1461 1834 1501 cor—

163 1547 282 1606 pus
295 1531 502 1603 gloriae
520 1531 759 1588 Domini
772 1535 908 1588 Jesu
922 1533 1157 1589 Christi.
1173 1533 1322 1588 lllud
1335 1535 1698 1590 habebimus
1712 1551 1837 1590 cor-

163 1637 284 1696 pus
308 1622 474 1694 quod
525 1637 639 1678 nec
692 1622 933 1677 Iudaeus
993 1623 1182 1695 possit
1234 1623 1522 1692 incidere,
1553 1641 1665 1680 nec
1695 1641 1836 1680 cum

165 1714 468 1787 praeputio
494 1713 795 1769 custodire
825 1713 1091 1781 Gentilis,
1123 1730 1322 1788 neque
1353 1715 1520 1771 aliud
1550 1716 1678 1786 [al.,
1712 1731 1837 1772 non

163 1803 360 1876 quod}
382 1801 557 1874 juxta
575 1802 978 1859 substantiam
1001 1803 1098 1873 sit,
1125 1804 1230 1859 sed
1250 1817 1376 1876 quo
1391 1805 1566 1876 juxta
1585 1805 1839 1875 gloriam

169 1893 248 1948 sit
272 1891 633 1963 diversum.)

241 1982 468 2053 fidem
488 1982 552 2038 in
580 1981 959 2054 expositione
990 1984 1155 2038 Jonas
1179 1983 1512 2055 prophetae.
1539 1985 1633 2055 [Et
1651 1984 1842 2040 suble-

169 2073 337 2129 vabis
365 2071 852 2142 decor-raptione
899 2073 1086 2128 vitam
1130 2087 1342 2140 meam,
1385 2075 1638 2129 Domine
1682 2076 1841 2130 Deus

167 2177 335 2220 meus
365 2164 517 2234 (Ion.
542 2178 604 2233 ιι,
633 2163 705 2233 7).
735 2163 1128 2234 Septuaginta
1157 2163 1274 2218 :Et
1306 2163 1585 2220 ascendet
1613 2164 1687 2220 de
1714 2180 1842 2220 cor-

168 2254 458 2324 mplione
482 2254 609 2309 vita
636 2267 790 2323 mea,
828 2255 1079 2310 Domine
1106 2260 1256 2310 Deus
1283 2269 1465 2311 meus.
1519 2256 1842 2328 Propterea

169 2343 317 2400 dixit
341 2343 709 2411 sublevabis,
739 2343 833 2399 vel
857 2344 1144 2399 ascendet
1189 2344 1266 2399 de
1295 2345 1680 2417 corruptione
1717 2345 1842 2402 vita

167 2447 332 2503 mea,
364 2432 509 2506 quia
535 2431 615 2488 ad
645 2433 1091 2504 corruptionem
1123 2437 1180 2489 et
1210 2432 1291 2489 ad
1319 2433 1556 2490 inferna
1595 2435 1843 2490 descen-

166 2522 360 2578 derat.
387 2525 610 2578 Hoeest
627 2521 795 2595 quod
817 2523 1077 2595 apostoli
1105 2524 1573 2596 interpretantur
1601 2522 1842 2580 deoirno

165 2613 386 2686 quinto
409 2612 651 2685 psalmo
679 2627 750 2667 ex
804 2628 1066 2684 persona
1099 2611 1332 2668 Domini
1362 2614 1794 2686 prophetatum
1821 2631 1837 2670 :

169 2703 468 2770 Quoniam
489 2717 611 2758 non
638 2702 1016 2773 derelinques
1038 2704 1304 2759 animam
1332 2718 1523 2760 meam
1545 2706 1610 2760 in
1651 2706 1845 2774 infer-

165 2807 273 2862 no,
301 2805 412 2847 nec
428 2793 602 2848 dabis
623 2795 900 2848 sanctum
945 2798 1113 2848 tuum
1142 2794 1344 2849 videre
1369 2794 1840 2864 corruptionem,

165 2880 342 2954 quod
372 2881 561 2936 David
613 2880 852 2948 scilicet,
885 2885 943 2936 et
980 2887 1259 2937 mortuus
1315 2882 1389 2937 sit
1439 2887 1495 2938 et
1527 2883 1836 2954 sepultus:

165 2969 497 3027 Salvatoris
527 2973 731 3025 autem
761 2984 1048 3026 carouon
1080 2972 1238 3026 videt
1266 2972 1398 3041 [al.,
1424 2971 1678 3042 videbit}
1708 2989 1840 3029 cor-

166 3061 540 3134 ruptionem.
571 3059 844 3152 Aliivcro
867 3060 1352 3131 interpretantur,
1385 3062 1553 3152 quod
1577 3062 1656 3117 ad
1683 3077 1849 3119 comv
1871 3092 1918 3152 ο

168 3149 560 3225 perationem
588 3147 849 3203 coalestis
874 3149 1267 3204 beatitudinis
1300 3154 1364 3205 et
1385 3150 1555 3205 verbi
1582 3152 1686 3206 Dei
1725 3152 1842 3209 hu-

171 3253 434 3298 manum
465 3252 686 3310 corpus
733 3238 1036 3310 corruptio
1084 3239 1183 3309 sit,
1221 3239 1387 3312 quod
1416 3240 1750 3297 seminatur
1779 3241 1847 3298 in

175 3329 587 3402 corruptione,
635 3333 693 3384 et
737 3328 796 3384 in
843 3328 1168 3384 centesimo
1203 3330 1474 3386 secundo
1499 3332 1741 3402 psalmo
1768 3346 1844 3388 ex

170 3435 440 3494 persona
465 3418 610 3490 justi
641 3417 1048 3488 signiﬁcetur:
1085 3420 1200 3486 Qui
1228 3426 1407 3477 sanat
1436 3434 1640 3478 omnes
1675 3424 1849 3492 inﬁr-

170 3513 411 3567 mitates
444 3514 598 3576 tuas,
627 3509 733 3580 qui
761 3509 1010 3564 redemit
1027 3523 1102 3565 ex
1120 3506 1241 3580 [al.,
1266 3509 1365 3580 de)
1388 3511 1638 3568 interitu
1657 3513 1841 3569 vitam

174 3606 361 3656 tuam.
421 3597 592 3654 Unde
636 3602 693 3653 et
743 3598 1069 3670 Apostolus
1089 3598 1271 3655 dicit:
1299 3600 1481 3656 Miser
1509 3616 1618 3671 ego
1644 3602 1842 3668 homo,

171 3690 311 3762 quis
332 3703 427 3744 me
465 3687 744 3743 liberabit
767 3688 844 3743 ile
860 3701 1110 3757 corpore
1130 3690 1338 3744 mortis
1369 3689 1552 3759 hujus
1579 3691 1610 3746 ?
1652 3690 1842 3762 (Rom.—

171 3794 276 3848 vn,
299 3780 414 3848 24),
439 3780 498 3833 et
525 3776 864 3850 appelletur
880 3792 1098 3847 corpus
1126 3779 1334 3834 mortis
1359 3779 1451 3834 vel
1480 3795 1700 3851 corpus
1728 3783 1846 3838 hu-

173 3869 474 3925 militatis.
497 3870 618 3923 Hoc
646 3866 727 3922 illi
758 3867 837 3922 ad
868 3854 1255 3924 occasionem
1276 3883 1398 3924 sua:
1419 3869 1643 3927 ducant
1657 3872 1848 3928 haere-

176 3973 333 4025 seos,
368 3961 434 4013 ut
459 3957 573 4012 sub
593 3971 855 4030 persona
904 3957 1115 4014 Christi
1169 3959 1501 4014 mentiatur
1551 3962 1851 4018 Antichri-

177 4052 362 4114 stum,
387 4046 678 4102 Ecclesiae
701 4051 961 4114 teneant,
995 4051 1062 4104 ut
1081 4050 1351 4103 ventrem
1372 4048 1842 4120 pinguissimum

171 4134 464 4204 nutriant,
489 4138 547 4191 et
562 4135 882 4191 carnaliter
901 4135 1194 4198 viventes,
1209 4139 1420 4192 contra
1444 4149 1692 4192 carnem
1719 4137 1850 4192 dis-

173 4227 420 4298 putent:
452 4237 574 4279 nos
600 4228 806 4279 autem
831 4223 1057 4278 scimus
1083 4223 1158 4278 de
1205 4225 1556 4296 incorrupta
1613 4225 1850 4295 virgine

172 4328 397 4387 corpus
413 4318 799 4386 assumptum
818 4326 942 4370 non
963 4314 1412 4385 corruptionem
1431 4315 1642 4371 Christi
1660 4314 1849 4371 fuisse

175 4404 287 4460 sed
332 4403 648 4476 templum.
707 4404 879 4469 Quod
935 4404 1073 4459 siin
1104 4405 1371 4476 Apostoli
1401 4404 1480 4460 ad
1505 4405 1844 4462 Corinthios

172 4494 238 4566 (Ι
252 4493 390 4552 Cor.
421 4508 519 4558 xv,
545 4494 646 4564 44)
667 4494 1029 4550 sententiam
1045 4494 1360 4564 trahimur,
1394 4494 1455 4549 in
1476 4509 1599 4568 qua
1621 4510 1842 4568 corpus

174 4583 395 4640 dicitur
425 4583 809 4656 spiritale,ne
821 4583 1178 4640 contentiosi
1207 4585 1537 4655 videamur,
1571 4586 1849 4642 dicemus

170 4672 376 4747 ipsum
407 4672 655 4745 quidem
679 4688 904 4746 corpus
927 4673 1211 4730 eteadem
1243 4689 1488 4730 carnem
1512 4690 1844 4752 resurgere,

175 4778 313 4837 quae
348 4763 584 4834 sepulta
604 4767 710 4825 est,
744 4777 882 4835 quas
927 4763 988 4817 in
1035 4764 1226 4819 humo
1283 4764 1525 4821 condita
1577 4771 1683 4836 est,
1743 4763 1850 4822 sed

175 4855 416 4908 mutare
445 4854 748 4908 naturam.
786 4851 1040 4920 Oportet
1074 4853 1231 4908 enim
1290 4855 1708 4924 corruptivum
1739 4855 1852 4911 hoc

177 4941 432 4998 induere
460 4942 994 5012 incorruptionem,
1028 4947 1084 4997 et
1113 4945 1374 4998 mortale
1428 4943 1544 4999 hoc
1596 4945 1854 5001 induere

174 5031 716 5098 immortalitatem,
767 5030 1016 5103 quando
1070 5030 1287 5086 dicitur
1369 5031 1505 5095 hoc,
1557 5032 1864 5105 quatiamo

177 5117 370 5175 modo
420 5118 664 5175 duobus
739 5119 1005 5189 digitulis
1062 5120 1577 5192 comprehensum
1630 5133 1860 5195 corpus

177 5208 536 5278 ostendiiur,
593 5209 710 5265 hoc
753 5209 815 5264 in
862 5223 984 5282 quo
1036 5211 1369 5276 nascimur,
1429 5210 1550 5267 hoc
1590 5210 1652 5266 in
1701 5223 1860 5284 quoe

173 5298 495 5369 morimur,
519 5298 636 5355 hoc
653 5299 820 5371 quod
866 5301 1076 5356 timent
1091 5301 1376 5373 recipere,
1429 5299 1534 5374 qui
1560 5301 1862 5374 puniendi

178 5391 342 5455 sunt,
372 5388 491 5445 hoc
515 5388 684 5462 quod
711 5388 1024 5459 virginitas
1067 5395 1378 5463 exspectat
1419 5391 1862 5465 adpraemium;

180 5478 547 5537 adulterium
578 5478 863 5535 formidat-
893 5479 971 5535 ad
994 5477 1282 5552 pinnam.)

252 5569 290 5637 τ-
319 5568 493 5625 Idem
521 5569 588 5624 in
630 5569 783 5624 libro
834 5574 1042 5626 contra
1098 5570 1484 5629 Iovini-auum
1517 5576 1538 5626 Ι
1571 5589 1592 5628 :'
1619 5573 1753 5643 [‘Qrui
1794 5573 1863 5629 iul

181 5659 490 5716 Christum
515 5659 820 5715 credimus
849 5659 1065 5716 Christi
1092 5665 1402 5717 sectamur
1441 5663 1721 5736 exempla
1749 5664 1866 5720 etsi

186 5763 562 5808 noveramus
577 5749 748 5806 illum
775 5750 948 5820 juxta
970 5757 1235 5819 carnem;
1268 5753 1378 5809 sed
1393 5754 1525 5824 jam
1551 5765 1868 5817 amne.

1939 465 2132 521 ctione
2155 467 2367 523 eadem
2389 469 2498 524 erit
2527 483 2854 541 corporum
2897 467 3261 538 substantia,
3289 486 3415 543 qua
3439 487 3602 530 nunc

1938 554 2180 624 utimur,
2211 556 2349 614 licet
2403 558 2634 614 auctior
2663 558 2853 628 gloria
2883 573 2898 616 :
2929 575 3077 616 nam
3101 563 3158 617 et
3200 559 3472 618 Salvator
3517 561 3609 618 in-

1937 640 2400 719 tantiim'ipsum
2421 663 2640 720 corpus
2671 648 2882 706 habuit
2909 653 3049 721 post
3094 648 3336 718 inferos,
3370 649 3433 706 in
3479 667 3604 724 quo

1937 737 1994 789 et
2015 735 2334 792 cruciﬁxus
2359 741 2468 804 est,
2508 739 2580 795 Ut
2612 754 2826 796 manus
2854 741 3205 809 per/oratus
3219 741 3478 798 claviset
3512 742 3604 800 la-

1940 825 2080 882 teris
2104 830 2320 884 vulnus
2351 831 2684 887 ostenderet
2716 831 2940 901 (Joan.,
2971 847 3072 899 xx,
3097 835 3169 888 20
3200 835 3256 888 et
3276 832 3389 904 27).
3425 835 3606 892 Porro

1941 915 1994 970 si
2019 918 2239 972 clausis
2271 919 2572 989 ingressus
2612 925 2696 976 est
2745 922 2911 976 ostiis
2963 921 3164 992 (Ibid.,
3200 921 3267 976 l3
3292 922 3411 994 26),
3442 922 3611 994 quod

1940 1005 2353 1062 humanorum
2397 1024 2722 1081 corporum
2749 1014 2968 1066 natura
2997 1025 3120 1066 non
3152 1010 3413 1083 patitur;
3464 1026 3608 1082 ergo

1940 1095 1998 1149 et
2016 1095 2264 1151 Petrum
2297 1101 2354 1153 et
2378 1099 2700 1155 Dominum
2728 1099 3090 1170 negabimus
3131 1115 3275 1158 vera
3319 1099 3612 1158 habuisse

1939 1198 2196 1256 corpora
2231 1187 2337 1257 qui
2368 1188 2833 1244 ambulaverunt
2878 1204 3060 1258 super
3119 1201 3308 1262 aquas
3367 1190 3610 1258 (Matth.

1939 1287 2060 1339 xw,
2094 1279 2161 1328 23
2193 1280 2246 1330 et
2276 1276 2390 1346 '29),
2419 1275 2588 1347 quod
2614 1281 2823 1334 contra
2851 1280 3135 1334 naturam
3173 1282 3281 1335 est.
3314 1279 3386 1334 In
3415 1294 3614 1336 resur-

1941 1365 2203 1420 rectione
2231 1367 2604 1422 mortuorum
2643 1382 2761 1422 non
2791 1367 3038 1435 nubent,
3078 1383 3268 1440 neque
3305 1369 3615 1426 nubentur

1941 1453 2043 1507 sed
2069 1455 2292 1511 similes
2314 1461 2492 1511 erunt
2519 1458 2753 1527 angelis
2781 1459 2950 1528 (Luc.
2994 1474 3096 1529 xv,
3153 1463 3243 1528 35,
3272 1458 3384 1531 36),
3437 1457 3615 1531 quod

1944 1542 2043 1597 alii
2095 1547 2309 1616 postea
2346 1545 2411 1600 in
2469 1546 2636 1601 caelis
2692 1546 2876 1602 futuri
2927 1550 3086 1610 sunt,
3118 1546 3238 1602 hoc
3261 1547 3524 1618 virgines
3548 1548 3614 1604 in

1944 1636 2103 1689 terra
2122 1648 2255 1690 esse
2281 1641 2614 1708 creperum.
2633 1637 2690 1692 Si
2708 1636 3068 1706 angelorum
3089 1636 3265 1694 nobis
3283 1637 3614 1694 similitudo

1867 1732 1912 1791 υ
1944 1723 2330 1795 promittitur,
2361 1725 2516 1780 inter
2544 1726 2796 1796 angelos
2825 1731 3172 1784 autemnon
3199 1731 3290 1784 est
3320 1741 3500 1784 sexus
3529 1727 3616 1782 di-

1945 1813 2218 1884 versitas,
2252 1815 2505 1871 autsine
2559 1831 2708 1872 sexu
2747 1818 2994 1887 erimus,
3027 1816 3198 1890 quod
3248 1817 3449 1888 angeli
3478 1821 3619 1874 sunt

1949 1906 2053 1958 aut
2073 1907 2231 1960 certe
2272 1905 2440 1976 quod
2467 1904 2698 1978 liquido
2728 1906 3180 1979 comprobatur,
3235 1909 3617 1977 resurgentes

1947 1992 2007 2047 in
2033 1993 2280 2066 proprio
2307 2009 2471 2057 sexu,
2508 2009 2689 2051 sexus
2727 2011 2854 2052 non
2877 1995 3202 2067 fungamur
3232 1995 3480 2067 ofﬁcio.)

2019 2122 2061 2190 -ξ-
2090 2115 2462 2190 Augustinus
2502 2121 2565 2178 in
2592 2119 2746 2179 libro
2777 2121 3139 2182 Enchridion
3157 2117 3294 2198 (cap
3320 2119 3441 2199 88):
3465 2122 3616 2196 [Non

1948 2210 2111 2266 cnim
2137 2210 2289 2284 perit
2307 2212 2426 2268 Deo
2449 2213 2684 2271 terrena
2705 2208 3094 2282 materies,de
3125 2225 3248 2288 qua
3268 2207 3617 2272 mortalium

1947 2303 2185 2357 creatur
2241 2319 2381 2358 caro
2416 2320 2428 2358 :
2467 2301 2575 2358 sed
2607 2303 2667 2358 in
2699 2299 3033 2377 quemlibet
3088 2301 3402 2378 pulverem
3446 2305 3607 2364 cine-

1945 2407 2145 2447 remve
2177 2392 2461 2464 solvatur,
2489 2389 2552 2448 in
2582 2391 2881 2467 quoslibet
2910 2393 3133 2451 halitus
3156 2406 3458 2470 aurasque
3509 2393 3620 2454 dif-

1946 2480 2153 2551 fugiat,
2177 2482 2238 2538 in
2259 2499 2444 2556 quam
2463 2500 2702 2558 cunque
2720 2484 2979 2542 aliorum
2997 2501 3322 2560 corporum
3340 2485 3621 2545 substan-

1947 2569 2093 2627 tiam
2123 2571 2218 2628 vel
2247 2568 2309 2628 in
2339 2570 2474 2646 ipsa
2503 2573 2799 2631 elementa
2812 2577 3097 2646 vertatur,
3115 2571 3176 2630 in
3203 2587 3616 2648 quorumcun-

1949 2677 2065 2734 que
2097 2657 2452 2718 animalium
2484 2663 2662 2719 etiam
2686 2660 3006 2720 hominum
3036 2659 3242 2721 cibum
3275 2659 3449 2722 cedat
3482 2677 3618 2722 car-

1948 2766 2209 2823 nemque
2239 2755 2524 2820 mutetur,
2548 2747 2630 2807 illi
2654 2752 2872 2809 animae
2898 2751 3185 2810 humanae
3209 2753 3436 2828 puncto
3466 2757 3618 2812 tem-

1949 2838 2112 2911 poris
2138 2837 2289 2895 redit
2339 2839 2468 2911 [al.,
2514 2837 2752 2913 reddit],
2809 2855 2945 2916 quae
2994 2841 3161 2899 illam
3209 2837 3511 2916 primitus,
3556 2840 3626 2902 ut

1950 2928 2134 2984 homo
2162 2928 2347 2998 ﬁeret,
2373 2933 2688 3001 cresceret,
2712 2929 2953 3005 viveret,
2987 2927 3328 3006 animavit.)

2024 3055 2060 3120 ’r
2085 3057 2152 3110 Et
2180 3058 2321 3127 post
2343 3053 2550 3128 aliqua
2578 3056 2782 3127 (Ibat,
2816 3071 2951 3128 cap.
2985 3058 3117 3128 9i):
3151 3061 3486 3128 Resurgent
3512 3059 3622 3130 igio

1952 3147 2048 3200 tur
2076 3149 2428 3201 sanctorum
2455 3159 2712 3216 corpora
2739 3144 2868 3201 sine
2886 3143 3013 3202 ullo
3034 3145 3202 3214 vitio,
3220 3146 3351 3202 sine
3377 3147 3502 3204 ulla
3521 3147 3628 3204 des

1950 3233 2275 3302 formitate,
2306 3234 2462 3292 sicut
2484 3234 2615 3291 sine
2636 3234 2761 3292 ulla
2789 3235 3195 3308 corruptione,
3227 3251 3430 3302 onere,
3453 3236 3618 3294 (1ὶῶ-

1953 3323 2189 3391 cnltate,
2231 3323 2295 3379 in
2326 3323 2550 3396 quibus
2573 3327 2741 3381 tanta
2789 3323 3066 3393 facilitas,
3097 3328 3328 3398 quanta
3368 3325 3629 3384 felicitas

1953 3413 2080 3470 erit.
2117 3415 2364 3486 Propter
2389 3413 2556 3486 quod
2583 3418 2640 3469 et
2665 3413 2945 3486 spiritalia
2969 3414 3129 3472 dicta
3151 3418 3315 3483 sunt,
3329 3431 3469 3472 cum
3484 3429 3629 3489 pro.

1954 3503 2051 3560 cui
2085 3503 2278 3560 dubio
2331 3515 2588 3575 corpora
2619 3503 2744 3561 sint
2787 3503 3014 3575 futura,
3039 3519 3168 3562 non
3193 3505 3462 3578 spiritus.-
3509 3505 3634 3564 Sed

1958 3593 2113 3650 sicut
2157 3609 2322 3649 nunc
2376 3609 2597 3666 corpus
2646 3592 2911 3650 animale
2945 3593 3182 3662 dicitur,
3211 3595 3380 3668 quod
3422 3599 3632 3654 tamen

1957 3699 2204 3757 corpus,
2242 3687 2444 3741 tamen
2477 3695 2604 3740 non
2635 3683 2841 3742 anima
2862 3688 2978 3756 est,
3022 3685 3106 3742 ita
3153 3700 3320 3741 nunc
3362 3684 3630 3758 spiritale

1957 3788 2182 3848 corpus
2242 3775 2380 3831 erit:
2453 3786 2680 3848 corpus
2741 3779 2972 3842 tamen,
3023 3788 3154 3832 non
3195 3773 3438 3847 spiritus
3493 3775 3632 3833 erit.

1952 3862 2214 3918 Proinde
2233 3867 2536 3935 quantum
2591 3864 2800 3920 attinet
2856 3863 2940 3921 ad
2985 3863 3456 3936 corruptionem,
3487 3877 3631 3937 qua

1952 3965 2114 4006 nunc
2140 3955 2438 4022 aggravat
2462 3951 2736 4010 animam.
2789 3951 2962 4023 (Sap.
3007 3967 3093 4024 ut,
3113 3953 3208 4023 15)
3229 3958 3286 4008 et
3347 3952 3427 4010 ad
3455 3953 3629 4021 vain,

1953 4040 2176 4112 quibus
2198 4056 2340 4096 caro
2369 4041 2662 4098 adversus
2676 4041 2963 4111 spiritum
2975 4042 3345 4111 concupiscit
3362 4041 3526 4098 tGal.
3557 4056 3628 4114 ν,

1958 4130 2067 4201 l7),
2091 4134 2234 4186 tunc
2261 4146 2387 4188 non
2419 4130 2527 4188 erit
2557 4147 2720 4200 caro,
2750 4131 2860 4188 sed
2884 4132 3297 4205 e0rpus,quia
3323 4135 3380 4189 et
3409 4131 3628 4190 cales-

1953 4219 2310 4293 tiacorpora
2334 4221 2750 4294 perhibentur,
2777 4226 3022 4295 propter
3037 4221 3205 4295 quod
3234 4221 3463 4279 dictum
3496 4226 3624 4281 est:-

1955 4310 2120 4366 Caro
2139 4315 2196 4366 et
2215 4312 2464 4382 sanguis
2517 4327 2774 4383 regnum
2823 4313 2936 4368 Dei
2960 4327 3082 4370 non
3124 4313 3531 4383 possidebunt»,
3565 4315 3633 4371 et;

1959 4404 2250 4473 tanquam
2266 4416 2574 4473 exponens
2607 4401 2758 4475 quid
2776 4402 2991 4458 dixerit
3016 4420 3028 4459 :
3048 4403 3256 4474 Neque
3287 4405 3626 4474 corruptio,

1956 4489 2180 4564 inquit,
2206 4493 2721 4562 incorruptionem
2731 4493 3064 4563 possidebit
3089 4493 3148 4562 (Ι
3189 4494 3329 4550 Cor.
3375 4507 3481 4561 xv,
3506 4495 3627 4564 se).

1959 4581 2133 4648 Quod
2153 4580 2320 4653 prius
2350 4581 2533 4637 dixit:
2583 4583 2745 4638 Caro
2767 4587 2824 4638 et
2864 4582 3118 4652 sanguis
3142 4581 3262 4637 hoc
3301 4581 3633 4653 posterius-

1958 4670 2106 4726 elixit
2118 4675 2366 4739 con’upt
2375 4671 2450 4740 io,
2465 4674 2526 4725 et
2539 4670 2703 4741 quod
2716 4669 2884 4742 prius
2897 4685 3151 4740 regnum
3162 4671 3296 4737 Dei,
3312 4665 3432 4726 hoc
3449 4673 3628 4742 posto

1959 4761 2091 4818 rius
2145 4761 2680 4830 incorruptionem.
2719 4761 3032 4825 Quantum
3060 4763 3263 4816 autem
3307 4759 3525 4817 attinet.
3544 4760 3632 4817 ad

1961 4849 2388 4916 substantiam,
2419 4848 2605 4905 etiam
2633 4853 2776 4906 tunc
2801 4863 2948 4905 caro-
2969 4849 3098 4905 erit.
3122 4851 3366 4921 PrOpter
3389 4848 3556 4921 quod
3574 4852 3636 4907 ei

1962 4943 2099 5014 post
2129 4938 2626 4996 resurrectionem
2659 4953 2878 5011 corpus
2911 4938 3124 4994 Christi
3157 4953 3305 4995 caro
3325 4938 3634 5012 appellata

1966 5029 2101 5102 ML,
2126 5027 2519 5101 appellatum]
2549 5030 2640 5083 est
2667 5028 2836 5098 (Luc.
2868 5043 3030 5095 Πίον,
3068 5031 3180 5095 39).
3211 5028 3324 5086 Sed
3363 5027 3500 5084 ideo
3553 5029 3644 5085 ait

1966 5120 2290 5194 Apostolus
2314 5119 2694 5176 :Seminatur
2709 5131 2928 5188 corpus
2956 5121 3243 5187 animate,
3275 5125 3479 5190 surget
3504 5119 3638 5190 [alni

1971 5212 2258 5282 resurget]
2289 5224 2505 5280 corpus
2536 5210 2813 5278 spiritale
2836 5210 2886 5281 (Ι
2914 5210 3055 5268 Cor.
3084 5207 3644 5282 xv,&4),-quoniam

1968 5306 2144 5360 tanta
2165 5300 2282 5357 erit
2304 5304 2452 5357 tunc
2477 5298 2802 5356 concordia
2826 5300 3027 5356 carnis
3055 5304 3120 5356 et.
3159 5299 3420 5372 spiritus,
3444 5296 3643 5354 viviﬁo

1970 5395 2148 5450 caute
2165 5390 2408 5463 spiritu,
2420 5389 2550 5445 sine
2568 5387 2980 5445 sustentaculo
3004 5388 3262 5459 alicuius
3288 5385 3648 5457 indigentis

1971 5483 2103 5554 [al.,
2134 5479 2524 5536 sustentaculi:
2544 5477 2909 5547 indigentia]
2935 5477 3246 5533 subditam
3272 5491 3538 5543 carnem,
3578 5482 3648 5533 ac

1968 5572 2118 5627 nihil.
2132 5569 2307 5626 nobis
2324 5571 2620 5642 repugnet
2641 5583 2715 5623 ex
2729 5567 2928 5638 nobis,
2945 5567 3056 5623 sed.
3093 5567 3246 5624 sicut
3274 5565 3417 5623 foris
3448 5565 3645 5622 nemi-

1972 5675 2114 5720 nem
2144 5678 2260 5718 nec
2288 5661 2376 5718 ita
2395 5659 2558 5716 int-us
2586 5673 2698 5715 nos
2726 5658 2896 5731 ipsos
2924 5657 3230 5731 patiamur
3253 5655 3555 5714 inimicos.

2045 5757 2086 5823 ἦ*
2112 5751 2428 5824 Gregorius
2464 5750 2530 5808 in
2568 5749 2767 5807 literal.
2813 5748 2916 5809 lib.
2971 5766 3102 5824 xiv,
3126 5765 3186 5806 es
3208 5751 3323 5807 38:
3344 5746 3656 5820 {Sodoma
