3950 6434
124 34 2439 99 Ἣ

373 347 511 403 i327
1435 340 1494 397 S.
1531 335 1916 396 PRUDENTII
1952 331 2341 394 TRECENSIS
2383 339 2724 400 EPISCOPI.
3660 350 3791 407 £328

365 468 867 526 resurrectionem
892 465 1096 536 audio,
1127 464 1406 521 effectum
1428 467 1630 521 tamen
1647 462 1922 536 ejusdem
1945 475 2032 516 re—
2057 460 2106 514 Α
2136 475 2280 518 caro
2300 463 2542 532 factum
2575 471 2682 534 est,
2717 472 2772 524 et
2804 465 3104 524 habitavit
3133 468 3198 523 in
3247 467 3419 524 nobis
3447 467 3649 540 (Joan.
3679 475 3786 546 li);

366 558 751 614 surrectionis
769 555 1053 628 exquiro:
1098 553 1279 610 credo
1334 569 1602 626 namque
1628 552 1773 625 quia
1827 565 2022 606 resur-
2133 565 2274 607 caro
2295 567 2438 609 vero
2463 555 2638 626 juxta
2667 556 2932 628 culpam,
2967 555 3119 612 sicut
3148 555 3438 629 scriptum
3489 563 3578 616 est
3611 577 3624 615 :
3653 563 3783 619 Non

359 652 631 704 recturus
657 663 812 717 sum,
844 644 952 701 sed
970 643 1126 707 volo,
1173 646 1239 699 ut
1266 643 1515 700 audiam
1561 642 1778 716 qualis,
1835 639 2022 696 scien-
2127 643 2509 708 parmanebit
2535 645 2599 702 in
2631 645 2971 702 hominibus
3024 646 3153 702 istis
3209 648 3472 716 Spiritus
3517 665 3698 722 meus,
3719 669 3779 710 eo

362 737 512 794 dum
540 736 765 809 quippe
791 733 941 790 mihi
956 737 1066 803 est,
1096 736 1302 789 utrum
1327 732 1389 788 in
1411 731 1684 805 quodam
1731 729 1848 787 alio
1875 728 2020 784 sub-
2127 730 2288 798 quod
2315 739 2456 789 sunt
2483 748 2625 791 caro
2648 734 2816 807 (Gen.
2853 751 2932 806 v1,
2956 735 3008 806 3)
3040 753 3054 805 ;
3087 739 3144 792 et
3173 735 3324 792 sicut
3342 737 3656 796 Psalmista
3683 741 3772 798 ait:

358 826 463 894 tili,
487 826 738 882 fortasse
758 823 854 880 vel
882 838 1078 887 aereo,
1103 837 1184 879 an
1203 821 1266 878 in
1292 838 1364 879 eo
1394 837 1517 894 quo
1530 820 1754 877 moriar
1769 832 2019 892 corpore
2125 818 2496 879 Memorat-us
2527 830 2610 880 est
2644 826 2788 895 quia
2840 840 2982 882 caro
3012 830 3176 894 sunt,
3207 827 3460 896 spiritus
3493 829 3710 886 vadens
3728 837 3778 888 et

351 912 876 984 resurgam.Quod
888 911 1014 967 siin
1032 927 1208 968 aereo
1233 926 1483 983 corpore
1495 923 1873 966 resurrexero
1886 908 2019 977 jam
2124 923 2245 965 non
2262 911 2498 968 rediens
2543 913 2735 983 (Psal.
2766 929 2984 982 Lxxvu,
3017 914 3128 986 39);
3161 914 3324 970 unde
3373 919 3431 972 et
3478 915 3781 992 discipulis

353 1017 467 1072 ego
488 1017 612 1058 non
639 1017 764 1066 ero,
789 1001 898 1074 qui
922 1016 1211 1072 resurgo:
1245 1015 1392 1057 nam
1418 999 1732 1072 quomodo
1760 1001 1848 1054 est
1875 1012 2020 1054 vera
2126 998 2344 1054 Paulus
2373 999 2612 1057 dicebat
2639 1017 2652 1056 :
2687 1002 2796 1058 Vos
2817 1008 3016 1059 autem
3047 1005 3108 1058 in
3138 1019 3323 1060 carne
3349 1020 3469 1060 non
3499 1008 3637 1062 estis
3681 1007 3781 1064 sed

349 1090 726 1158 resurrectio,
757 1090 807 1146 si
833 1106 979 1147 vera
1008 1105 1143 1146 esse
1175 1105 1300 1146 non
1325 1088 1540 1164 poterit
1565 1104 1705 1145 caro
1732 1086 1759 1140 ?
1800 1090 2019 1160 Aperta
2125 1086 2189 1142 in
2213 1089 2434 1157 spiritu
2468 1091 2653 1161 (Rom.
2678 1106 2796 1158 vlu,
2825 1094 2901 1160 9):
2936 1106 3132 1164 neque
3165 1092 3327 1149 enim
3365 1092 3429 1149 in
3450 1109 3629 1151 carne
3656 1111 3778 1152 non

349 1196 493 1251 ergo
521 1180 675 1238 ratio
706 1180 993 1252 suggerit,
1026 1180 1175 1253 quia
1230 1180 1280 1236 si
1307 1195 1449 1236 vera
1493 1194 1633 1236 caro
1663 1193 1788 1234 non
1817 1177 2014 1246 fuerit,

344 1269 560 1343 procul
579 1270 767 1327 dubio
784 1269 1144 1327 resurrectio
1163 1284 1309 1326 vera
1326 1284 1453 1326 non
1474 1269 1615 1337 erit;
1639 1283 1835 1340 neque
1851 1265 2015 1322 enim

344 1363 506 1416 recte
531 1360 888 1416 resurrectio
907 1359 1028 1416 dici
1043 1362 1259 1432 potest,
1279 1358 1385 1415 ubi
1419 1374 1542 1414 non
1562 1356 1820 1426 resurgit
1845 1355 2015 1428 quod

345 1448 577 1506 cecidit.
606 1449 722 1505 Sed
744 1450 858 1506 has
883 1449 1088 1515 nobis,
1113 1447 1289 1505 beate
1313 1446 1444 1517 Job,
1473 1445 1798 1502 dubietatis
1817 1444 2012 1500 nebu-

342 1537 438 1595 las
464 1537 628 1607 tolle,
645 1542 704 1594 et
729 1539 875 1611 quia
904 1553 1014 1612 per
1041 1541 1357 1610 acceptam
1385 1536 1575 1592 sancti
1600 1534 1850 1608 Spiritus
1882 1548 2012 1604 gra-

343 1626 491 1684 tiam
509 1627 585 1683 de
615 1642 722 1700 spe
750 1627 927 1684 nobis
952 1626 1120 1700 loqui
1149 1630 1370 1682 nostrae
1418 1623 1872 1682 resurrectionis
1894 1638 2010 1678 ca-

339 1716 509 1790 pisti,
541 1721 746 1790 aperte
770 1717 998 1789 judica,
1029 1717 1079 1772 si
1100 1733 1242 1774 caro
1261 1720 1468 1772 nostra
1497 1714 1785 1772 veraciter
1812 1729 2008 1770 resur-

2124 1180 2295 1232 erant
2328 1178 2552 1250 quibus
2608 1179 2901 1252 Epistolas
2957 1180 3418 1254 transmittebat,
3465 1183 3575 1240 sed
3630 1184 3778 1258 quia

2121 1265 2440 1337 passiones
2465 1268 2800 1325 carnalium
2849 1268 3287 1327 desideriorum
3331 1271 3619 1346 vicerant,
3643 1274 3775 1345 jam

2117 1353 2288 1411 liberi
2318 1371 2426 1430 per
2451 1357 2732 1415 virtutem
2763 1359 3027 1432 spiritus,
3077 1360 3140 1416 in
3187 1376 3366 1419 carne
3410 1377 3538 1419 non
3585 1366 3772 1420 erant.

2119 1445 2288 1509 Quod
2345 1462 2489 1517 ergo
2535 1447 2756 1504 Paulus
2808 1448 3120 1521 apostolus
3147 1449 3326 1507 dicit:
3378 1451 3534 1519 Quia
3556 1467 3696 1509 caro
3715 1456 3772 1509 et

2115 1537 2362 1606 sanguis
2388 1553 2637 1608 regnum
2668 1538 2781 1593 Dei
2788 1538 3096 1607 possidere
3121 1555 3242 1596 non
3265 1545 3522 1610 possunt
3552 1540 3612 1613 (Ι
3631 1541 3766 1598 Cor.

2114 1639 2214 1694 xv,
2237 1625 2347 1697 50),
2363 1641 2609 1683 carnem
2628 1625 2756 1682 vult
2773 1627 3109 1683 secundum
3122 1627 3370 1702 culpam
3380 1629 3633 1702 intelligi
3647 1645 3770 1687 non

2115 1727 2362 1770 carnem
2378 1715 2712 1771 secundum
2723 1718 3008 1772 naturam
3031 1734 3044 1783 ;
3063 1715 3204 1772 inde
3233 1721 3289 1774 et
3303 1734 3452 1775 mox
3474 1718 3622 1792 quia
3647 1734 3770 1775 car-

341 1811 466 1878 gat.
502 1807 801 1880 Sequitur.
829 1809 910 1863 Et
938 1822 1182 1863 rursum
1212 1805 1636 1862 circumdabor
1661 1805 1822 1874 pelle
1871 1818 2003 1860 mea
2029 1815 2075 1872 Β
2110 1818 2251 1858 nem
2279 1803 2614 1860 secundum
2644 1803 2886 1876 culpam
2913 1803 3155 1872 diceret,
3187 1806 3452 1862 ostendit
3475 1807 3764 1864 subdens:

339 1895 474 1966 (Job
489 1911 612 1962 xix,
641 1895 755 1967 25).
782 1898 936 1951 Dum
961 1899 1165 1967 aperte
1189 1894 1362 1967 pellis
1391 1893 1627 1962 dicitur,
1659 1892 1855 1949 omnis
1886 1891 1999 1948 du-

333 1984 548 2041 bitatio
581 2000 736 2041 vera
764 1985 1219 2041 resurrectionis
1275 1983 1566 2051 aufertur,
1597 1983 1744 2056 quia
1772 1998 1897 2039 non
1927 1982 1999 2038 si-

334 2078 436 2130 cut
465 2073 727 2131 Euticius
775 2072 1452 2147 Constantinopolitanae
1478 2071 1646 2129 urbis
1676 2072 1998 2145 episcopus

334 2163 594 2236 scripsit,
626 2178 850 2237 corpus
871 2167 1148 2220 nostrum
1166 2163 1230 2219 in
1251 2162 1373 2220 alia
1392 2161 1846 2219 resurrectionis
1874 2161 1998 2232 glo-

329 2252 420 2309 ria
444 2252 554 2308 erit
579 2251 995 2326 impalpabile,
1025 2253 1243 2320 ventis,
1296 2269 1553 2326 aereque
1584 2251 1862 2308 subtilius
1887 2269 1901 2320 ;
1930 2250 1993 2306 in

325 2339 432 2398 illa
460 2341 622 2397 enim
645 2341 1094 2400 resurrectionis
1119 2341 1309 2414 gloria
1340 2343 1448 2399 erit
1467 2357 1688 2414 corpus
1715 2344 1991 2396 nostrum

325 2430 545 2487 subtile
565 2429 813 2504 quidem
834 2447 942 2504 per
962 2431 1243 2489 effectum
1265 2430 1545 2505 spiritalis
1565 2429 1867 2503 potentia,
1883 2428 1989 2484 sed

320 2520 631 2594 palpabile
659 2536 768 2594 per
793 2521 1107 2578 veritatem
1148 2524 1400 2578 natura.
1438 2519 1602 2576 Unde
1656 2518 1837 2575 etiam
1881 2521 1986 2574 Re-

318 2610 599 2684 demptor
622 2613 831 2668 noster
857 2609 1276 2668 dubitantibus
1301 2610 1378 2666 de
1410 2625 1522 2666 sua
1551 2607 1983 2664 resurrectione

316 2701 649 2775 discipulis,
674 2701 944 2759 Ostendit
963 2718 1202 2772 manus,
1227 2706 1282 2757 et
1304 2702 1487 2766 latus,
1508 2697 1820 2772 palpanda
1840 2713 1981 2754 ossa

313 2807 683 2864 carnemque
702 2791 963 2864 prabuit
981 2791 1190 2847 dicens
1208 2806 1222 2845 :
1244 2790 1507 2858 Palpate
1521 2793 1576 2844 et
1605 2787 1812 2843 videte.
1834 2787 1977 2857 quia

309 2881 563 2951 spiritus
593 2895 727 2937 ossa
755 2885 809 2937 et
831 2895 1073 2938 carnem
1103 2893 1226 2934 non
1247 2877 1445 2943 habet,
1468 2877 1623 2932 sicut
1649 2891 1740 2932 me
1765 2875 1976 2932 ridetis

310 2969 530 3028 habere
550 2970 717 3043 (Luc.
764 2971 926 3040 xxiv,
957 2969 1072 3040 38).
1097 2966 1207 3034 Qui
1238 2982 1378 3022 cum
1410 2964 1636 3021 Euticio
1667 2963 1864 3020 eidmn
1911 2964 1975 3021 in

307 3057 971 3132 Constantinopolitana
989 3056 1139 3113 urbe
1158 3055 1395 3129 positus
1415 3055 1530 3111 hoc
1540 3053 1844 3124 Evangelii
1862 3055 1970 3125 [al,

2107 1894 2310 1965 Neque
2348 1893 2654 1962 corruptio
2673 1893 3147 1963 incorruptelam
3168 1895 3517 1963 possidebit.
3547 1899 3614 1951 In
3665 1895 3770 1953 illa

2106 1998 2250 2053 ergo
2272 1980 2529 2038 calestis
2556 1981 2726 2052 regni
2742 1980 2932 2052 gloria
2952 1997 3093 2038 caro
3118 1983 3455 2040 secundum
3479 1987 3766 2042 naturam

2104 2071 2232 2140 erit,
2263 2071 2370 2127 sed
2396 2070 2733 2127 secundum
2745 2069 3042 2128 desideria
3057 2072 3363 2145 passionis
3389 2075 3765 2148 [al.,passio-

2102 2161 2274 2232 num]
2303 2175 2426 2216 non
2451 2159 2578 2230 erit,
2605 2159 2753 2232 quia
2780 2159 3017 2217 devicto
3038 2161 3249 2218 mortis
3269 2161 3480 2219 aculeo
3508 2163 3572 2218 in
3599 2167 3762 2220 ater-

2101 2265 2182 2306 na
2207 2248 2654 2322 incorruptione
2673 2249 2970 2319 regnabit.
3006 2249 3238 2316 Quibus
3271 2250 3447 2307 dictis
3467 2251 3628 2308 idem
3651 2255 3762 2308 Eu-

2100 2339 2272 2396 ticius
2297 2338 2633 2395 consentire
2661 2353 2726 2393 se
2749 2337 3024 2410 protinus
3046 2339 3378 2412 respondit.
3409 2341 3525 2398 Sed
3554 2344 3758 2397 tamen

2098 2428 2298 2486 adhuc
2315 2443 2532 2501 corpus
2553 2426 2856 2500 palpabile
2865 2442 3178 2498 resurgere
3197 2443 3376 2500 posse
3397 2429 3758 2500 denegabat,

2092 2517 2198 2591 qui
2226 2517 2409 2574 etiam
2437 2516 2501 2572 in
2529 2515 2753 2581 libello,
2775 2531 2962 2589 quem
2982 2515 3057 2572 de
3084 2517 3536 2574 Resurrectione
3568 2518 3755 2590 scrip-

2090 2609 2267 2675 serat,
2300 2604 2470 2662 Pauli
2498 2620 2743 2678 quoque
2773 2604 3032 2677 apostoli
3069 2605 3480 2662 testimonium
3509 2605 3754 2663 indide-

2086 2699 2180 2752 rat
2220 2694 2505 2752 dicentis:
2571 2695 2658 2749 Tu
2711 2695 2871 2766 quod
2912 2695 3169 2751 seminus
3217 2711 3341 2752 non
3369 2696 3742 2766 viviﬁcatur,

2085 2786 2204 2842 nisi
2216 2785 2389 2854 prius
2413 2783 2752 2840 moriatur:
2781 2788 2837 2840 et
2852 2783 3015 2854 quod
3055 2784 3338 2855 seminas,
3383 2800 3503 2841 non
3532 2799 3752 2855 corpus

2084 2875 2243 2947 quod
2263 2875 2548 2944 futurum
2577 2879 2682 2941 est,
2714 2875 2986 2942 seminas,
3045 2873 3148 2931 sed
3192 2874 3423 2932 nudum
3469 2890 3733 2946 granum

2084 2964 2140 3037 (Ι
2165 2964 2302 3021 Cor.
2335 2979 2432 3032 xv,
2457 2964 2548 3031 36)
2582 2981 2596 3032 ;
2627 2963 2743 3019 hoc
2771 2963 3062 3019 nimirum
3096 2963 3414 3020 ostendere
3459 2962 3752 3021 festinans

2078 3055 2226 3128 quia
2255 3069 2394 3111 caro
2425 3053 2518 3110 vel
2546 3053 2975 3126 impalpabilis,
3008 3053 3105 3110 vel
3128 3053 3263 3127 ipsa
3291 3069 3416 3111 non
3446 3054 3574 3125 erit,
3597 3055 3750 3111 dum

303 3149 676 3220 Evangelica
691 3145 977 3220 veritatis]
999 3144 1410 3202 testimonium
1430 3143 1837 3217 protulissem,
1867 3144 1964 3201 ait:
1997 3170 2039 3224 ο
2078 3146 2321 3200 sanctus
2352 3142 2662 3216 apostolus
2693 3141 2769 3198 de
2799 3142 3250 3200 resurrectionis
3280 3159 3471 3216 agens
3501 3143 3694 3215 gloria
3724 3161 3740 3200 :

302 3237 532 3296 Idcirco
560 3238 677 3295 hoc
708 3236 998 3292 Dominus
1028 3234 1186 3305 fecit,
1226 3237 1290 3291 ut
1315 3233 1752 3291 dubitationem
1774 3250 1969 3290 resur-

298 3327 581 3385 rectionis
602 3342 723 3381 sua
744 3323 820 3380 de
850 3323 1292 3393 discipulorum
1317 3323 1606 3380 cordibus
1639 3327 1964 3381 amoveret.

301 3417 428 3485 Cui,
455 3416 729 3488 inquam,
755 3412 912 3470 mira
940 3415 1031 3470 est
1049 3427 1146 3469 res
1188 3412 1368 3470 valde
1396 3428 1586 3486 quam
1616 3413 1854 3480 astruis,
1905 3416 1970 3470 ut

297 3504 440 3561 inde
466 3503 647 3574 nobis
687 3500 967 3559 dubietas
1025 3505 1256 3573 surgat,
1306 3502 1470 3558 unde
1531 3501 1968 3575 discipulorum

297 3591 487 3649 corda
505 3606 541 3647 a
572 3590 879 3648 dubietate
910 3595 1127 3649 sanata
1151 3594 1310 3648 sunt.
1345 3590 1501 3658 Quid
1527 3591 1689 3647 enim
1709 3590 1970 3648 deterius

297 3680 418 3738 dici
447 3681 657 3754 potest
682 3696 873 3754 quam
901 3683 969 3738 ut
994 3682 1112 3739 hoc
1140 3681 1318 3738 nobis
1348 3679 1425 3737 de
1456 3681 1585 3753 ejus
1615 3696 1762 3737 vera
1791 3696 1970 3739 carne

298 3770 560 3829 dubium
586 3771 714 3840 ﬁat,
745 3786 856 3844 per
883 3770 1052 3844 quod
1091 3769 1370 3842 discipuli
1414 3769 1546 3840 ejus
1565 3769 1646 3825 ad
1673 3767 1859 3825 ﬁnem
1889 3771 1969 3827 ab

293 3861 463 3918 omni
512 3864 653 3918 sunt
683 3859 988 3916 dubietate
1043 3859 1338 3932 reparati?
1378 3859 1512 3931 [al.,
1563 3858 1878 3930 separati?]
1911 3861 1969 3918 Si

293 3949 460 4007 enim
484 3949 603 4006 hoc
631 3964 758 4006 non
813 3947 1099 4005 habuisse
1143 3947 1431 4004 astruitur
1486 3946 1655 4019 quod
1684 3947 1964 4006 ostendit,

291 4037 458 4095 unde
487 4037 640 4094 ﬁdes
699 4036 1011 4110 discipulis
1067 4037 1199 4108 ejus
1248 4036 1608 4093 conﬁrmata
1660 4040 1773 4108 est,
1825 4037 1967 4095 inde

289 4131 499 4185 nostra
525 4127 869 4198 destruitur,
918 4126 1024 4200 qui
1089 4125 1465 4197 adjungebat
1507 4125 1686 4182 etiam
1717 4125 1962 4202 dicens:

292 4218 522 4290 Corpus
596 4216 904 4290 palpabile
975 4215 1209 4284 habuit,
1259 4216 1428 4288 quod
1499 4214 1806 4273 ostendit:
1860 4217 1967 4274 sed

286 4311 431 4379 post
475 4307 836 4363 conﬁrmata
883 4306 1071 4363 corda
1115 4305 1520 4379 palpantium,
1576 4322 1756 4364 omne
1807 4305 1959 4364 illud

285 4393 351 4451 in
376 4395 632 4451 Domino
671 4394 839 4468 quod
868 4394 1106 4468 palpari
1131 4395 1328 4467 potuit
1355 4394 1417 4450 in
1448 4395 1838 4452 subtilitatem
1868 4400 1962 4453 est

2075 3237 2204 3291 Non
2235 3249 2455 3306 corpus
2476 3232 2644 3306 quod
2667 3233 2939 3289 futurum
2958 3237 3047 3290 est
3065 3233 3355 3291 seminari
3378 3234 3607 3291 dixerit.
3630 3233 3749 3290 Sed

2075 3325 2154 3381 ad
2173 3324 2305 3380 hac
2319 3323 2491 3380 citius
2515 3321 2930 3396 respondetur,
2963 3339 3111 3380 nam
3159 3323 3382 3380 Paulus
3435 3322 3748 3396 apostolus

2073 3413 2488 3470 dicenszNon
2518 3428 2734 3482 corpus
2784 3412 2945 3484 quod
2987 3413 3273 3481 futurum
3321 3418 3407 3470 est
3461 3413 3743 3484 seminus,

2073 3505 2178 3561 sed
2195 3504 2426 3560 nudum
2455 3519 2747 3574 granum,
2804 3518 3067 3574 granum
3107 3504 3224 3560 hoc
3267 3504 3535 3560 insinuat
3571 3503 3745 3576 quod

2073 3593 2373 3662 videmus,
2395 3591 2540 3665 quia
2562 3607 2825 3663 granum
2856 3608 2997 3647 cum
3024 3591 3227 3649 cu‘lmo
3275 3597 3332 3649 et
3361 3592 3516 3649 foliis
3543 3593 3743 3649 nasci-

2074 3682 2189 3748 tur,
2219 3680 2390 3752 quod
2420 3680 2546 3737 sine
2577 3680 2776 3738 culmo
2795 3684 2851 3737 et
2880 3680 3034 3737 foliis
3092 3681 3442 3738 seminatur.
3497 3681 3597 3737 Ille
3625 3681 3740 3738 ita-

2075 3769 2624 3842 queinaugmento
2679 3769 2884 3842 gloria
2935 3771 3389 3828 resurrectionis
3429 3786 3554 3826 non
3589 3770 3744 3827 dixit

2075 3873 2265 3929 grano
2295 3859 2540 3916 seminis
2570 3859 2781 3915 deesse
2809 3859 2977 3931 quod
2996 3864 3140 3927 erat,
3192 3860 3297 3916 sed
3323 3860 3534 3916 adesse
3569 3859 3742 3932 quod

2074 3962 2198 4004 non
2219 3953 2364 4005 erat.
2397 3952 2508 4004 Iste
2539 3952 2742 4005 autem
2771 3947 2920 4003 dum
2945 3963 3157 4003 verum
3187 3964 3407 4021 corpus
3427 3964 3742 4018 resurgere

2070 4037 2350 4110 denegat,
2378 4053 2772 4110 nequaquam
2786 4036 2928 4093 dicit
2953 4037 3168 4093 adesse
3183 4038 3350 4110 quod
3360 4038 3616 4103 deserat,
3631 4038 3745 4095 sed

2072 4127 2282 4183 deesse
2303 4126 2470 4200 quod
2496 4130 2642 4182 erat.
2683 4128 2846 4182 Tunc
2867 4125 3070 4199 itaque
3114 4126 3229 4182 hac
3251 4127 3325 4182 de
3355 4142 3419 4183 re
3449 4127 3513 4183 in
3557 4127 3746 4197 longa

2073 4215 2451 4273 contentione
2474 4214 2749 4288 perducti
2774 4214 3132 4285 gravissima
3161 4231 3198 4271 a
3226 4215 3403 4271 nobis
3443 4202 3741 4288 coepimus

2072 4303 2252 4360 simul
2270 4303 2501 4360 ratione
2531 4302 2776 4358 resilire.
2810 4305 2961 4360 Cum
2989 4303 3106 4376 pia
3137 4303 3445 4360 memoria
3474 4301 3742 4360 Tiberius

2073 4394 2497 4451 Constantinus
2521 4393 2870 4465 imperator,
2898 4396 3124 4449 secreto
3155 4408 3252 4449 me
3297 4397 3354 4450 et
3383 4393 3553 4449 illum
3597 4408 3733 4448 sus-

286 4484 556 4557 aliquam
582 4485 1027 4542 redactum.Ad
1046 4486 1173 4541 haec
1200 4485 1334 4558 ipse
1367 4485 1678 4558 respondit
1707 4485 1916 4542 dicens
1940 4520 1953 4558 ε
1987 4523 2034 4577 D
2073 4482 2318 4577 cipiens,
2353 4482 2504 4577 quid
2532 4481 2685 4538 inter
2713 4471 2825 4577 nos
2845 4481 3161 4577 discordia
3182 4486 3523 4538 versaretur
3551 4496 3740 4552 agno-

289 4575 590 4646 Scriptum
617 4578 706 4630 est
732 4591 746 4631 :
782 4575 1059 4631 Christus
1079 4590 1332 4646 surgens
1357 4590 1394 4632 a
1415 4576 1668 4631 mortuis
1681 4577 1817 4644 jam
1834 4591 1957 4633 non
1987 4570 2026 4577 ’
2069 4572 2175 4640 vit,
2198 4575 2256 4628 et
2281 4571 2592 4644 utriusque
2621 4571 2809 4644 partis
2831 4570 3252 4641 allegationem
3269 4587 3554 4642 pensans,
3569 4586 3742 4627 eum-

285 4665 565 4727 moritur,
598 4679 759 4720 mors
786 4665 841 4720 ei
870 4665 1040 4720 ultra
1071 4681 1192 4720 non
1222 4664 1639 4721 dominabitur
1661 4664 1846 4736 (Rom.
1876 4681 1956 4736 v1,

284 4753 336 4823 9)
365 4771 378 4820 ;
413 4752 463 4808 si
492 4753 641 4825 quid
670 4768 815 4824 ergo
843 4753 906 4809 in
931 4753 1064 4825 ejus
1095 4769 1346 4827 corpore
1384 4757 1526 4826 post
1575 4755 1960 4812 resurrectio-

280 4855 430 4898 nem
451 4842 646 4914 potuit
664 4842 996 4911 immutari,
1025 4847 1238 4900 contra
1254 4842 1586 4899 veridicam
1608 4843 1780 4900 Pauli
1825 4860 1958 4901 sen-

281 4931 560 4999 tentiam,
583 4935 722 5003 post
744 4931 1244 4988 resurrectionem
1264 4931 1501 4988 Domini
1526 4932 1700 4988 rediit
1717 4932 1779 4988 in
1798 4949 1956 4991 mor-

281 5024 408 5077 tem
440 5037 454 5086 ;
486 5019 654 5090 quod
679 5019 817 5092 quis
833 5019 1029 5076 dicere
1074 5019 1166 5076 vel
1195 5024 1390 5076 stutus
1435 5025 1787 5093 prasumat,
1834 5022 1955 5078 nisi

277 5107 386 5179 qui
433 5123 644 5164 veram
686 5109 886 5165 carnis
943 5109 1074 5181 ejus
1102 5109 1602 5166 resurrectionem
1641 5108 1952 5182 denegat?

275 5199 421 5252 tunc
441 5195 590 5252 mihi
617 5196 838 5268 objecit
857 5197 1085 5254 dicens:
1121 5199 1272 5255 Cum
1303 5199 1595 5271 scriptum
1626 5198 1702 5256 sit
1741 5216 1755 5256 :
1792 5199 1948 5258 Caro

276 5291 333 5342 et
384 5287 636 5357 sanguis
666 5301 922 5358 regnum
971 5289 1084 5344 Dei
1100 5289 1412 5357 possidere
1464 5304 1585 5345 non
1610 5295 1869 5358 possunt
1896 5290 1952 5362 (Ι

276 5375 416 5431 Cor.
443 5391 546 5446 xv,
579 5375 691 5448 50),
722 5391 847 5449 qua
861 5377 1095 5434 ratione
1116 5377 1489 5434 credendum
1512 5380 1606 5434 est
1630 5393 1943 5449 resurgere

265 5467 556 5524 veraciter
581 5483 827 5526 carnem
862 5469 1016 5539 ;cui,
1048 5469 1325 5544 inquam,
1355 5469 1419 5526 in
1475 5485 1650 5527 sacro
1702 5469 1943 5544 eloquio

270 5555 440 5612 aliter
460 5573 601 5615 caro
628 5558 844 5617 dicitur
857 5560 1033 5632 juxta
1053 5564 1356 5630 naturam,
1379 5563 1560 5633 atque
1589 5561 1758 5618 aliter
1761 5561 1940 5634 juxta

271 5645 518 5716 culpam
548 5648 644 5703 vel
675 5650 1125 5723 corruptionem
1149 5668 1164 5708 :
1189 5667 1330 5708 caro
1357 5651 1584 5725 quippe
1631 5652 1808 5722 juxta
1830 5667 1937 5710 na-

265 5732 490 5800 turam,
523 5735 675 5793 sicut
702 5739 995 5811 scriptum
1018 5744 1107 5797 est
1137 5757 1150 5797 :
1179 5743 1311 5798 Hoc
1331 5757 1495 5798 nunc
1521 5757 1583 5798 os
1607 5742 1681 5798 de
1708 5740 1934 5799 ossibus

267 5815 437 5885 meis,
465 5825 518 5876 et
543 5836 684 5881 caro
711 5826 784 5882 de
800 5842 982 5886 carne
1005 5844 1137 5888 mea
1160 5829 1327 5901 (Gen.
1361 5846 1422 5903 ιι,
1439 5831 1514 5903 2).
1549 5833 1646 5889 Et:
1677 5831 1930 5890 Verbum

2069 4662 2210 4719 dem
2228 4661 2452 4718 librum
2467 4677 2652 4734 quem
2671 4660 2746 4716 de
2771 4660 3226 4717 Resurrectione
3247 4659 3586 4731 scripserat,
3609 4659 3738 4715 suis

2068 4767 2314 4825 quoque
2358 4749 2820 4821 allegationibus
2870 4750 3208 4818 destruens,
3269 4747 3621 4804 deliberavit
3667 4752 3740 4806 ut

2067 4840 2332 4897 ﬂammis
2361 4838 2620 4897 cremari
2649 4838 2976 4895 debuisset.
3008 4840 3057 4892 A
3087 4854 3210 4912 quo
3259 4841 3325 4894 ut
3366 4836 3590 4907 egressi
3635 4854 3736 4893 su-

2065 4947 2224 5002 mus,
2255 4945 2354 4986 me
2383 4928 2675 5000 agritudo
2696 4928 2915 4997 valida,
2948 4928 3232 4984 eumdem
3260 4942 3402 4983 vero
3433 4926 3732 4982 Euticium

2065 5019 2360 5091 agritudo
2377 5023 2435 5076 et
2464 5034 2627 5075 mors
2655 5018 2932 5090 protinus
2955 5021 3048 5074 est
3068 5021 3292 5085 secuta;
3316 5033 3440 5090 quo
3464 5019 3728 5085 mortuo,

2061 5109 2204 5183 quia
2231 5124 2386 5183 pene
2417 5108 2619 5164 nullus
2666 5112 2794 5165 erat
2831 5107 2938 5180 qui
2981 5107 3113 5178 ejus
3157 5107 3318 5164 dicta
3375 5109 3731 5179 sequeretur

2059 5198 2440 5256 dissimulavi
2467 5201 2664 5270 coepta
2687 5196 2994 5270 prosequi,
3025 5213 3101 5253 ne
3117 5196 3178 5253 in
3204 5195 3455 5253 fabellas
3486 5196 3618 5267 [al.,
3641 5194 3730 5252 fa-

2055 5289 2251 5361 villas]
2281 5287 2518 5345 viderer
2537 5286 2728 5344 verba
2767 5285 3046 5358 jaculari.
3075 5287 3229 5342 Dum
3270 5289 3470 5343 tamen
3521 5284 3727 5341 adhuc

2052 5377 2279 5436 viveret
2299 5379 2357 5434 et
2369 5391 2484 5446 ego
2499 5373 2888 5432 validiSsimis
2904 5373 3172 5430 febribus
3192 5378 3569 5445 agrotarem,
3591 5372 3726 5445 qui-

2051 5483 2291 5542 cunque
2323 5465 2449 5523 noti
2465 5465 2586 5522 mei
2614 5464 2695 5522 ad
2724 5480 2865 5520 eum
2895 5463 3268 5522 salutationis
3292 5462 3483 5536 gratia
3505 5476 3722 5536 perge-

2047 5559 2218 5626 bant,
2244 5559 2312 5614 ut
2330 5571 2542 5613 eorum
2561 5553 2853 5612 relatione
2875 5553 3154 5625 cognovi,
3178 5556 3316 5612 ante
3339 5568 3551 5610 eorum
3576 5567 3723 5609 ocu-

2047 5648 2140 5706 los
2157 5646 2377 5722 pellem
2406 5661 2630 5702 manus
2687 5661 2807 5700 sua
2837 5644 3080 5701 tenebat
3135 5643 3379 5701 dicens:
3415 5641 3719 5700 Conﬁteor

2045 5739 2194 5813 quia
2223 5751 2438 5795 omnes
2466 5735 2528 5791 in
2557 5735 2672 5792 hac
2700 5749 2881 5791 carne
2919 5750 3330 5807 resurgemus,
3365 5730 3533 5807 quod
3559 5729 3720 5788 sicut

2046 5829 2164 5903 ipsi
2189 5827 2554 5894 fatebantur,
2579 5824 2830 5884 omnino
2860 5824 3028 5898 prius
3051 5839 3274 5897 negare
3293 5825 3712 5894 consueverat.
