3950 6382
173 277 199 330 1
213 275 339 330 329

1128 273 1219 328 DE
1258 269 1940 330 PMDESTINATIONE
1976 273 2257 333 CONTRA
2295 276 2344 334 J.
2385 275 2695 334 SCOTUM.

3498 278 3634 334 1330
3691 245 3708 255 ’

166 395 306 453 Sed
337 409 451 450 nos
490 393 606 450 ista
646 397 1100 466 postponentes,
1131 395 1195 452 in
1223 395 1384 451 beati
1426 394 1542 452 Job
1569 394 1858 450 sermoni-
1900 397 1947 451 A
1974 413 2159 467 gnum
2178 400 2289 457 Dei
2306 415 2427 456 non
2445 397 2831 470 possidebunt
2851 397 2912 469 (Ι
2928 395 3066 454 Cor.
3096 412 3196 466 xv,
3248 397 3359 469 50),
3387 411 3512 454 non
3541 398 3637 455 in.

163 483 304 540 bus
337 482 632 538 subtiliter
662 483 1074 555 exquiramus,
1119 483 1167 539 si
1196 499 1339 540 vera
1367 484 1476 539 erit
1505 483 1856 538 resurrectio

163 587 522 645 verumque
553 587 778 645 corpus
811 571 873 628 in
895 573 1350 630 resurrectione.
1371 576 1517 629 Ecce
1545 571 1709 628 enim
1730 573 1861 643 jam

164 663 254 720 de
286 678 397 736 spe
425 661 882 718 resurrectionis
912 662 1189 722 dubitare
1210 679 1324 720 nos
1352 678 1683 736 possumus
1711 661 1861 718 dum

165 752 264 810 ait
297 769 312 808 :
344 752 428 807 Et
457 751 522 807 in
547 751 867 808 novissimo
892 752 990 808 die
1016 753 1089 809 de
1118 757 1284 810 terra
1305 756 1690 809 surrecturus
1729 767 1862 808 sum

169 842 319 914 (Job
356 858 501 912 xxv,
531 841 643 913 26).
675 841 1054 899 Dubietatem
1083 858 1329 916 quoque
1359 842 1434 898 de
1481 841 1862 914 reparatione

167 947 330 988 vera
362 930 634 1004 corporis
654 930 921 1002 abstulit,
953 931 1059 1004 qui
1081 932 1163 988 ait
1190 950 1204 988 :
1229 934 1313 988 Et
1341 947 1585 988 rursum
1610 931 1864 988 circum-

167 1021 381 1078 dabor
395 1021 562 1092 pelle
602 1035 753 1077 mea.
787 1020 898 1086 Qui
925 1020 1127 1077 adhuc
1157 1021 1236 1077 ad
1263 1020 1624 1078 auferendas
1653 1019 1863 1076 amba-

168 1126 289 1182 ges
319 1114 545 1168 nostrae
577 1109 957 1181 cogitationis
1001 1111 1206 1167 subdit
1238 1128 1250 1167 :
1286 1113 1365 1167 Et
1407 1111 1472 1168 in
1504 1126 1704 1168 carne
1730 1125 1863 1167 mea

170 1200 395 1257 videbo
427 1201 637 1256 Deum.
695 1201 843 1256 Ecce
872 1199 1396 1268 resurrectionem,
1435 1215 1572 1256 ecce
1619 1199 1858 1272 pellem,

167 1304 323 1345 ecce
367 1304 612 1345 carnem
644 1288 863 1362 apertis
900 1289 1154 1345 vocibus
1213 1289 1474 1346 fatetur:
1516 1288 1668 1362 quid
1714 1303 1859 1358 ergo

181 1382 474 1435 remanet
501 1377 662 1433 unde
687 1377 884 1450 possit
934 1393 1110 1434 mens
1165 1382 1374 1436 nostra
1428 1378 1704 1434 dubitare
1733 1379 1760 1433 ‘I
1801 1379 1860 1434 Si

176 1467 396 1540 itaque
422 1467 533 1522 iste
559 1466 646 1522 vir
671 1470 915 1522 sanctus
946 1471 1083 1523 ante
1109 1466 1389 1524 effectum
1410 1465 1860 1524 resurrectionis

170 1554 513 1611 Dominicze
568 1553 983 1610 reducendam
1037 1570 1282 1611 carnem
1335 1555 1398 1611 in
1437 1555 1670 1625 integro
1701 1557 1858 1611 statu

170 1642 461 1712 credidit,
483 1641 590 1714 qui
614 1641 724 1698 erit
741 1646 944 1698 reatus
965 1645 1185 1699 nostrae
1211 1642 1625 1708 dubitationis,
1648 1641 1705 1696 si
1718 1657 1858 1698 vera

1973 483 2301 554 telligentes
2326 484 2494 558 quod
2525 484 2652 556 ipse
2678 482 3164 555 diciQApostolus
3198 501 3212 538 :
3240 482 3485 552 Oportet
3506 499 3635 538 cor-

1971 575 2260 644 ruptibile
2285 575 2394 632 hoc
2432 576 2682 632 induere
2708 573 3244 642 incorruptionem,
3275 578 3330 629 et
3378 575 3636 629 mortale

1972 663 2084 723 hoc
2114 664 2363 722 induere
2388 665 2906 721 immortalitatem
2935 661 3138 733 (Ibid.,
3197 665 3284 725 53,
3320 661 3408 734 54)
3443 679 3456 719 :
3492 677 3635 719 cum

1970 751 2131 808 enim
2164 753 2280 810 hoc
2311 752 2537 810 factum
2568 751 2764 825 fuerit,
2789 751 2921 823 jam
2944 765 3068 807 non
3099 750 3210 808 erit
3238 766 3378 807 caro
3410 753 3467 807 et
3492 767 3634 808 san-

1971 841 2128 913 guis,
2159 843 2264 898 sed
2291 843 2527 899 cmleste
2550 858 2770 916 corpus
2803 859 2817 898 :
2845 857 2972 898 non
2992 841 3076 898 sic
3096 841 3521 914 accipiendum
3546 846 3636 901 est

1969 931 2147 1004 quasi
2176 933 2373 989 carnis
2403 947 2527 988 non
2561 933 2638 988 sit
2664 931 2877 988 futurae
2909 931 3268 997 substantia,
3299 931 3406 987 sed
3435 933 3634 989 carnis

1971 1025 2028 1078 et
2079 1021 2393 1092 sanguinis
2437 1021 2683 1077 nomine
2713 1021 2911 1093 ipsam
2944 1021 3393 1093 corruptionem
3434 1022 3633 1078 carnis

1971 1112 2030 1166 et
2074 1109 2388 1181 sanguinis
2428 1109 2853 1179 intelligendus
2907 1112 2996 1165 est
3039 1109 3359 1182 Apostolus
3402 1126 3636 1167 nuncu-

1967 1213 2148 1272 passe
2173 1217 2186 1266 ;
2217 1215 2356 1271 quae
2385 1198 2590 1271 utique
2613 1198 2675 1254 in
2701 1214 2889 1269 regno
2918 1198 3018 1255 illo
3047 1214 3172 1255 non
3196 1199 3326 1265 erit,
3356 1199 3462 1256 ubi
3493 1215 3634 1257 caro

1970 1288 2442 1361 incorruptibilis
2474 1288 2600 1345 erit.
2633 1288 2921 1352 Quamvis
2951 1291 3010 1344 et
3056 1288 3224 1344 aliter
3247 1289 3438 1361 possit
3465 1289 3635 1345 intel-

1967 1377 2092 1449 ligi,
2124 1381 2192 1434 ut
2217 1393 2462 1434 carnem
2493 1380 2550 1432 et
2579 1377 2942 1448 sanguinem
2982 1392 3168 1449 opera
3196 1378 3394 1434 carnis
3415 1382 3472 1434 et
3498 1394 3634 1435 san-

1967 1467 2166 1539 guinis
2195 1467 2418 1523 dixisse
2449 1466 2824 1539 accipiamus
2854 1466 3233 1539 Apostolum,
3279 1471 3337 1523 et
3380 1483 3482 1524 eos
3530 1468 3634 1524 Dei

1965 1568 2224 1622 regnum
2271 1568 2396 1608 non
2424 1567 2838 1625 possessuros,
2885 1550 2991 1624 qui
3036 1556 3492 1624 perseveranter
3517 1553 3635 1609 ista

1966 1640 2317 1698 dilexerunt.
2333 1641 2349 1712 ]

171 1731 385 1788 carnis
403 1730 779 1798 resurrectio,
807 1745 919 1786 nec
940 1735 1076 1804 post
1094 1731 1441 1804 exemplum
1463 1730 1725 1788 creditur
1745 1733 1855 1787 Re-
1890 1754 1935 1809 Β
2037 1733 2079 1802 -ι-
2109 1731 2354 1800 Itemjn
2383 1730 2804 1788 retractatione
2845 1729 2986 1786 libri
3015 1730 3091 1787 de
3123 1730 3260 1787 Fide
3289 1735 3347 1787 et
3378 1729 3635 1803 Symbo-

169 1821 516 1894 demptoris
540 1821 568 1877 ?
624 1820 682 1875 Si
718 1820 881 1876 enim
911 1824 1047 1893 post
1083 1822 1584 1878 resurrectionem
1635 1835 1855 1893 corpus

169 1909 489 1983 palpabile
509 1924 632 1965 non
650 1908 778 1979 erit,
809 1909 1077 1981 profecto
1099 1909 1264 1966 aliud
1288 1910 1495 1980 surgit,
1510 1924 1700 1982 quam
1722 1925 1852 1965 mo-

169 1998 349 2065 ritur,
398 1999 650 2070 etquod
677 1998 840 2054 dictu
890 1998 1062 2054 nefas
1093 2003 1183 2055 est
1233 1998 1495 2062 credere,
1544 1997 1692 2072 quia
1739 2013 1852 2068 ego

172 2087 414 2144 morior
460 2091 518 2144 et
547 2086 702 2143 alius
745 2091 1041 2157 resurgat.
1090 2087 1276 2156 Unde,
1308 2103 1519 2160 quaeso
1550 2092 1629 2158 te,
1677 2086 1854 2143 beate

173 2177 316 2249 Job,
346 2177 650 2248 subjunge
679 2193 818 2250 quae
840 2177 1046 2248 sentis,
1074 2181 1132 2234 et
1155 2177 1338 2250 hujus
1355 2177 1537 2234 nobis
1566 2177 1855 2251 quaestio-

173 2267 276 2324 nis
308 2265 663 2340 scrupulum
695 2265 853 2323 tolle.
887 2266 1166 2341 Sequitur
1198 2285 1212 2324 :
1245 2268 1427 2336 Quem
1455 2269 1694 2325 visurus
1721 2283 1852 2324 sum

177 2373 290 2430 ego
312 2359 459 2429 ipse,
483 2362 536 2414 et
563 2357 728 2414 oculi
749 2357 868 2414 mei
885 2359 1266 2429 conspecturi
1284 2363 1449 2428 sunt,
1475 2364 1530 2415 et
1547 2373 1667 2414 non
1693 2359 1854 2415 alius

178 2448 392 2519 (Ibid.,
419 2448 533 2520 27).
568 2447 626 2506 Si
654 2445 840 2519 enim,
873 2448 1026 2505 sicut
1053 2448 1307 2522 quidam
1339 2464 1611 2505 errorum
1641 2464 1855 2522 sequa-

181 2553 285 2594 ces
315 2537 704 2610 arbitrantur,
732 2537 878 2611 quia
905 2542 1044 2612 post
1073 2538 1576 2595 resurrectionem
1633 2554 1854 2613 corpus

176 2624 491 2699 palpabile
520 2641 644 2682 non
673 2625 800 2689 erit,
835 2625 941 2682 sed
969 2625 1281 2683 invisibilis
1307 2626 1576 2699 corporis
1617 2625 1853 2682 subtili-

174 2719 274 2773 tas
304 2731 446 2771 caro
465 2715 801 2784 vocabitur,
831 2717 1107 2788 quamvis
1130 2716 1468 2773 substantia
1498 2716 1697 2773 carnis
1727 2731 1853 2772 non

178 2802 276 2866 sit,
306 2801 573 2875 profecto
604 2803 759 2860 alius
785 2807 874 2860 est
903 2803 1009 2876 qui
1052 2804 1325 2876 moritur,
1357 2808 1414 2861 et
1443 2804 1597 2861 alius
1631 2803 1739 2877 qui
1765 2819 1854 2860 re-

180 2891 395 2961 surgit.
429 2892 544 2948 Sed
574 2891 788 2948 beatus
815 2892 928 2948 Job
955 2893 1115 2949 hanc
1141 2893 1203 2948 in
1233 2893 1322 2949 eis
1357 2893 1717 2950 sententiam
1757 2909 1854 2950 ve-

180 2981 372 3038 ridica
418 2996 570 3037 voce
598 2979 871 3048 destruit,
903 2981 1009 3054 qui
1038 2981 1122 3038 ait
1151 2999 1166 3038 :
1199 2981 1381 3050 Quem
1439 2984 1679 3038 visurus
1721 2997 1852 3038 sum

183 3085 290 3142 ego
339 3071 467 3140 ipse
491 3075 548 3126 et
602 3085 722 3124 non
773 3070 955 3141 alius,
1006 3076 1062 3127 et
1109 3071 1273 3127 oculi
1312 3072 1430 3128 mei
1477 3071 1855 3140 conspecturi

181 3164 345 3216 sunt.
379 3161 497 3214 Nos
552 3160 756 3214 autem
786 3157 948 3214 beati
998 3158 1109 3214 Job
1162 3158 1349 3215 ﬁdem
1405 3163 1748 3233 sequentes,
1796 3163 1856 3218 et

183 3246 603 3320 Redemptoris
657 3247 845 3302 nostri
887 3252 1024 3320 post
1075 3247 1579 3305 resurrectionem
1632 3264 1853 3322 corpus

179 3335 487 3410 palpabile
505 3335 794 3392 veraciter
809 3335 1140 3405 credentes,
1165 3335 1425 3394 fatemur
1451 3353 1697 3395 carnem
1713 3352 1854 3394 nos-

177 3429 332 3482 tram
363 3428 500 3498 post
523 3424 1024 3481 resurrectionem
1058 3425 1324 3482 futuram
1367 3430 1426 3484 et
1470 3427 1752 3484 eamdem
1796 3410 1856 3484 οῖ

178 3514 517 3584 diversam;
551 3514 832 3571 eamdem
875 3530 984 3588 per
1029 3521 1332 3587 naturam,
1394 3516 1702 3574 diversam
1746 3533 1855 3592 per

179 3603 466 3675 gloriam;
500 3608 557 3659 et
575 3603 856 3660 eamdem
884 3619 994 3677 per
1021 3605 1357 3678 veritatem,
1385 3606 1689 3663 diversam
1744 3621 1854 3680 per

178 3692 529 3766 potentiam.
553 3693 676 3749 Erit
699 3693 901 3766 itaque
933 3693 1168 3751 subtilis
1195 3696 1324 3766 [al.,
1353 3696 1686 3769 spiritalis],
1707 3696 1854 3770 quia

179 3786 236 3839 et
261 3781 730 3854 incorruptibilis
758 3801 772 3851 ;
809 3783 921 3840 erit
949 3783 1296 3858 palpabilis,
1327 3785 1475 3859 quia
1520 3801 1645 3843 non
1674 3786 1850 3844 amit-

179 3877 258 3931 tet
283 3873 611 3929 essentiam
640 3873 904 3930 veritatis
927 3875 1059 3946 [al.,
1090 3875 1286 3947 vertit]
1313 3877 1593 3948 natura]

246 3999 283 4066 σι·
310 3998 534 4055 Veritas
563 3998 769 4072 utique
800 3999 1018 4068 carnis,
1047 4004 1104 4057 et
1131 4000 1362 4058 ossium
1404 4002 1852 4078 quantumlibet

180 4087 709 4160 gloriﬁcandorum
757 4089 818 4144 in
876 4088 979 4146 illa
1025 4090 1481 4147 resurrectionis
1529 4091 1722 4161 gloria
1767 4091 1847 4149 ab

179 4175 460 4234 omnibus
490 4177 868 4233 concorditer
900 4177 1290 4250 prmdicatur,
1321 4183 1378 4235 et
1406 4194 1444 4235 a
1471 4178 1640 4235 nullo
1667 4179 1846 4236 aethe-

177 4283 292 4324 reae
320 4267 625 4340 qualitatis
650 4267 992 4324 immutatio
1022 4267 1399 4341 perdocetur.
1422 4272 1640 4326 Verum
1663 4286 1740 4327 ne
1769 4287 1843 4329 ex

178 4356 372 4412 verbis
398 4357 713 4428 Augustini
736 4357 914 4414 nobis
941 4357 1468 4431 praejudicandum
1507 4365 1705 4433 putes,
1733 4362 1839 4435 qui

181 4448 241 4501 in
267 4445 419 4502 libro
451 4447 870 4512 Quastionum
896 4447 1200 4518 octoginta
1227 4447 1407 4504 trium
1438 4447 1658 4506 dixisse
1697 4450 1839 4522 legi-

181 4540 274 4592 tur
300 4535 575 4606 angelica
597 4551 854 4609 corpora
877 4537 1084 4609 qualia
1110 4553 1223 4594 nos
1252 4554 1573 4611 speramus
1603 4540 1841 4597 habitu-

179 4640 276 4681 ros
323 4623 699 4682 lucidissima
737 4630 920 4699 atque
985 4628 1245 4684 aatherea
1293 4643 1425 4685 esse
1472 4629 1843 4687 credendum

182 4718 284 4785 est,
310 4714 454 4770 audi
484 4715 632 4788 quid
661 4732 843 4789 super
861 4716 977 4772 hoc
999 4717 1161 4775 dicto
1191 4717 1324 4791 ipse
1347 4721 1770 4777 retractaverit.

249 4836 289 4905 -ι-
317 4835 689 4905 Augustinus
714 4838 1030 4908 (Retract.,
1056 4837 1095 4894 1.
1125 4855 1166 4906 1,
1199 4854 1250 4895 c.
1281 4841 1375 4908 26)
1409 4855 1422 4894 :
1456 4839 1541 4911 [Si
1561 4840 1699 4910 hoc,
1753 4841 1844 4897 in-

183 4924 407 4996 quiens,
468 4923 595 4980 sine
644 4925 954 4998 membris,
1015 4943 1152 4999 quae
1200 4943 1365 4983 nunc
1432 4929 1732 4985 habemus
1788 4935 1844 4988 et

186 5013 306 5067 sine
363 5013 720 5085 substantia,
790 5015 1073 5087 quamvis
1121 5015 1587 5088 incorruptibilis
1640 5023 1844 5076 tamen

186 5101 374 5157 carnis
430 5103 779 5175 accipiatur,
825 5109 1102 5173 erratur;
1150 5105 1340 5160 multo
1395 5111 1598 5162 autem
1623 5108 1840 5166 melius

186 5192 244 5248 in
281 5207 462 5265 opere
513 5191 591 5248 de
639 5192 884 5250 Civitate
933 5193 1036 5249 Dei
1099 5194 1350 5267 quaestio
1407 5195 1522 5253 ista
1591 5199 1844 5258 tractata

187 5281 308 5351 est.]

253 5388 290 5458 -ι-
311 5386 477 5443 Idem
507 5390 842 5444 retractans
870 5388 1094 5446 librum
1122 5406 1305 5447 suum
1330 5389 1406 5446 de
1435 5394 1643 5463 Agone
1675 5394 1839 5452 Chri-

191 5475 374 5532 stiano
401 5475 611 5546 (Idem,
640 5476 808 5548 ibid.,
848 5477 952 5535 lib.
981 5495 1040 5546 ιι,
1075 5495 1128 5535 c.
1161 5481 1236 5552 3).
1297 5481 1386 5545 [In
1430 5497 1575 5554 quo,
1623 5482 1838 5556 inquit,

191 5565 325 5622 illud
350 5565 517 5639 quod
539 5567 804 5638 positum
832 5573 944 5626 est:
962 5572 1076 5626 Nec
1107 5586 1209 5626 eos
1241 5571 1563 5628 audiamus
1591 5574 1694 5645 qui
1718 5591 1843 5631 car-

193 5655 275 5712 nis
300 5656 800 5713 resurrectionem
831 5657 1096 5715 futuram
1134 5665 1358 5732 negant
1385 5666 1442 5718 et
1475 5678 1844 5722 commemo-

193 5748 319 5806 rant
339 5745 508 5821 quod
531 5746 614 5806 ait
634 5745 946 5824 apostolus
963 5748 1181 5810 Paulus
1202 5769 1216 5811 :
1235 5751 1392 5816 Caro
1414 5759 1468 5811 et
1483 5756 1732 5828 sanguis
1753 5772 1837 5816 re-

1963 1819 2022 1876 lo
2048 1837 2062 1876 :
2095 1822 2185 1892 [In
2211 1821 2329 1876 hoc
2358 1819 2512 1876 libro
2542 1835 2682 1876 eum
2703 1819 2780 1876 de
2807 1820 3246 1877 resurrectione
3275 1820 3474 1877 carnis
3493 1836 3632 1892 age-

1963 1912 2124 1966 retur
2152 1926 2166 1965 :
2192 1909 2505 1982 Resurget,
2530 1909 2808 1982 inquam,
2835 1924 3057 1982 corpus
3079 1909 3419 1966 secundum
3441 1909 3634 1966 Chris-

1960 1999 2191 2055 tianam
2221 1998 2429 2070 ﬁdem,
2460 2013 2597 2071 quae
2642 1997 2845 2054 fallere
2888 2013 3014 2054 non
3065 2002 3282 2071 potest.
3333 1999 3505 2065 Quod
3535 1999 3632 2055 cui

1959 2088 2198 2144 videtur
2215 2087 2584 2156 incredibile,
2625 2086 2822 2160 qualis
2852 2087 2926 2144 sit
2952 2102 3115 2143 nunc
3146 2103 3286 2144 caro
3330 2088 3582 2144 attendit
3612 2106 3628 2158 ;

1960 2176 2158 2250 qualis
2186 2179 2389 2234 autem
2418 2175 2620 2232 futura
2650 2175 2748 2244 sit,
2772 2190 2900 2232 non
2929 2175 3270 2233 considerat
3299 2193 3313 2232 :
3346 2175 3493 2249 quia
3526 2175 3630 2234 illo

1961 2268 2232 2338 tempore
2263 2263 2703 2322 immutationis
2734 2263 3022 2334 angelicae
3051 2280 3176 2321 non
3201 2265 3333 2336 jam
3353 2281 3494 2322 caro
3522 2265 3633 2322 erit

1961 2358 2019 2411 et
2049 2353 2317 2426 sanguis,
2347 2353 2452 2410 sed
2485 2357 2722 2411 tantum
2760 2369 3002 2426 corpus,
3028 2357 3086 2410 et
3114 2358 3330 2411 caetera
3371 2371 3509 2428 quae
3542 2354 3631 2410 ibi

1961 2443 2038 2501 de
2098 2459 2424 2517 corporum
2477 2442 2845 2500 terrestrium
2872 2442 2937 2499 in
2988 2459 3246 2516 corpora
3293 2443 3630 2501 caelestium

1961 2533 2293 2590 mutatione
2318 2532 2595 2589 disserui.
2634 2532 2935 2599 Quoniam
2964 2532 3116 2590 dixit
3133 2533 3458 2607 Apostolus
3487 2549 3630 2590 cum

1960 2623 2101 2680 inde
2121 2623 2468 2696 loqueretur
2498 2640 2510 2679 :
2539 2623 2698 2680 Caro
2722 2629 2778 2681 et
2802 2625 3049 2695 sanguis
3079 2639 3334 2695 regnum
3366 2625 3480 2681 Dei
3507 2640 3629 2682 non

1956 2714 2341 2784 possidebunt
2373 2713 2433 2785 (Ῑ
2458 2713 2597 2770 Cor.
2625 2729 2722 2782 xv,
2751 2714 2864 2786 50).
2899 2713 3015 2770 Sed
3030 2713 3309 2787 quisquis
3339 2729 3412 2771 ea
3432 2713 3515 2770 sic
3533 2724 3630 2771 ae-

1960 2801 2104 2876 cipit
2128 2806 2192 2859 ut
2221 2801 2515 2860 existimet
2542 2802 2628 2860 ita
2651 2818 2874 2876 corpus
2897 2805 3226 2875 terrenum,
3250 2803 3430 2876 quale
3463 2819 3629 2861 nunc

1957 2891 2280 2961 habemus,
2310 2891 2372 2947 in
2399 2907 2620 2964 corpus
2651 2891 2887 2949 caeleste
2915 2892 3351 2949 resurrectione
3380 2892 3630 2960 mutari,

1960 2982 2028 3036 ut
2053 2995 2164 3035 nec
2195 2979 2474 3036 membra
2496 2980 2631 3048 ista,
2659 2995 2772 3037 nec
2797 2981 2999 3037 carnis
3029 2982 3106 3038 sit
3124 2981 3327 3039 futura
3349 2981 3629 3040 substan-

1882 3107 1926 3162 ο
1961 3067 2062 3136 tia,
2093 3066 2306 3140 procul
2335 3066 2524 3162 dubio
2553 3067 2949 3162 corrigendus
2979 3071 3089 3136 est,
3129 3069 3538 3125 commonitus
3550 3068 3628 3124 de

1963 3171 2214 3229 corpore
2232 3155 2490 3228 Domini,
2521 3155 2627 3230 qui
2658 3159 2796 3228 post
2849 3157 3348 3213 resurrectionem
3395 3157 3458 3213 in
3509 3157 3628 3214 eis-

1960 3245 2102 3302 dem
2150 3244 2440 3301 membris
2491 3261 2611 3302 non
2661 3244 2858 3302 solum
2901 3245 3366 3319 conspiciendus
3411 3246 3629 3320 oculis,

1961 3351 2171 3393 verum
2199 3335 2383 3392 etiam
2411 3334 2701 3392 manibus
2746 3335 3090 3406 tangendus
3132 3335 3437 3408 apparuit,
3495 3352 3628 3394 car-

1960 3441 2224 3498 nemque
2254 3442 2316 3481 se
2339 3425 2564 3483 habere
2591 3425 2774 3483 etiam
2803 3441 3081 3482 sermone
3101 3425 3624 3485 ﬁrmavitdicens:

1957 3516 2239 3584 Palpate,
2263 3521 2318 3572 et
2349 3516 2542 3573 videte
2569 3516 2712 3588 quia
2738 3515 2990 3586 spiritus
3011 3529 3252 3572 carnem
3274 3521 3331 3572 et
3349 3532 3481 3574 ossa
3506 3533 3628 3574 non

1961 3605 2157 3674 habet,
2194 3606 2348 3662 sicut
2372 3621 2466 3663 me
2494 3605 2705 3663 videtis
2755 3606 2974 3664 habere
3023 3605 3190 3678 (Luc.
3223 3622 3284 3676 ιι,
3316 3607 3428 3678 39).
3460 3606 3628 3665 Unde

1960 3698 2198 3752 constat
2221 3694 2576 3768 Apostolum
2604 3711 2730 3753 non
2759 3695 2956 3753 carnis
2987 3695 3388 3752 substantiam
3414 3711 3631 3768 negas-

1960 3801 2023 3841 se
2044 3785 2106 3841 in
2133 3784 2234 3841 Dei
2259 3801 2446 3856 regno
2469 3785 2758 3856 futuram,
2790 3785 2898 3841 sed
2936 3788 3041 3842 aut
3067 3784 3348 3840 homines
3392 3785 3501 3858 qui
3531 3802 3626 3842 se-

1959 3875 2231 3932 cundum
2254 3890 2499 3931 carnem
2519 3874 2732 3932 vivunt
2746 3873 2948 3931 carnis
2974 3878 3033 3930 et
3051 3873 3364 3945 sanguinis
3380 3876 3628 3933 nomine

1956 3979 2372 4036 nuncupasse,
2406 3967 2512 4020 aut
2539 3963 2738 4036 ipsam
2765 3963 2966 4020 carnis
2989 3965 3454 4036 corruptionem,
3486 3982 3626 4040 quas

1955 4057 2099 4110 tunc
2130 4052 2336 4126 utique
2364 4052 2532 4109 nulla
2560 4052 2716 4125 erit.]

2029 4145 2070 4213 -ι-
2101 4141 2268 4198 Idem
2325 4143 2387 4199 in
2425 4142 2580 4200 libro
2637 4142 2929 4201 vicesimo
2982 4143 3250 4201 secundo
3279 4143 3355 4200 de
3386 4144 3630 4202 Civitate

1952 4235 2110 4302 (cap.
2137 4232 2227 4304 2A)
2259 4249 2272 4288 :
2311 4233 2478 4304 [Quae
2507 4233 2696 4304 igitur
2726 4233 2830 4291 illa
2856 4237 3016 4306 sunt,
3046 4233 3346 4308 inquiens,
3380 4233 3430 4290 si
3461 4238 3630 4292 totae

1949 4321 2095 4392 talia
2115 4326 2172 4378 et
2202 4326 2367 4380 tanta
2393 4327 2534 4380 sunt
2551 4324 2710 4382 ista?
2743 4323 2908 4391 Quid
2918 4324 3088 4382 dabit
3113 4325 3200 4382 eis
3223 4341 3380 4399 quos
3401 4325 3630 4399 praede-

1955 4411 2194 4469 stinavit
2221 4411 2301 4469 ad
2327 4412 2539 4482 vitam,
2570 4414 2678 4488 qui
2716 4413 2849 4470 haec
2885 4413 3051 4472 dedit
3106 4415 3288 4472 etiam
3339 4415 3424 4471 eis
3471 4432 3629 4488 quos

1953 4502 2404 4576 praedestinavit
2430 4503 2512 4561 ad
2530 4507 2788 4561 mortem
2812 4504 2842 4560 *ἲ
2871 4505 3016 4570 Quas
3045 4503 3212 4562 bona
3229 4504 3292 4560 in
3319 4503 3422 4561 illa
3444 4503 3629 4564 beata

1953 4592 2075 4648 vita
2099 4591 2274 4648 faciet
2303 4608 2406 4648 eos
2437 4609 2696 4662 sumere,
2724 4608 2837 4665 pro
2864 4592 3090 4664 quibus
3128 4592 3190 4648 in
3233 4592 3349 4650 hac
3379 4593 3627 4652 miseria

1953 4680 2334 4750 unigenitum
2367 4680 2580 4737 Filium
2609 4697 2790 4737 suum
2817 4680 3009 4738 voluit
3036 4697 3234 4754 usque
3264 4681 3345 4739 ad
3365 4684 3626 4740 mortem

1952 4769 2118 4826 mala
2147 4773 2313 4828 tanta
2331 4769 2616 4843 perferre.
2653 4770 2820 4827 Unde
2849 4769 3172 4843 Apostolus
3201 4771 3276 4827 de
3305 4770 3452 4844 ipsis
3483 4771 3546 4828 in
3560 4772 3625 4828 il.

1951 4855 2060 4913 lud
2080 4874 2335 4928 regnum
2369 4859 2810 4932 praedestinatis
2860 4859 3118 4933 loquens
3147 4877 3161 4916 :
3197 4861 3311 4929 Qui
3343 4863 3622 4933 proprio,

1952 4947 2167 5020 inquit,
2190 4949 2350 5005 Filio
2376 4965 2497 5006 non
2516 4952 2810 5020 pepercit,
2847 4951 2951 5006 sed
2969 4965 3087 5019 pro
3131 4951 3300 5006 nobis
3349 4952 3625 5009 omnibus
3729 4952 3732 4954 ⁷

1952 5037 2208 5094 tradidit
2238 5039 2412 5094 illum
2431 5055 2454 5096 .'
2471 5041 2762 5111 quomodo
2783 5056 2904 5096 non
2926 5041 3107 5098 etiam
3137 5056 3269 5097 cum
3294 5042 3401 5098 illo
3419 5043 3624 5098 omnia

1951 5128 2119 5184 nobis
2151 5129 2399 5186 donavit
2425 5133 2454 5184 ?
2477 5130 2667 5201 (Rom.
2701 5147 2825 5202 VIII,
2852 5134 2966 5199 32).
3011 5133 3162 5188 Cum
3206 5131 3336 5188 haec
3367 5133 3625 5205 promis.

1951 5215 2038 5271 sio
2069 5216 2493 5289 complebitur,
2518 5218 2666 5292 quid
2695 5219 2942 5291 erimus,
2975 5221 3186 5293 quales
3213 5221 3460 5288 erimus,
3481 5235 3621 5291 quas

1949 5303 2116 5362 bona
2138 5304 2199 5362 in
2227 5306 2329 5363 illo
2368 5323 2556 5380 regno
2586 5309 2889 5382 accepturi
2924 5326 3138 5366 sumus
3158 5309 3187 5365 εἰ
3235 5309 3623 5382 quandoqui-

1949 5393 2090 5452 dem
2115 5396 2344 5454 Christo
2393 5399 2686 5456 moriente
2714 5415 2826 5474 pro
2877 5399 3058 5456 nobis
3081 5399 3197 5456 tale
3237 5400 3370 5471 jam
3397 5399 3622 5471 pignus

1955 5486 2341 5559 accepimus;
2402 5489 2600 5562 qualis
2631 5488 2741 5546 erit
2773 5489 3018 5563 spiritus
3046 5488 3332 5560 hominis,
3383 5487 3624 5548 nullum

1951 5576 2202 5632 omnino
2230 5578 2465 5634 habens
2497 5579 2726 5647 vitium,
2768 5595 2880 5636 nec
2911 5579 3028 5636 sub
3058 5595 3182 5652 quo
3208 5578 3452 5650 jacebit,
3510 5594 3623 5635 nec

1955 5667 2054 5723 cui
2081 5667 2275 5738 cedat,
2303 5685 2414 5726 nec
2437 5675 2650 5727 contra
2677 5670 2846 5745 quod
2871 5669 3084 5727 saltem
3121 5667 3502 5728 laudabiliter
3535 5667 3623 5725 di-

1959 5757 2162 5832 micet,
2185 5760 2487 5847 pacatissa
2510 5761 2721 5826 virtute
2748 5761 3050 5841 perfectus
3075 5760 3104 5818 ?
3134 5763 3354 5820 Rerum
3383 5759 3468 5819 ibi
3495 5767 3626 5822 om‘
