3950 6390
270 226 291 235 ’
346 268 476 332 1331

1447 274 1503 329 S.
1548 273 1925 331 PRUDENTII
1962 266 2340 329 TRICENSIS
2379 268 2699 328 EPISCOPI

3635 272 3790 330 i332

343 397 517 457 nium
537 398 788 471 quanta,
810 412 997 471 quam
1028 398 1532 472 speciosa,quam
1549 405 1709 456 certa
1732 399 2003 469 scientia,
2032 396 2080 453 Α
2126 396 2418 453 mutanda
2446 395 2541 452 vel
2572 396 2915 466 transitura,
2939 394 3045 449 sed
3076 393 3289 449 eadem
3319 408 3458 466 quas
3490 397 3803 469 tempora.

350 487 481 545 sine
510 502 708 543 errore
732 487 959 560 aliquo,
984 487 1077 543 Vel
1101 487 1330 555 labore,
1351 488 1455 543 ubi
1488 489 1587 545 Dei
1618 490 1911 562 sapientia
1931 489 2006 544 de

348 577 483 652 ipso
508 592 618 633 suo
650 575 808 633 fonte
827 576 1134 649 potabitur
1157 592 1297 633 cum
1316 593 1561 636 summa
1590 579 1864 637 felicitate
1878 578 2005 635 sine

348 667 475 728 ulla
502 665 849 725 difﬁcultate
876 667 905 724 ?
934 667 1119 735 Quale
1148 667 1259 725 erit
1313 684 1556 742 corpus,
1606 669 1773 744 quod
1819 668 2011 726 omni.

350 755 537 815 modo
561 753 793 829 spiritui
814 754 1146 825 subditum,
1168 761 1225 814 et
1243 773 1368 830 quo
1390 758 1518 830 [al.,
1538 760 1633 829 eo)
1650 759 2012 815 sufﬁcienter

349 844 720 903 viviﬁcatum
758 844 938 902 nullis
967 845 1268 903 alimoniis
1298 847 1632 917 indigebit?
1690 852 1818 905 Non
1848 849 2009 906 enim

353 935 633 1003 animale,
666 935 773 991 sed
794 934 1056 1009 spiritale
1082 936 1212 1003 erit,
1233 936 1470 994 habens
1514 940 1763 1012 quidem
1790 940 2008 1008 carnis,

352 1022 457 1079 sed
478 1023 608 1080 sine
627 1022 751 1080 ulla
771 1024 997 1081 carnali
1019 1026 1401 1100 corruptione
1431 1026 1879 1101 substantiam.)

422 1116 466 1187 -ι-
495 1113 660 1171 idem
705 1115 767 1172 in
796 1114 1046 1173 homilia
1076 1117 1325 1173 Pascha;
1382 1119 1592 1186 (Serm.
1627 1118 1709 1191 18)
1764 1129 1784 1174 :'
1811 1117 2010 1191 [Audi,

351 1203 648 1278 imperite,
710 1206 919 1263 contra
966 1205 1350 1279 quotidianus
1402 1206 1731 1264 lectionum
1811 1224 2012 1275 voces,

354 1293 555 1364 surde,
583 1292 730 1351 audi
749 1295 1061 1368 quomodo
1082 1295 1235 1353 redit
1264 1294 1343 1352 ad
1373 1313 1593 1370 corpus
1615 1297 1884 1371 quidem,
1910 1298 2015 1355 sed

352 1396 480 1441 non
507 1384 718 1440 mortis
746 1384 929 1456 hujus
954 1398 968 1440 :
998 1399 1122 1441 non
1153 1384 1297 1458 quia
1319 1385 1481 1443 aliud
1508 1386 1614 1443 erit
1642 1403 1884 1462 corpus,
1910 1387 2016 1443 sed

353 1472 501 1549 quia
525 1478 758 1546 oportet
787 1475 1181 1544 corruptibile
1213 1474 1323 1531 hoc
1343 1476 1595 1533 induere
1614 1477 2015 1548 incorruptio-

353 1576 491 1618 nem
539 1566 613 1619 et-
648 1563 906 1619 mortale
955 1562 1066 1619 hoc
1110 1563 1360 1621 induere
1402 1565 1916 1623 immortalitatem
1968 1565 2023 1639 (Ι

357 1650 499 1708 Cor.
520 1665 621 1718 xv,
655 1653 766 1717 52).
790 1652 1021 1707 Fratres
1052 1651 1190 1719 mei,
1228 1652 1475 1725 quando
1501 1654 1739 1710 dicebat
1769 1657 2019 1729 Aposto-

2119 482 2252 539 liter
2281 489 2521 541 mortua
2551 485 2806 555 fuerant,
2833 489 3189 552 surrectura,
3213 487 3280 539 ut
3304 483 3365 539 in
3386 484 3613 541 eisdem
3635 487 3800 543 reci-

2118 573 2469 647 piantquod
2499 580 2824 632 merentur.
2852 574 2998 631 Hinc
3025 575 3204 631 etiam
3256 572 3350 631 vel
3380 574 3650 632 maxime
3681 581 3801 634 tua

2118 663 2495 737 impudentia
2524 666 3015 739 deprehenditur,
3074 663 3243 738 quod
3297 663 3801 723 immutationem

2119 753 2423 812 damnatis
2453 756 2767 825 attribuas,
2808 771 2995 830 quam
3028 754 3171 811 solis
3204 754 3426 810 sanctis
3455 756 3797 829 Apostolus

2121 846 2550 917 compromittit
2578 846 2786 903 dicens
2823 864 2835 901 :
2872 847 3083 902 Omnes
3113 845 3349 919 quidem
3381 859 3792 918 resurgemus,

2122 935 2223 990 sed
2259 951 2380 991 non
2411 950 2608 992 omnes
2658 935 3113 992 immutabimur
3153 934 3210 1006 (Ι
3253 935 3391 991 Cor.
3445 951 3541 1003 xv,
3571 936 3682 1007 5t).
3724 938 3798 991 Et

2120 1024 2264 1080 item
2296 1043 2310 1080 :
2344 1026 2572 1081 Mortui
2598 1032 2913 1096 resurgant
2944 1026 3301 1094 incorrupti.
3326 1025 3405 1080 Et
3435 1040 3541 1081 nos
3569 1027 3797 1081 immu-

2125 1114 2387 1170 tabimur
2413 1115 2609 1185 ρὺίίίη
2645 1116 2752 1186 5'2).
2784 1119 2897 1171 Nec
2928 1114 3148 1170 mirum
3180 1114 3228 1169 si
3258 1118 3465 1171 contra
3493 1129 3796 1187 sequaces

2124 1202 2466 1275 apostolicae
2490 1203 2777 1260 doctrinm
2825 1208 2881 1260 et
2909 1203 3051 1259 ﬁdei
3078 1202 3401 1275 impudens
3444 1203 3791 1275 obstrepas,

2124 1291 2229 1364 qui
2261 1296 2469 1347 contra
2499 1293 2892 1365 apostolicam
2924 1292 3353 1349 sublimitatem
3383 1307 3568 1349 ausus
3601 1308 3666 1348 es
3683 1291 3800 1347 ob-

2127 1381 2397 1451 gannire.
2432 1383 2632 1454 Neque
2653 1397 2689 1437 a
2721 1382 3030 1455 superiore
3046 1382 3205 1451 igne,
3227 1386 3292 1438 ut
3315 1381 3554 1450 deliras,
3576 1379 3799 1454 impio-

2125 1485 2263 1525 rum
2286 1478 2540 1543 corpora
2561 1470 2881 1543 patientur,
2911 1471 3017 1526 sed
3033 1472 3096 1526 in
3127 1486 3191 1527 eo
3217 1471 3357 1541 igne
3382 1471 3796 1527 incommuta-

2127 1558 2323 1615 biliter
2369 1559 2687 1629 ardehunt,
2732 1562 2841 1631 qui
2881 1566 3269 1629 praeparatus
3302 1566 3389 1616 est
3437 1558 3676 1616 diabolo
3735 1563 3797 1615 et

2130 1652 2360 1720 angelis
2391 1652 2518 1720 ejus
2535 1650 2774 1721 (Matth.
2807 1666 2939 1718 xxv,
2971 1651 3085 1721 41).
3120 1649 3265 1705 Hinc
3320 1648 3697 1721 Augustinus
3730 1649 3799 1705 in

354 1737 472 1809 lus,
505 1738 896 1809 corruptibile
936 1739 1065 1804 hoc,
1107 1741 1366 1797 mortale
1395 1741 1527 1806 hoe,
1557 1744 2018 1817 quodammodo
2047 1750 2091 1818 δ
2128 1738 2284 1794 libro
2310 1753 2411 1794 ut
2442 1738 2516 1794 de
2546 1737 2790 1794 Civitate
2823 1737 2922 1793 Dei
2954 1739 3109 1809 (cap.
3142 1741 3221 1803 4).
3283 1738 3460 1808 [Ovid
3516 1738 3723 1795 adhuc
3759 1754 3800 1794 ἃ

357 1843 601 1886 carnem
625 1842 801 1884 suam
826 1843 975 1885 voce
1000 1828 1306 1901 tangebat,
1338 1845 1464 1887 non
1491 1846 1634 1901 ergo
1658 1831 1841 1888 aliud.
1866 1836 2019 1894 Non.

353 1916 568 1991 inquit,
601 1928 765 1992 pono
795 1932 1017 1991 corpus
1064 1921 1369 1976 terrenum
1424 1923 1481 1977 et
1511 1920 1743 1995 accipio
1800 1939 2019 1997 corpus

356 2021 623 2076 aereum,
656 2010 761 2064 aut
792 2006 1021 2081 accipio
1044 2023 1261 2079 corpus
1279 2010 1628 2081 aethereum,
1646 2012 1841 2082 ipsum
1865 2012 2018 2069 acci-

353 2097 479 2172 pio,
503 2096 609 2153 sed
624 2097 757 2169 jam
785 2113 906 2154 non
943 2099 1157 2155 mortis
1184 2096 1387 2171 hujus,
1434 2101 1577 2172 quia
1609 2106 1843 2171 oportet
1885 2118 2016 2159 eor—

354 2186 662 2261 ruptibile,
682 2202 805 2244 non
826 2186 1011 2258 aliud,
1027 2187 1133 2245 scd
1164 2188 1293 2258 hoc,
1314 2190 1565 2248 induere
1608 2190 2013 2263 incorruptio-

354 2292 512 2345 nem,
542 2280 600 2334 et
619 2277 892 2348 mortale,
924 2293 1049 2334 non
1079 2276 1266 2345 aliud,
1307 2278 1413 2335 sed
1450 2280 1579 2343 hoc,
1629 2280 1881 2339 induere
1908 2282 2016 2339 im-

354 2365 836 2439 mortalitatem]

426 2455 468 2525 ἰ-
500 2454 783 2513 Omnium
829 2454 1032 2529 itaque
1066 2452 1546 2513 orthodoxorum
1583 2457 1697 2516 ista
1753 2474 2016 2516 resurre-

354 2543 568 2602 ctionis
600 2560 927 2618 corporum
955 2543 1367 2603 humanorum
1412 2562 1662 2605 concors
1722 2549 2019 2607 sententia

353 2637 461 2703 est,
484 2633 632 2691 utin
660 2649 825 2704 vera,
865 2636 989 2690 imo
1046 2633 1262 2692 eadem
1320 2650 1501 2694 carne
1548 2653 1672 2712 qua
1722 2636 2019 2697 dissoluta

354 2726 513 2788 sunt,
538 2724 718 2797 atque
742 2723 805 2781 in
821 2723 1205 2797 putrediuem
1225 2724 1657 2801 pulveremque
1671 2727 1935 2797 recincta,
1956 2729 2020 2785 in

354 2810 584 2869 eisdem
611 2812 875 2882 ossibus,
899 2812 961 2869 in
977 2811 1204 2869 eisdem
1234 2815 1525 2872 membris
1558 2816 1910 2891 eisdemque
1937 2817 2025 2873 of.

346 2899 507 2959 ﬁciis
533 2904 941 2960 resurrectura
967 2902 1309 2975 credantur,
1354 2905 1561 2963 addita
1608 2905 1892 2963 omnibus
1918 2907 2027 2963 im-

354 2991 738 3065 mortalitate,
773 2991 881 3049 sed
909 2991 1052 3050 solis
1078 2994 1301 3051 sanctis
1331 2992 1764 3066 gloriﬁcatione
1813 3013 2025 3072 perpe-

2126 1827 2303 1884 nohis
2333 1842 2532 1883 rerum
2560 1831 2891 1900 poscuntur
2920 1826 3194 1900 exempla
3214 1826 3435 1900 quibus
3456 1827 3801 1884 doceamus

2125 1932 2247 1973 non
2279 1932 2412 1973 esse
2437 1915 2784 1972 incredibile
2814 1920 2880 1972 ut
2907 1916 3224 1973 hominum
3256 1928 3510 1989 corpora
3569 1916 3799 1990 sempi-

2122 2008 2295 2063 terno
2338 2006 2632 2080 supplicio
2678 2007 3030 2080 punitorum
3078 2010 3134 2063 et
3164 2007 3301 2078 igne
3339 2006 3609 2063 animam
3663 2021 3796 2063 non

2126 2096 2400 2153 amittant
2431 2100 2488 2153 et
2507 2096 2633 2152 sine
2655 2096 3014 2152 detrimento
3040 2096 3279 2164 adeant,
3311 2099 3369 2151 et
3390 2096 3518 2151 sine
3547 2096 3799 2153 interitu

2118 2184 2385 2243 doleant.
2421 2185 2677 2242 Habebit
2701 2187 2862 2242 enim
2890 2190 3033 2243 tunc
3065 2186 3178 2243 ista
3204 2186 3402 2243 carnis
3446 2184 3795 2243 substantia

2125 2276 2479 2349 qualitatem
2508 2275 2710 2332 abillo
2739 2275 3016 2346 inditam,
3049 2275 3154 2350 qui
3196 2280 3322 2331 tam
3362 2276 3546 2335 miras
3598 2279 3656 2331 et
3683 2290 3793 2332 va-

2124 2366 2244 2422 rias
2276 2369 2360 2423 tot
2392 2364 2577 2422 rebus
2607 2363 2825 2421 indidit
2853 2379 3009 2437 quas
3040 2364 3337 2436 videmus,
3369 2368 3435 2421 ut
3487 2378 3612 2436 eas,
3642 2364 3794 2438 quia

2125 2455 2330 2513 multa:
2362 2459 2523 2525 sunt,
2550 2469 2676 2511 non
2705 2452 3037 2526 miremur.]

2200 2548 2241 2616 ιι-
2272 2549 2336 2601 ln
2366 2544 2580 2601 eodem
2634 2543 2757 2615 (lib.
2790 2559 2906 2613 xxi,
2953 2558 3087 2617 cap.
3125 2546 3177 2616 9)
3215 2558 3228 2600 :
3260 2544 3457 2616 [Quod
3503 2544 3686 2616 igitur
3714 2544 3793 2600 de

2130 2634 2493 2707 sempiterno
2526 2631 2821 2705 supplicio
2850 2631 3280 2690 damnatorum
3312 2647 3420 2706 per
3448 2648 3625 2689 suum
3655 2648 3796 2706 pro-

2128 2724 2378 2798 phetam
2410 2724 2564 2778 Deus
2592 2721 2741 2777 dixit
2766 2721 2913 2792 ﬁeri,
2944 2722 3195 2779 omnino
3250 2722 3352 2779 ﬁet
3385 2738 3398 2778 :
3442 2724 3665 2779 Vermis
3704 2738 3797 2779 eo-

2131 2826 2266 2869 rum
2290 2827 2407 2868 non
2438 2812 2750 2883 morietur,
2779 2816 2835 2867 et
2863 2813 3019 2883 ignis
3051 2827 3253 2868 eorum
3297 2829 3415 2868 non
3444 2814 3791 2884 exstingue-

2136 2901 2406 2974 lur(Isa.
2461 2917 2613 2972 LXVI,
2660 2900 2775 2973 24).
2834 2901 2921 2956 Ad
2976 2902 3091 2957 hoc
3157 2901 3318 2958 enim
3374 2901 3794 2957 vehementius

2132 2991 2691 3049 commendandum
2721 2990 2901 3047 etiam
2924 2992 3211 3047 Dominus
3230 2994 3399 3048 Jesus
3442 3007 3580 3047 cum
3601 3007 3794 3048 mem-

351 3084 481 3155 tua,
494 3081 1362 3156 impiisnaturzetantumJicet
1378 3084 1456 3142 ad
1485 3100 1752 3159 pcenam,
1777 3086 2022 3144 immor-
2051 3124 2091 3185 Ο
2131 3081 2262 3151 bra,
2294 3097 2431 3156 quae.
2458 3080 2769 3137 hominem
2798 3081 3223 3152 scandalizent,
3253 3097 3364 3155 pro
3392 3081 3485 3137 his
3506 3080 3793 3137 omnibus

352 3170 577 3230 talitate
608 3174 861 3230 servata.
897 3172 1202 3247 Quidquid
1229 3173 1449 3231 etenim
1478 3174 1554 3231 de
1572 3176 2017 3247 resurgentium

354 3263 711 3337 corporibus
730 3261 1019 3321 fallaciter
1047 3264 1347 3321 autumari
1380 3267 1437 3322 et
1463 3264 1832 3323 mendaciter
1869 3266 2018 3338 ﬁngi

353 3356 612 3428 poterat,
630 3352 941 3410 evacuavit
949 3353 1169 3411 veritas
1190 3353 1388 3411 carnis
1401 3355 1767 3425 resurgentis
1780 3356 2019 3414 Domini

353 3441 547 3500 nostri
565 3443 706 3500 Jesu
727 3441 960 3511 Christi,
983 3457 1170 3516 quam
1190 3442 1561 3517 palpabilem
1583 3448 1641 3502 et
1662 3445 2018 3503 mortalibus

357 3530 549 3591 oculis
561 3530 880 3604 visibilem,
893 3530 1269 3589 cicatricibus
1284 3548 1529 3608 quoque
1547 3535 2017 3606 cognoscibilem

354 3619 707 3697 praebendo,
730 3620 879 3695 quid
898 3621 974 3678 de
994 3621 1283 3678 membris
1313 3622 1365 3694 ej
1375 3636 1442 3678 us
1464 3622 1626 3679 credi
1655 3622 1899 3682 deberet
1919 3641 2017 3682 os-

357 3708 566 3783 tendit,
596 3708 874 3768 videlicet
899 3724 1293 3783 nequaquam
1341 3709 1404 3766 in
1435 3711 1687 3769 aethereo
1716 3712 1811 3769 vel
1842 3729 2018 3771 aereo

358 3814 610 3875 corpore
641 3804 1002 3865 surrectura,
1034 3798 1142 3855 sed
1170 3799 1233 3856 in
1263 3814 1335 3855 eo
1364 3796 1426 3856 in
1483 3816 1607 3873 quo
1637 3800 1884 3859 dissolvi
1913 3820 2021 3877 po-

352 3893 596 3949 tuerant
624 3888 957 3964 quamlibet
971 3887 1326 3959 gloriﬁcato.
1350 3891 1465 3946 Nec
1486 3888 1635 3947 illud
1661 3891 1862 3949 minus
1883 3909 2022 3968 pro-

356 3976 559 4037 babile
574 3978 716 4036 huic
732 3976 1046 4036 assertioni
1065 3974 1327 4047 additur,
1352 3978 1518 4051 quod
1534 3996 1674 4037 cum
1695 3981 1757 4038 in
1789 3982 2020 4054 judicio

357 4086 571 4128 omnes
591 4068 771 4127 etiam
800 4070 1147 4141 peccatores
1175 4066 1363 4123 visuri
1385 4068 1502 4125 sint
1529 4070 1852 4128 Dominum
1893 4073 2020 4130 Sal-

356 4160 655 4227 vatorem,
702 4155 1047 4213 nullatenus
1092 4155 1156 4210 in
1186 4155 1444 4213 aethereo
1484 4175 1757 4234 corpore,
1805 4162 1910 4219 sed
1958 4162 2021 4218 in

361 4259 542 4303 carne
570 4244 706 4300 licet
732 4241 1060 4300 immortali
1089 4258 1231 4300 eum
1279 4245 1463 4302 visuri
1497 4248 1842 4322 creduntur,
1875 4267 2027 4325 quo-

356 4335 529 4393 niam
555 4330 851 4391 Videbunt
870 4334 933 4389 in
954 4349 1127 4408 quem
1157 4345 1655 4409 eompunxerunt.
1709 4340 2023 4399 Cicatrices

359 4421 589 4501 quippe
617 4422 680 4479 in
709 4422 967 4479 mthereo
1014 4438 1263 4500 corpore
1310 4426 1490 4483 nullae
1541 4432 1698 4493 sunt,
1742 4433 1844 4487 aut
1892 4446 2020 4487 esse

357 4491 641 4590 possunt,
657 4513 838 4569 restat
852 4526 994 4584 ergo
1016 4517 1080 4569 ut
1091 4491 1153 4568 in
1170 4516 1418 4571 terrente
1432 4491 2025 4594 substantiae,quam-
2053 4491 2097 4547 Β

357 4602 505 4662 libet
517 4601 739 4659 cmlesti
756 4604 939 4675 atque
955 4600 1391 4677 incorruptibili
1406 4606 1811 4679 posthac,imo
1828 4609 2031 4667 ineffa-

359 4691 493 4766 bili,
537 4690 730 4769 gloria
750 4691 997 4759 donato,
1047 4708 1298 4767 corpore
1327 4694 1604 4753 videatur
1631 4697 1694 4755 in
1723 4714 1849 4771 quo
1880 4699 2033 4758 cica-

360 4780 536 4841 trices
567 4780 900 4856 plagarum
927 4782 1173 4841 videant
1199 4783 1407 4858 impii;
1440 4801 1594 4859 quas
1624 4787 1961 4861 crudeliter,
1976 4794 2034 4848 et

358 4872 742 4948 iniquissime
793 4871 1159 4943 inﬂixerunt,
1190 4888 1348 4948 quas
1388 4878 1820 4935 contumaciter
1849 4884 1906 4937 et
1936 4897 2031 4938 su-

359 4961 718 5041 perbissime
748 4965 1241 5037 contempserunt
1270 4980 1340 5023 ac
1351 4964 1707 5024 deriserunt.
1735 4968 1853 5025 Nisi
1879 4969 2029 5028 forte

362 5068 506 5110 cum
560 5052 855 5110 Marcione
912 5053 1170 5129 ejusque
1227 5053 1623 5129 complicibus
1665 5057 1934 5115 dicturus
1966 5076 2029 5117 es

362 5140 691 5201 Dominum
710 5144 988 5199 nostrum
1012 5144 1216 5201 Iesum
1246 5145 1547 5203 Christum
1567 5146 2029 5206 tabernaculum

360 5231 427 5289 id
455 5235 546 5290 est
573 5247 794 5306 corpus
824 5246 1024 5301 suum,
1050 5233 1476 5293 ascendentem
1505 5236 1567 5292 in
1597 5236 1817 5295 coelum
1848 5237 2031 5313 depo-

363 5320 580 5392 suisse,
613 5323 673 5378 et
693 5324 796 5378 aut
826 5319 955 5377 sine
986 5336 1236 5396 corpore
1261 5322 1324 5381 in
1354 5324 1509 5382 coelo
1547 5327 1891 5399 consistere,
1926 5333 2031 5387 aut

362 5410 532 5472 aliud
561 5409 654 5469 vel
682 5410 1030 5483 aethereum,
1082 5412 1177 5470 vel
1215 5415 1627 5490 quodcunque
1676 5415 1914 5477 libuerit
1943 5435 2033 5477 re-

363 5502 716 5577 sumpsisse.
749 5504 940 5570 Quam
970 5501 1341 5578 impietatem
1366 5506 1496 5579 jam
1527 5506 1672 5565 olim
1712 5509 2029 5567 ecclesias-

360 5590 480 5649 tica
506 5590 698 5664 pietas
723 5607 865 5650 cum
896 5592 1019 5650 suis
1050 5594 1397 5652 auctoribus
1430 5597 1889 5669 praedamnavit.

336 5754 359 5765 ν
436 5680 677 5765 portum
705 5682 1004 5759 estigitur
1047 5684 1217 5742 nulla
1271 5689 1620 5744 sanctorum
1652 5705 1907 5763 corpora
1964 5684 2026 5747 in

371 5763 715 5840 aetherem,
734 5770 903 5832 nulla
917 5774 1319 5849 reproborum
1333 5776 1397 5835 in
1409 5792 1653 5837 aeream
1666 5780 2018 5852 qualitatem

2130 3176 2381 3245 poneret
2410 3186 2565 3244 quos
2585 3174 2650 3226 ut
2669 3186 2783 3227 sua
2812 3170 3089 3226 membra
3118 3170 3322 3228 dextra
3351 3171 3608 3244 quisque
3655 3169 3791 3226 dili-

2131 3262 2232 3332 git,
2264 3276 2455 3334 eaque
2489 3259 2842 3332 praeciperet
2886 3259 3190 3332 amputari
3218 3276 3231 3317 :
3265 3261 3502 3316 Bonum
3546 3264 3633 3316 est
3659 3259 3787 3323 tibi,

2129 3351 2341 3423 inquit,
2378 3350 2628 3407 debilem
2649 3350 2905 3405 introire
2935 3350 2995 3404 in
3037 3350 3221 3405 vitam
3275 3354 3589 3411 aeternam,
3611 3362 3789 3421 quam

2129 3441 2282 3497 duas
2324 3454 2541 3496 manus
2590 3438 2903 3495 habentem
2952 3440 3114 3494 mitti
3160 3440 3223 3494 in
3256 3440 3592 3510 gehennam
3634 3438 3790 3508 ignis

2127 3529 2637 3600 inexstinguibilis
2687 3526 2811 3599 [al.,
2843 3529 2906 3582 in
2938 3528 3134 3597 ignem
3194 3526 3789 3599 inexstinguibilem],

2129 3621 2232 3677 ubi
2262 3622 2474 3677 vermis
2506 3634 2708 3675 eorum
2751 3633 2872 3673 non
2910 3618 3222 3686 morietur,
3270 3623 3327 3674 et
3375 3620 3530 3689 ignis
3586 3632 3789 3674 eorum

2130 3727 2250 3767 non
2278 3710 2698 3780 exstinguetur
2721 3707 2936 3779 (Marc.
2966 3722 3045 3775 IX,
3074 3708 3188 3779 42).
3216 3707 3494 3764 Similiter
3508 3706 3584 3763 de
3612 3706 3785 3780 pede.

2130 3802 2366 3858 Bonum
2397 3804 2480 3855 est
2513 3797 2640 3864 tibi,
2682 3795 2896 3868 inquit,
2933 3796 3216 3853 claudum
3239 3798 3493 3853 introire
3519 3797 3584 3853 in
3607 3801 3789 3854 vitam

2131 3896 2441 3959 aeternam,
2472 3902 2653 3959 quam
2693 3886 2840 3941 duos
2863 3886 3042 3955 pedes
3074 3886 3385 3942 habentem
3416 3888 3577 3943 mitti
3603 3888 3667 3943 in
3690 3901 3786 3959 ge-

2132 3981 2392 4041 hennam
2422 3978 2578 4049 ignis
2609 3975 3119 4045 inexstinguibilis
3149 3994 3161 4032 :
3187 3975 3290 4032 ubi
3341 3977 3558 4033 vermis
3587 3992 3786 4034 eorum

2131 4087 2253 4128 non
2283 4070 2594 4137 morietur,
2633 4071 2687 4123 et
2738 4066 2892 4135 ignis
2950 4081 3071 4121 non
3101 4067 3522 4136 exstinguetur
3567 4066 3784 4139 (Ibid).

2134 4164 2263 4218 Non
2293 4158 2461 4217 aliter
2492 4157 2570 4214 ait
2603 4160 2657 4212 et
2680 4154 2757 4211 de
2782 4154 2958 4212 oculo
2991 4171 3004 4210 :
3037 4156 3274 4213 Bonum
3314 4162 3397 4212 est
3423 4157 3535 4213 tibi
3562 4158 3784 4213 luscum

2133 4250 2386 4308 introire
2414 4250 2477 4304 in
2507 4262 2757 4318 regnum
2788 4246 2917 4316 Dei,
2952 4261 3130 4317 quam
3160 4246 3308 4302 duos
3334 4248 3535 4303 oculos
3570 4246 3784 4303 haben-

2136 4346 2249 4399 tem
2280 4340 2441 4397 mitti
2463 4339 2527 4394 in
2555 4336 2888 4409 gehennam
2916 4337 3069 4406 ignis
3115 4336 3644 4407 inexstinguibilis,
3688 4333 3788 4390 ubi

2138 4430 2350 4490 vermis
2376 4444 2578 4486 eorum
2625 4442 2743 4481 non
2778 4426 3087 4493 morietur,
3122 4431 3177 4483 et
3230 4427 3385 4497 ignis
3429 4442 3548 4483 non
3578 4424 3787 4483 (nstin.

2137 4524 2356 4591 guelur
2384 4516 2583 4589 (1bid.,
2615 4516 2871 4587 «17).Non
2889 4529 3029 4569 eum
3053 4512 3247 4586 piguit
3270 4530 3392 4570 uno
3420 4513 3552 4571 loco
3580 4512 3785 4569 eadem

2139 4608 2327 4666 verba
2355 4612 2442 4664 ter
2466 4607 2662 4663 dicere
2687 4624 2699 4674 ;
2731 4620 2916 4677 quem
2943 4619 3070 4659 non
3101 4608 3315 4661 terreat
3364 4604 3482 4661 ista
3522 4601 3784 4675 repetitio

2140 4703 2195 4755 et
2254 4697 2410 4754 illius
2459 4712 2655 4770 paenae
2710 4692 3156 4749 commendatio
3212 4695 3344 4766 [al.,
3384 4691 3783 4762 comminatio)

2140 4792 2266 4845 tam
2295 4787 2620 4844 vehemens
2667 4800 2768 4840 ore
2825 4782 3049 4838 divino.
3088 4786 3414 4857 Utrumque
3461 4787 3658 4839 autem
3684 4780 3783 4836 ho-

2140 4894 2299 4951 rum,
2329 4877 2531 4949 ignem
2565 4874 2784 4931 scilicet
2810 4876 2989 4945 atque
3020 4888 3305 4945 vermem,
3347 4873 3453 4947 qui
3484 4872 3681 4929 volunt
3705 4870 3781 4926 ad

2140 4967 2483 5024 animarum
2517 4966 2642 5038 [al.,
2677 4964 2916 5035 animas]
2963 4978 3198 5036 poenas,
3250 4980 3375 5019 non
3406 4962 3485 5020 ad
3526 4959 3782 5035 corporis

2138 5058 2454 5133 pertinere,
2482 5057 2690 5114 dicunt
2713 5057 2889 5114 etiam
2921 5057 3014 5114 uri
3045 5055 3251 5112 dolore
3281 5053 3467 5110 animi
3499 5052 3629 5126 [al.,
3668 5050 3781 5107 ani-

2137 5149 2277 5225 mae]
2302 5164 2453 5213 sero,
2486 5150 2667 5220 atque
2697 5146 3062 5205 infructuose
3116 5144 3472 5219 pceniteutes
3522 5158 3643 5211 eos,
3686 5146 3781 5214 qui

2138 5237 2359 5296 fuerint
2383 5254 2419 5294 a
2446 5253 2634 5308 regno
2658 5237 2759 5293 Dei
2781 5236 3056 5311 separati,
3086 5238 3142 5291 et
3168 5234 3304 5290 ideo
3321 5234 3521 5304 ignem
3539 5247 3648 5305 pro
3676 5232 3780 5287 isto

2138 5330 2344 5389 dolore
2374 5334 2647 5387 urentem
2675 5344 2797 5385 non
2824 5329 3156 5401 incongrue
3186 5325 3330 5400 poni
3360 5324 3627 5399 potuisse
3658 5339 3782 5379 con-

2138 5420 2413 5478 tendunt.
2449 5418 2613 5475 Unde
2639 5417 2786 5475 illud
2814 5416 3081 5492 Apostoli
3110 5420 3196 5472 est
3228 5431 3239 5470 :
3265 5415 3403 5483 Quis
3425 5411 3780 5469 scandaliza-

2140 5518 2262 5580 tur,
2301 5517 2355 5568 et
2395 5525 2500 5581 ego
2553 5525 2673 5566 non
2730 5524 2877 5565 uror
2903 5513 2931 5564 ?
2984 5507 3078 5579 (ῙῙ
3101 5508 3238 5564 Cor.
3273 5520 3331 5568 ιι,
3366 5504 3452 5575 29)
3512 5502 3779 5557 eumdem

2137 5601 2314 5659 etiam
2344 5616 2611 5657 vermcm
2669 5602 2883 5673 putant
2938 5593 3394 5665 intelligendum
3440 5607 3592 5648 esse.
3642 5594 3778 5647 Nam

2138 5693 2428 5766 scriptum
2449 5695 2554 5759 est,
2578 5691 2857 5764 inquiunt
2889 5706 2900 5743 :
2929 5689 3097 5745 Sicut
3116 5688 3277 5743 tinea
3306 5686 3705 5741 vestimentiqu
3729 5688 3776 5738 et

2136 5784 2349 5840 vermis
2377 5783 2629 5854 lignum,
2652 5782 2737 5837 sic
2761 5792 2982 5837 mceror
3005 5774 3315 5839 excruciat
3336 5790 3439 5833 cor
3459 5772 3773 5846 viri(Prov,
