3950 6380
183 250 331 312 ιθθι

1124 256 1210 310 DE
1268 249 1952 312 PRZEDESTINATIONE
1998 250 2274 311 CONTRA
2314 255 2366 309 J.
2404 253 2700 312 BGO'l‘UM.

3496 259 3630 316 i934

178 394 332 440 xxv,
362 377 474 449 2t).
501 377 616 442 Qui
646 392 789 432 vero
819 393 1033 450 poenas
1065 384 1122 436 et
1151 380 1337 435 animi
1367 381 1499 450 (aL,
1533 377 1773 445 animm]
1800 379 1866 430 et
1886 377 1931 431 A
1967 376 2136 444 ignes
2166 378 2525 453 ipsi,quibus
2544 380 2961 447 adluerchunt,
2996 379 3632 451 coruinjuncturains-

181 467 462 541 corporis
494 466 662 522 nullo
695 468 989 539 supplicio
1011 469 1242 524 futuras
1266 486 1392 525 esse
1425 484 1546 523 non
1579 466 1859 522 dubitant

183 558 330 628 igne
360 557 453 613 uri
473 571 717 628 corpus,
751 557 1026 613 animum
1059 560 1186 630 [al.,
1221 559 1512 628 animam]
1543 562 1744 612 autem
1766 571 1857 610 ro-

185 648 252 704 di
284 647 748 720 quodammodo
776 663 978 704 verme
1021 650 1296 705 mmroris
1331 649 1657 705 afﬁrmant.
1685 644 1859 712 Quod

189 744 252 794 et,
272 738 323 793 si
343 736 688 793 credibilius
715 737 951 804 dicitur,
975 739 1117 811 quia
1147 740 1352 812 utique
1382 738 1717 795 absurdum
1749 739 1856 802 est,

189 827 280 884 ibi
307 827 580 884 dolorem
636 832 740 883 aut
772 829 1039 899 corporis
1067 833 1170 885 aut
1201 828 1386 885 animi
1431 830 1560 899 [al.,
1613 826 1856 890 animae]

189 915 584 972 defuturum:
637 932 749 987 ego
777 922 978 973 tamen
1014 918 1243 974 facilius
1275 926 1357 974 est
1395 921 1526 988 (at,
1561 915 1857 985 existimo]

190 1010 261 1063 ut
295 1006 374 1062 ad
425 1021 647 1078 corpus
695 1006 895 1061 dicam
953 1010 1276 1080 utrumque
1332 1008 1624 1079 pertinere
1672 1019 1858 1078 quam

189 1100 515 1164 neutrum;
549 1099 605 1152 et
634 1096 770 1152 ideo
803 1097 1046 1153 tacitum
1068 1099 1125 1152 in
1150 1099 1261 1152 illis
1297 1098 1512 1152 divinae
1547 1095 1858 1168 Scripturre

189 1188 394 1244 verbis
423 1187 611 1244 animi
640 1187 931 1255 dolorem,
968 1189 1260 1260 quoniam
1292 1202 1668 1260 consequens
1722 1199 1854 1241 esse

190 1277 568 1347 intelligitur,
601 1277 836 1333 etiamsi
865 1293 988 1334 non
1019 1278 1270 1349 dicatur,
1306 1284 1368 1334 ut
1395 1294 1642 1350 corpore
1660 1276 1856 1331 sicdo-

188 1367 374 1437 lente,
401 1369 641 1424 animus
671 1383 912 1440 quoque
944 1369 1123 1428 sterili
1165 1370 1514 1442 poenitentia
1544 1367 1853 1424 crucietur.

191 1459 442 1526 Degitur
465 1458 690 1530 quippe
722 1462 776 1512 et
807 1458 868 1512 in
897 1458 1199 1513 veteribus
1229 1459 1575 1530 Scripturis:
1621 1455 1856 1512 Vindic-

191 1552 258 1602 ta
290 1549 494 1604 carnis
522 1549 692 1617 impii
718 1548 873 1618 ignis
915 1552 967 1604 et
995 1551 1208 1605 vermis
1239 1550 1451 1619 (Eccli.
1481 1563 1579 1617 vu,
1618 1546 1721 1618 19).
1758 1549 1858 1600 i’oo'

195 1638 313 1692 tuit
339 1635 580 1692 brevius
610 1635 748 1705 dici,
797 1638 1072 1694 Vindicta
1099 1639 1288 1708 impii,
1324 1651 1428 1692 cur
1458 1653 1599 1707 ergo
1631 1636 1856 1691 dictum

1967 468 2254 541 pircntur,
2295 476 2349 525 et
2379 471 2669 527 animalia
2693 471 2859 539 iiaut,
2880 487 3017 542 qua:
3042 475 3314 526 constent
3344 470 3557 543 spiritu
3577 476 3634 527 et

1969 571 2245 630 corpore;
2278 560 2403 629 sed,
2439 565 2503 615 ut
2531 560 2674 627 dixi,
2710 559 2878 614 miris
2911 565 2969 616 et
2998 558 3402 615 ineit‘abilibus
3431 560 3631 616 modis

1967 647 2356 717 adlnerendo,
2392 650 2756 722 accipientes
2811 664 2885 705 ex
2931 649 3176 719 ignibus
3206 663 3474 723 pmnam,
3507 661 3632 706 non

1968 738 2181 794 dantes
2205 739 2450 810 ignibus
2473 740 2841 806 vitam.Quia
2865 744 2921 797 et
2951 745 3058 796 iste
3090 740 3242 796 alius
3261 740 3632 815 modus,quo

1969 829 2325 900 corporibus
2357 829 2667 886 adhaerent
2713 829 2972 902 spiritus,
3032 834 3088 886 et
3141 829 3427 887 animalia
3456 830 3628 898 ﬁunt,

1969 918 2218 974 omnino
2242 919 2429 974 mirus
2451 925 2558 988 est,
2579 936 2688 975 nec
2717 920 3149 992 comprehendi
3161 921 3240 976 ab
3261 920 3505 976 homine
3521 927 3631 992 po-

1970 1011 2097 1074 test,
2123 1013 2178 1063 et
2191 1009 2302 1064 hoc
2323 1009 2447 1081 ipse
2474 1009 2658 1064 homo
2676 1009 3060 1065 est.Dicerem
3076 1009 3344 1081 quidem:
3365 1011 3447 1066 sic
3469 1019 3632 1065 arsu—

1969 1113 2068 1152 ros
2089 1098 2214 1154 sine
2228 1098 2350 1153 ullo
2365 1110 2471 1153 suo
2491 1112 2738 1172 corpore
2758 1099 3182 1172 spiritus,sicui
3202 1099 3454 1156 ardebat
3466 1100 3631 1172 apud

1967 1186 2190 1242 inferos
2209 1183 2304 1242 ille
2337 1188 2527 1251 dives,
2555 1187 2806 1259 quando
2823 1187 3096 1244 dicebat:
3141 1189 3397 1246 Crucior
3423 1189 3482 1245 in
3518 1189 3631 1244 hac

1966 1277 2212 1344 ﬂamma
2231 1277 2390 1347 (Luc.
2413 1293 2532 1347 xvr,
2552 1279 2638 1342 24)
2658 1297 2670 1345 ;
2709 1276 2820 1331 nisi
2838 1277 3256 1332 convenienter
3280 1277 3631 1349 responderi

1968 1379 2297 1428 cernerem,
2359 1367 2536 1422 talem
2592 1366 2772 1422 fuisse
2825 1365 2991 1421 illam
3035 1366 3372 1433 ﬂammam,
3420 1366 3630 1438 quales

1968 1455 2124 1510 oculi
2156 1472 2312 1527 quos
2343 1455 2578 1526 levavit,
2611 1460 2668 1510 et
2695 1455 3037 1511 Eleazarum
3060 1455 3190 1525 [al.,
3217 1457 3528 1527 Lazarum]
3551 1455 3632 1511 vi;

1968 1543 2074 1612 dit,
2101 1544 2300 1617 qualis
2331 1545 2560 1617 lingua,
2595 1543 2691 1600 cui
2735 1545 3057 1602 humorem
3085 1545 3372 1615 exiguum
3401 1545 3633 1600 deside;

1965 1633 2116 1690 ravit
2135 1634 2390 1704 infundi,
2423 1634 2618 1707 qualis
2644 1634 2866 1703 digitus
2884 1633 3143 1690 Eleazari
3175 1634 3248 1690 de
3275 1649 3398 1706 quo
3424 1634 3487 1689 id
3517 1633 3632 1690 sibi

191 1728 288 1780 est
319 1726 519 1780 car-nis
549 1726 740 1797 impii,
795 1726 907 1780 nisi
960 1727 1122 1798 quia,
1179 1733 1525 1798 utrumque,
1577 1725 1638 1780 id
1685 1729 1773 1780 est
1803 1728 1857 1778 et.
1889 1733 1930 1795 ῃ
1967 1723 2094 1778 ﬁeri
2125 1725 2484 1796 postulavit;
2520 1724 2623 1780 ubi
2655 1728 2856 1780 tamen
2905 1727 3076 1780 erant
3105 1724 3232 1779 sine
3279 1723 3633 1796 corporibus

190 1813 352 1882 ignis
382 1818 438 1870 et
461 1815 705 1883 vermis,
729 1829 912 1887 pinna
929 1816 1035 1871 erit
1060 1817 1254 1872 carnis
1275 1817 1302 1872 ?
1318 1821 1430 1872 Aut
1457 1816 1503 1870 si
1530 1814 1858 1871 vindictam

193 1903 396 1958 carnis
426 1908 745 1976 propterea
771 1904 968 1960 dicere
995 1905 1183 1962 voluit
1204 1907 1345 1978 Quia
1369 1907 1482 1960 hoc
1523 1905 1581 1960 in
1613 1903 1858 1959 homine

192 1992 618 2060 vindicabitur,
674 1994 840 2066 quod
913 1995 1247 2050 secundum
1297 2009 1539 2050 cantem
1613 1991 1854 2047 viXerit:

192 2086 442 2154 propter
470 2082 584 2137 hoc
617 2083 778 2138 enim
828 2084 1025 2139 veniet
1077 2083 1138 2139 in
1188 2089 1441 2139 mortem
1501 2078 1854 2146 secundam,-

195 2182 390 2244 quam
423 2173 788 2242 signiﬁcavit
817 2173 1139 2246 Apostolus
1187 2175 1419 2229 dicens:
1454 2175 1522 2228 Si
1570 2174 1722 2229 enim
1776 2185 1859 2227 se-

197 2263 465 2319 cundum
494 2277 736 2319 carnem
784 2265 1075 2322 vixerilis.
1105 2266 1442 2320 moriemini
1470 2265 1658 2333 (Itoni.
1711 2262 1854 2332 vin);

194 2351 380 2420 eligat
406 2353 667 2425 quisque
711 2353 878 2424 quod
927 2353 1141 2426 placet,
1198 2359 1300 2409 aut
1345 2354 1545 2424 ignem
1598 2351 1857 2408 tribuere

195 2441 454 2514 corpori,
489 2443 694 2497 animo
725 2455 1031 2499 vermem:
1068 2445 1182 2499 hoc
1233 2444 1494 2516 proprie,
1529 2439 1676 2497 illud
1734 2446 1857 2495 non

193 2530 438 2602 proprio
471 2528 598 2603 [al.,
633 2531 1034 2604 tropice,del.,
1059 2535 1224 2603 non};
1255 2536 1355 2589 aut
1381 2537 1702 2603 utrumque
1718 2545 1858 2602 pro:

192 2618 325 2691 prie
372 2619 628 2691 corpori.
659 2622 791 2676 iam
823 2620 968 2676 satis
1025 2621 1298 2693 superius
1331 2619 1628 2692 disputavi
1677 2626 1857 2691 posse

195 2709 483 2767 animalia
512 2711 692 2767 etiam
724 2711 784 2767 in
815 2712 1057 2782 ignibus
1106 2712 1303 2767 vivere
1354 2711 1414 2766 in
1460 2710 1696 2766 ustione
1728 2709 1857 2764 sine

195 2800 679 2871 consumptione,
712 2799 773 2855 in
802 2800 1009 2856 dolore
1043 2801 1172 2856 sine
1204 2805 1416 2870 morte,
1450 2806 1555 2872 per
1596 2800 1856 2856 mit-acti:

194 2885 324 2942 lum
356 2888 923 2960 omnipotentissimi
945 2888 1277 2958 creatoris]

265 2967 387 3048 -ί-Ει
411 2977 596 3049 paulo
616 2980 752 3049 post
784 2978 1004 3048 (Ibid.).
1030 2978 1237 3048 [Eligat
1269 2991 1411 3047 ergo
1444 2993 1632 3032 unum
1654 2981 1684 3033 ἓ
1711 2977 1860 3032 dita-1

1969 1812 2310 1868 animaa.Sic
2336 1827 2478 1882 ergo
2508 1811 2907 1885 incorporalis
2955 1817 3013 1868 et
3057 1812 3158 1868 illa
3202 1812 3452 1868 ﬂamma
3509 1824 3634 1884 qua

1968 1902 2206 1970 exarsit,
2239 1908 2294 1957 et
2319 1902 2417 1957 illa
2440 1902 2672 1973 guttula
2702 1917 2889 1974 quam
2931 1901 3229 1973 poposcit,
3263 1900 3469 1973 qualia
3494 1906 3634 1959 sunt

1967 1991 2148 2046 etiam
2170 1992 2296 2046 visa
2318 1992 2747 2058 dormentium,
2781 1992 2904 2046 sive
2927 1990 2987 2045 in
3010 1989 3230 2046 eXStasi
3260 1991 3632 2048 cernentium

1967 2094 2060 2135 res
2107 2081 2538 2154 incorporales,
2572 2079 2863 2136 habentes
2918 2083 3118 2135 tamen
3177 2079 3630 2137 similitudinem

1967 2173 2496 2242 co1‘pornm.i‘<um
2542 2175 2599 2226 et
2655 2171 2786 2242 ipse
2833 2171 3020 2225 homo
3075 2177 3215 2224 cum
3247 2169 3478 2242 spiritu,
3507 2181 3632 2227 non

1968 2271 2240 2333 corpore,
2274 2261 2348 2316 sit
2376 2261 2437 2316 in
2466 2261 2688 2316 talibus
2720 2260 2886 2327 visis;
2919 2259 3000 2315 ita
3029 2273 3092 2314 se
3136 2263 3341 2314 tamen
3385 2263 3530 2316 tune
3561 2261 3634 2316 sia

1969 2351 2170 2406 milem
2206 2363 2316 2406 suo
2346 2350 2581 2422 corpori
2612 2350 2860 2421 videt,ut
2882 2349 3218 2405 discernere
3239 2349 3488 2405 omnino
3507 2357 3632 2406 non

1966 2440 2250 2514 possit.At
2275 2453 2416 2496 vero
2451 2441 2730 2510 gehenna
2759 2435 2878 2506 illa,
2928 2439 3095 2511 quod
3141 2439 3322 2495 etiam
3349 2443 3631 2511 stagnum

1967 2531 2123 2600 ignis
2150 2536 2202 2586 et
2233 2529 2548 2600 sulphuris
2579 2529 2806 2585 dictum
2833 2533 2921 2585 est
2951 2530 3158 2599 (Apoc.
3194 2539 3291 2600 sx,
3321 2530 3395 2601 9),
3424 2541 3633 2601 corpoo

1967 2627 2104 2676 rens
2131 2619 2285 2689 ignis
2317 2620 2443 2690 erit,
2478 2623 2534 2675 et
2563 2619 2852 2675 cruciabit
2881 2627 3134 2692 corpora
3176 2620 3628 2692 damnatorum,

1970 2713 2074 2765 aut
2100 2713 2156 2764 et
2176 2708 2494 2764 hominum
2527 2711 2584 2764 et
2627 2708 3002 2778 daemonum,
3065 2707 3259 2766 solida
3287 2707 3628 2777 hominum,

1969 2806 2147 2854 aerea
2172 2797 2522 2852 daemonum
2550 2815 2562 2865 ;
2591 2801 2696 2853 aut
2724 2801 2956 2853 tantum
3009 2797 3330 2853 hominum
3379 2796 3634 2870 corpora

1969 2891 2108 2942 cum
2141 2886 2468 2959 Spiritibus,
2500 2885 2809 2942 dtemones
2837 2891 3039 2943 autem
3070 2887 3313 2959 spiritus
3348 2886 3475 2942 sine
3505 2901 3633 2943 cor-‘-

1968 2973 2238 3048 poribus,
2274 2976 2570 3030 merentes
2617 2975 2914 3031 sumendo
2944 2985 3215 3047 poenam,
3246 2983 3372 3032 non
3417 2976 3634 3049 imper-

193 3067 311 3122 bus
331 3066 592 3138 quisque
609 3065 775 3137 quOd
793 3066 1011 3138 placet,
1035 3061 1237 3122 utrum
1260 3071 1594 3121 etvermcm
1619 3067 1695 3122 ad
1735 3077 1860 3122 cor;
1889 3085 1935 3151 ο
1969 3065 2170 3122 tiendo
2199 3065 2385 3121 vitam
2417 3064 2833 3136 corporalibus
2881 3065 3146 3134 ignibus.-
3189 3068 3355 3120 Unus
3401 3065 3630 3138 quippe

191 3163 310 3229 ptis
333 3153 576 3229 proprie
595 3163 672 3210 cn
689 3155 768 3210 ad
788 3155 1372 3225 animam,translato
1389 3171 1424 3211 a
1446 3155 1858 3229 corporalibUS

195 3246 272 3301 ad
300 3244 703 3318 incorporalia
733 3245 1356 3312 vocabulo,existimet
1395 3247 1710 3317 pertinere,
1745 3248 1853 3302 ete.

193 3338 350 3390 Dum
381 3338 584 3390 tamen
615 3334 782 3390 nullo
814 3335 999 3391 modo
1027 3335 1126 3390 illa
1180 3351 1432 3406 corpora
1469 3335 1606 3392 talia
1660 3335 1858 3392 futura

191 3432 327 3479 esse
352 3423 768 3491 credamus,ut
791 3423 969 3478 nullis
986 3423 1064 3479 ab
1095 3423 1232 3493 igne
1257 3424 1596 3480 afﬁciantur
1637 3424 1857 3480 dolori:-

191 3513 308 3569 bus
339 3513 726 3585 (cap.10).iiic
757 3514 1015 3569 occurrit
1043 3527 1313 3585 quaerere
1347 3513 1394 3568 si
1419 3519 1542 3569 non
1575 3514 1682 3570 erit
1702 3513 1858 3583 ignis

192 3601 587 3674 incorporalis
619 3602 852 3672 noxius,
877 3603 1028 3657 sicut
1059 3606 1146 3657 est
1167 3602 1353 3657 animi
1383 3603 1576 3671 dolor,-
1602 3603 1705 3657 sed
1729 3619 1858 3658 cor-

192 3691 437 3766 poralis,
466 3694 625 3748 tactu
643 3692 950 3759 noxi'us,ut
975 3705 1047 3746 eo
1067 3692 1300 3764 possint
1319 3703 1572 3765 corpOra
1586 3691 1856 3761 cruciari;

191 3781 506 3854 quomodo
537 3781 598 3837 in
630 3794 703 3836 eo
732 3782 841 3837 erit
869 3782 1048 3837 etiam
1102 3797 1286 3854 pcrna
1342 3783 1662 3855 spirituum
1693 3783 1860 3839 mali-

192 3877 452 3942 gnorum
473 3873 500 3927 ?
536 3871 700 3926 Idem
740 3871 966 3943 quippe
998 3871 1152 3942 ignis
1181 3871 1288 3927 erit
1319 3871 1616 3944 supplicio
1641 3872 1862 3942 scilicet

189 3961 509 4018 hominum
541 3960 837 4017 attributis
865 3964 920 4016 et
951 3960 1562 4028 daemonum,dicente
1584 3960 1818 4016 Christo
1843 3977 1856 4016 :

189 4051 489 4106 Discedite
519 4065 556 4106 a
583 4066 694 4117 me,
720 4051 1046 4116 maledicti,
1082 4051 1145 4104 in
1178 4051 1377 4119 ignem
1409 4047 1721 4114 anei-num;
1755 4051 1862 4120 qui

186 4145 444 4211 paratus
477 4144 559 4196 est
582 4141 822 4195 diabolo
853 4145 906 4194 et
932 4140 1165 4209 angelis
1187 4139 1570 4208 ejus(Matth,
1597 4139 1855 4209 xxv,41).

189 4229 316 4284 Nisi
349 4227 494 4301 quia
521 4229 960 4301 suntqutedam
981 4243 1091 4284 sua
1123 4229 1302 4283 etiam
1324 4226 1708 4282 (ltemonibus
1734 4237 1860 4282 cor-

187 4327 362 4393 pora,
395 4318 547 4374 s'icut
602 4319 793 4375 doctis
837 4317 1186 4374 hominibus
1215 4317 1412 4372 visum
1453 4321 1562 4385 est,
1614 4330 1685 4371 ex
1743 4316 1857 4372 isto

191 4421 328 4465 aere
361 4423 566 4462 crasso
593 4412 774 4478 atque
805 4406 1078 4474 humido,
1115 4406 1289 4475 cujus
1347 4403 1648 4476 impulsus
1679 4409 1855 4461 vento

190 4500 374 4556 ﬂante
400 4498 667 4553 sentitur.-
704 4497 876 4564 Quod
929 4505 1120 4566 genus
1170 4495 1448 4551 elementi
1509 4494 1557 4548 si
1600 4487 1747 4550 nihil
1776 4495 1854 4550 ab

190 4589 330 4658 igne
355 4589 580 4662 perpeti
613 4592 841 4660 posset,
872 4593 994 4642 ndll
1026 4589 1222 4642 ureret
1252 4585 1608 4640 fervefactus
1634 4585 1696 4640 in
1723 4581 1852 4640 bal;

189 4679 416 4735 neis.Ut
445 4679 605 4734 enim
630 4683 782 4743 urat,-
813 4678 976 4750 prior
1005 4676 1209 4744 uritur,
1233 4675 1490 4747 factiq’he
1518 4675 1682 4748 quod
1700 4675 1853 4748 pati;

189 4775 305 4827 tur.
340 4770 398 4826 Si
427 4773 630 4825 autem
659 4771 985 4841 quisquam
1019 4766 1186 4822 nulla
1213 4766 1436 4821 habere
1464 4775 1718 4837 corpora
1733 4765 1853 4819 dies

190 4877 402 4920 mones
435 4863 756 4928 asseverat,
789 4875 912 4914 non
937 4861 1025 4913 est
1053 4857 1127 4913 de
1168 4858 1280 4912 hac
1312 4873 1374 4912 rc
1406 4859 1511 4912 aut
1567 4856 1851 4912 laboran—

190 4952 336 5008 dum
371 4966 631 5023 operosa
651 4948 1058 5021 inquisitione,
1105 4952 1204 5002 aut
1238 4947 1610 5002 contentiosa
1640 4946 1850 5018 dispu-

192 5041 414 5098 tatione
442 5039 817 5096 certandum.
843 5039 960 5092 Cur
985 5037 1146 5093 enim
1175 5052 1294 5091 non
1318 5036 1616 5105 dicamus,
1639 5051 1852 5108 quam-

193 5132 282 5186 vis
322 5130 510 5195 miris,
542 5131 743 5184 tamen
776 5127 928 5182 veris
962 5127 1366 5194 modis,etiam
1391 5125 1633 5196 spiritus
1665 5125 1844 5180 incorv

192 5235 408 5294 poreos
441 5224 618 5291 pesse
649 5225 833 5290 poena
861 5215 1191 5288 corporalis
1220 5215 1378 5284 ignis
1409 5211 1612 5284 aiﬂigi,
1657 5213 1703 5268 si
1731 5213 1849 5286 spi-

191 5309 338 5367 ritus
382 5308 723 5376 hom‘inum,
749 5307 928 5363 etiam
959 5306 1076 5378 ipsi
1111 5305 1379 5378 profecto
1409 5303 1765 5377 incorporei,
1796 5307 1853 5360 et

191 5411 353 5459 nunc
376 5399 704 5473 potuerunt
747 5397 972 5455 includi
1012 5396 1429 5469 corporalibus
1457 5395 1767 5466 membris,
1795 5398 1853 5451 et

193 5495 332 5547 tunc
350 5490 966 5562 poteruntcorporum
988 5495 1235 5542 suarum
1258 5486 1506 5541 vinculis
1528 5484 1853 5541 insolubili-

193 5585 278 5636 tcr
300 5578 967 5649 alligari.Adhterebunt
982 5577 1200 5647 ergo,si
1219 5577 1302 5632 eis
1318 5576 1482 5631 nulla
1498 5582 1634 5632 sunt
1647 5591 1853 5648 corpo-

194 5684 279 5735 ra,
305 5667 544 5741 spiritus
569 5667 1079 5733 dazmonum,imo
1103 5665 1340 5738 spiritus
1357 5665 1687 5730 daemones,
1719 5663 1854 5721 licet

196 5758 554 5832 incorporei,
592 5755 898 5831 corporeis
945 5753 1190 5828 ignibus
1239 5754 1586 5814 cruciandi:
1634 5762 1757 5812 non
1785 5758 1852 5812 ut

1968 3155 2235 3227 utrisque
2261 3155 2388 3226 erit,
2425 3153 2576 3210 sicut
2607 3154 2829 3210 Veritas
2857 3153 3004 3210 dixit
3029 3157 3042 3209 ἑ

2039 3245 2261 3315 ﬁdem
2283 3245 2344 3300 in
2375 3243 2528 3300 libro
2561 3243 2945 3300 Enchiridion‘
2973 3244 3130 3316 (cap.-
3176 3247 3301 3299 921:
3354 3244 3633 3316 [cuiauis

1967 3347 2086 3407 que
2116 3347 2260 3390 vero
2290 3334 2369 3390 ab
2401 3334 2500 3391 illa
2531 3334 2886 3407 perditionis
2919 3347 3144 3404 massa,
3166 3341 3305 3407 quae
3334 3335 3498 3392 facta
3542 3336 3633 3392 est

1966 3439 2075 3497 per
2102 3424 2412 3480 hominem
2443 3425 2732 3497 primum,
2790 3440 2914 3480 non
2943 3423 3276 3481 liberant-ur
3302 3426 3411 3498 per
3439 3441 3632 3481 unum

1969 3513 2352 3570 Mediatorem
2385 3514 2484 3569 Dei
2535 3517 2592 3570 et
2620 3514 2960 3585 hominum,
3020 3517 3337 3585 resurgant
3382 3515 3632 3587 quidem

1970 3603 2147 3659 etiam
2182 3601 2294 3674 ipsi
2325 3604 2746 3676 unusquisque
2775 3619 2914 3660 cum
2947 3617 3057 3661 sua
3085 3612 3266 3660 carne
3286 3604 3347 3676 (Ι
3373 3606 3520 3661 Tim.
3567 3609 3630 3672 ii,

1971 3693 2158 3765 5),sed
2188 3697 2252 3748 ut
2278 3703 2417 3748 cum
2467 3693 2710 3749 diabolo
2743 3698 2800 3750 et
2847 3695 2977 3765 ejus
3020 3695 3249 3763 angelis
3279 3693 3631 3766 puniantur”.

1968 3785 2183 3840 Utrum
2208 3793 2353 3839 sane“
2379 3783 2495 3856 ipsi
2526 3797 2664 3839 cum
2697 3783 2847 3839 vitiis
2879 3786 2938 3838 et
2963 3783 3446 3838 deformitatibus
3495 3785 3631 3839 suo;

1967 3890 2104 3929 rum
2135 3889 2459 3945 corporum
2490 3874 3362 3945 resurgant,quaecunque[al.,
3378 3873 3632 3946 quicum

1969 3961 2108 4036 que]
2142 3962 2201 4016 in
2231 3962 2315 4014 eis
2346 3961 2559 4016 vitiosa
2578 3965 2636 4016 et
2676 3961 2972 4017 deformia
2992 3962 3270 4017 membra
3299 3967 3626 4032 gestarunt,

1968 4052 2029 4107 in
2046 4049 2406 4122 requirendo
2437 4048 2712 4105 laborare
2733 4049 2881 4123 quid
2913 4065 3068 4123 opus
3090 4055 3177 4106 est
3199 4051 3227 4106 ?
3245 4053 3445 4125 Neque
3467 4053 3629 4108 enim

1968 4140 2220 4211 fatigare
2235 4147 2348 4194 nos
2367 4138 2546 4195 debet
2567 4138 2794 4196 incerta
2817 4147 3027 4196 eorum
3053 4138 3348 4197 habitudo
3366 4141 3458 4197 vel
3491 4139 3628 4214 pud-'-

1968 4228 2529 4301 chritudo,quoru'm
2548 4229 2656 4285 erit
2672 4232 2830 4286 certa
2840 4231 2897 4286 et
2915 4230 3625 4303 sempiternadam‘natio.

1965 4322 2081 4374 Nec
2118 4322 2356 4374 moveat
2383 4319 2696 4391 quomodo
2727 4320 2836 4375 erit
2859 4319 2920 4375 in
2948 4320 3032 4374 eis
3067 4325 3286 4394 corpus
3320 4321 3630 4395 incorrupa-

1966 4408 2202 4479 tibile,si
2224 4408 2430 4464 dolore
2447 4409 2682 4481 poterit,
2703 4412 2808 4467 aut
2822 4410 3138 4482 quomodo
3161 4409 3628 4483 Corruptibile,si

1963 4497 2117 4553 mori
2146 4511 2268 4552 non
2290 4497 2659 4570 poteriLNon
2688 4502 2775 4553 est
2801 4499 2960 4554 enim
2982 4513 3126 4555 vera
3140 4499 3259 4555 “vita
3280 4498 3397 4554 nisi
3417 4497 3520 4554 ubi
3545 4495 3626 4555 ie-

1961 4586 2148 4643 liciter
2172 4586 2408 4651 vivitur,
2437 4596 2548 4642 nec
2578 4601 2720 4642 vera
2749 4585 3140 4659 incorruptio,
3184 4588 3299 4642 nisi
3323 4586 3428 4643 Ubi
3457 4586 3622 4644 salus

1963 4675 2128 4731 nullo
2158 4674 2367 4730 dolore“
2387 4675 2815 4747 corrumpitur:
2846 4675 2954 4730 Ubi
2981 4678 3183 4731 autem
3229 4674 3429 4732 infelix
3470 4677 3626 4734 meri

1962 4781 2086 4821 non
2118 4764 2348 4832 sinitur,
2377 4769 2442 4820 ut
2464 4764 2545 4821 ita
2573 4764 2792 4827 dicam,
2826 4775 2991 4820 mors
3014 4765 3147 4837 ipsa
3182 4781 3305 4821 non
3339 4764 3620 4836 moritur;

1962 4858 2023 4912 et
2046 4854 2152 4910 ubi
2181 4853 2353 4910 dolor
2381 4850 2708 4927 perpetuus
2758 4861 2882 4911 non
2913 4854 3217 4923 interimit,
3253 4855 3361 4910 sed
3391 4849 3620 4928 afﬂigit,

1961 4945 2096 5018 ipsa
2124 4942 2431 5016 corruptio
2455 4956 2578 4999 non
2609 4943 2816 4999 ﬁnitur
2842 4963 2854 5011 ;
2878 4944 3008 5000 haec
3037 4944 3098 4999 in
3120 4943 3342 5001 sanctis
3367 4943 3622 5019 Scriptus

1961 5035 2040 5090 ris
2072 5033 2342 5090 secunda
2362 5045 2526 5089 mors
2553 5031 2786 5089 dicitur.
2821 5035 2942 5090 Nec
2984 5033 3181 5105 prima
3234 5037 3457 5103 tamen,
3496 5039 3622 5106 qua

1962 5138 2143 5180 suum
2173 5137 2394 5195 corpus
2424 5121 2626 5179 anima
2673 5123 3008 5196 relinquere
3065 5124 3315 5196 cogitur,
3372 5127 3486 5180 nec
3533 5133 3624 5178 se:

1961 5213 2181 5282 eunda,
2215 5229 2341 5285 qua
2368 5212 2602 5285 ptenale
2629 5221 2848 5286 corptis
2889 5215 3093 5272 anima
3129 5215 3465 5287 relinquere
3495 5221 3619 5269 non

1959 5302 2340 5377 permittitur,-
2374 5302 2604 5358 homini
2643 5303 2957 5360 accidisset
2984 5305 3033 5359 si
3061 5318 3242 5361 nemo
3271 5303 3616 5377 percasset].

1963 5393 2115 5450 Satis
2145 5390 2524 5463 dilucideque
2554 5396 2960 5449 monstratam
2981 5397 3071 5449 est
3095 5393 3446 5449 auctoritate
3471 5410 3484 5459 ;
3513 5391 3620 5448 Pas

1959 5487 2241 5555 trumque
2268 5481 2590 5538 concordia
2619 5497 2875 5556 corpora
2920 5483 3196 5539 humana
3235 5479 3622 5539 resurrectio:

1960 5574 2052 5629 nis
2084 5577 2352 5646 tempore
2379 5589 2578 5646 neque
2623 5574 2904 5645 aetherea,
2935 5589 3134 5647 neque
3183 5589 3359 5630 aerea
3395 5572 3616 5645 futura,

1963 5663 2069 5720 sed
2095 5678 2334 5732 carnea,
2369 5679 2503 5736 quae
2537 5663 2906 5734 sempiterna
2947 5662 3394 5720 immortalitate
3426 5662 3618 5720 dona-

1965 5757 2024 5811 ta
2071 5761 2182 5827 pro”
2229 5751 2454 5812 meritis
2522 5753 2651 5811 suis
2695 5752 2791 5811 vel
2840 5753 3095 5825 gloriam
3136 5752 3471 5830 percipiant
3523 5741 3626 5810 vet.
