3950 6432
301 330 438 387 1335

1406 328 1464 384 8.
1496 322 1872 383 PRUDENTII
1899 320 2282 380 TRECENSIS
2307 322 2623 382 EPISCOPI

3591 327 3733 386 l336

294 451 715 524 ignominiam.
744 452 881 509 Jam
933 465 1115 525 porro
1170 453 1385 507 caetera
1429 465 1567 523 quas
1625 450 1960 523 sequuntur
1988 447 2272 505 Aamoris
2292 447 2557 521 vinculo,
2576 449 2661 507 ita
2680 449 3123 524 superioribus,
3139 450 3203 507 id
3224 454 3314 508 est
3341 451 3739 523 igni,cedant,

297 557 440 599 cum
469 558 544 600 ex
571 541 871 615 prioribus
891 540 1145 597 frustata
1164 544 1344 613 atque
1365 539 1447 596 ad
1470 539 1727 596 nihilum
1755 538 1960 595 redac-

294 635 361 690 ta
389 630 526 700 sint,
566 630 648 687 ad
679 630 796 687 hoc
825 632 1060 686 tantum
1108 629 1394 702 ponenda
1419 628 1721 694 videntur,
1763 630 1831 685 ut
1854 642 1957 685 vo-

292 718 555 776 mituum
590 721 828 775 tuorum
859 732 1109 774 nauseae
1166 716 1358 775 cuivis
1412 716 1647 775 facilius
1695 715 1957 773 innotes-

292 811 453 867 cant.
491 881 498 889 '

859 911 1105 954 JOANNES
1144 912 1376 955 SCOTUS.

358 987 522 1060 (Cap.
559 990 645 1055 19,
672 988 905 1057 ιιιιω.4,
933 990 1076 1044 sect.
1098 991 1224 1057 2.)6
1245 988 1407 1044 Hinc
1437 991 1542 1056 est,
1567 984 1953 1059 inquis,quod

290 1074 566 1132 diabolus
589 1081 727 1146 post
753 1076 991 1146 lapsum
1020 1076 1301 1134 detrusus
1329 1076 1406 1134 ab
1435 1075 1689 1134 xthereo
1731 1074 1948 1145 spatio,

285 1164 645 1235 adjunctum
674 1169 758 1222 est
780 1166 836 1222 ei
871 1165 1060 1222 invito
1081 1179 1320 1223 aereum
1342 1179 1579 1235 corpus,
1610 1165 1674 1220 in
1693 1178 1811 1235 quo
1818 1178 1950 1232 pa:-

289 1267 402 1310 nas
426 1268 550 1311 suae
567 1254 859 1324 superbix
890 1254 1041 1321 luat,
1072 1255 1226 1311 miro
1242 1259 1424 1326 atque
1452 1252 1750 1323 ineffabili
1774 1258 1952 1308 natu-

284 1358 499 1401 rarum
523 1344 697 1401 modo
711 1345 1036 1416 peragitur
1058 1359 1083 1416 ;
1127 1344 1362 1401 occulto
1420 1349 1620 1401 tamen
1666 1345 1950 1414 justeque

274 1433 537 1506 judicio,
563 1439 631 1490 ut
682 1434 844 1506 quod
871 1434 1161 1492 elementa
1191 1434 1408 1491 mundi
1446 1434 1606 1491 inter
1644 1448 1724 1501 se,
1775 1432 1953 1503 quasi

285 1523 546 1596 quodam
557 1523 867 1581 naturalis
882 1523 1105 1580 amoris
1125 1524 1704 1592 vinculo,complexa
1721 1523 1950 1591 insepa-

283 1613 684 1685 rabiliterque
713 1614 1062 1683 conjuncta,
1091 1613 1538 1670 ordinatissime
1579 1618 1745 1669 motu
1775 1626 1950 1682 appe-

286 1705 446 1768 tunt,
473 1702 786 1758 veritatem
814 1701 1152 1759 odientibus
1177 1708 1453 1760 vertatur
1470 1703 1535 1758 in
1559 1702 1944 1773 supplicium.

2067 541 2134 593 ut
2178 538 2229 608 ej
2241 554 2310 593 us
2342 538 2693 596 alimentum
2721 540 2850 597 ﬁeri
2893 556 3018 598 non
3046 541 3392 610 detrectent,
3431 542 3655 598 mirum
3683 543 3736 599 si

2066 626 2339 699 superior
2364 627 2521 699 ignis
2551 629 3252 687 elementisinferioribus
3283 635 3475 702 egeat,
3496 636 3562 689 ut
3579 647 3735 690 non-

2065 714 2181 771 nisi
2209 731 2420 773 eorum
2453 718 2696 791 pabulis
2741 718 2957 788 alatur,
3012 718 3339 776 subsistere
3390 723 3593 793 queat.
3624 721 3733 775 De-

2063 803 2287 862 bueras
2320 805 2620 879 siquidem
2641 807 2858 865 eodem
2886 807 3073 866 modo
3098 807 3175 865 de
3195 810 3427 866 caeteris
3451 812 3729 883 tractare,

2064 894 2157 965 cuj
2169 911 2237 950 us
2268 898 2776 971 unumquodque,
2798 902 2863 955 ut
2881 897 3206 955 subsistere
3225 899 3727 972 possit,indigeat.

2063 984 2216 1040 Nam
2245 983 2429 1056 hujus
2460 987 2654 1043 nostri
2682 986 2838 1059 ignis
2866 991 3085 1045 natura
3112 992 3223 1055 est,
3255 992 3319 1044 ut
3338 989 3599 1063 exceptis
3618 989 3735 1045 mi-

2059 1072 2301 1145 raculis,
2332 1074 2635 1149 quidquid
2667 1076 2926 1147 attigerit
2950 1080 3288 1136 consumat.
3316 1080 3433 1135 Cur
3459 1094 3602 1149 ergo
3628 1078 3729 1135 ille

2058 1176 2185 1218 non
2214 1164 2518 1222 consumit
2547 1169 2763 1223 caetera
2807 1165 3122 1230 elementa,
3158 1166 3207 1223 si
3252 1167 3384 1239 ejus
3442 1172 3585 1224 sunt
3624 1166 3733 1224 ali-

2058 1256 2334 1310 mentum
2354 1252 2382 1310 ?
2413 1256 2684 1328 Cumque
2709 1255 2987 1326 legamus
3008 1260 3065 1313 et
3083 1256 3498 1314 incunctanter
3526 1256 3731 1313 certis-

2059 1340 2282 1398 simum
2309 1346 2622 1399 teneamus
2639 1348 2971 1417 conspectu
2976 1345 3198 1416 judieis
3224 1346 3499 1402 trementi
3519 1345 3730 1417 ignem

2058 1430 2539 1504 accendendum,
2562 1449 2686 1506 quo
2717 1434 2936 1489 coelum
2962 1439 3021 1491 ct
3048 1439 3227 1505 terra,
3253 1435 3317 1491 id
3364 1439 3453 1491 est
3491 1450 3594 1492 aer
3624 1450 3731 1491 ne-

2058 1518 2397 1588 bulosus,et
2429 1525 2672 1577 terrente
2703 1523 2970 1580 materiei
2993 1524 3365 1597 superﬁcies,
3391 1527 3726 1591 transeant,

2057 1609 2261 1665 nescio
2289 1610 2439 1683 quid
2466 1626 2716 1668 necesse
2746 1612 2821 1668 sit
2845 1612 3013 1669 illum
3041 1617 3207 1671 tanta
3225 1613 3720 1670 manifestatione

2058 1702 2349 1772 tantoque
2387 1704 2604 1757 terrore
2635 1702 2713 1758 ad
2738 1701 2869 1758 haec
2898 1702 3248 1760 renovanda
3280 1704 3550 1775 accendi,
3583 1719 3731 1760 cum

284 1789 474 1860 Ignea
495 1790 719 1862 quippe
736 1790 1004 1861 qualitas
1030 1792 1307 1861 superior
1319 1793 1599 1849 naturali
1621 1792 1683 1847 vi
1708 1791 1949 1861 inferio-
1977 1805 2022 1861 Β
2056 1789 2472 1862 possentillius
2488 1790 2819 1855 a3therei,ut
2837 1791 3301 1855 dicis,alimento
3322 1792 3731 1850 absumi.Fal-

284 1892 424 1934 rum
479 1879 906 1936 elementorum
936 1880 1259 1952 qualitates
1300 1881 1367 1937 in
1403 1895 1465 1937 se
1518 1880 1949 1951 transfundere

284 1981 521 2037 semper
548 1968 781 2038 appetit
812 1970 1096 2026 naturali
1120 1975 1287 2025 motu
1318 1970 1497 2042 quasi
1525 1969 1825 2042 quoddam
1853 1969 1950 2026 sui

285 2057 821 2115 alimentum.Cum
840 2063 1077 2130 ergo,ut
1090 2059 1376 2130 diximus,
1392 2074 1673 2130 suprema
1684 2058 1948 2115 omnium

284 2160 604 2216 comarum
634 2147 924 2217 qualitas,
980 2162 1114 2220 quae
1165 2152 1253 2205 est
1299 2147 1579 2219 xtherea,
1630 2147 1948 2218 inferiores

286 2235 613 2307 qualitates
632 2239 690 2292 et
717 2235 886 2293 intra
915 2250 978 2294 se
1022 2236 1338 2294 ambiendo
1367 2241 1660 2309 coarctat,
1691 2241 1748 2293 et
1775 2252 1841 2292 in
1864 2249 1947 2303 se,

278 2329 467 2396 prout
490 2324 591 2381 lex
612 2329 982 2382 naturarum
1000 2326 1671 2397 sinit,commoverenon
1691 2325 1947 2394 desinat,

286 2417 657 2471 naturarum
686 2413 854 2471 intra
874 2428 936 2472 se
952 2416 1233 2474 mirabile
1252 2417 1495 2486 perﬁcit
1511 2416 1952 2488 gaudium,ma-

288 2502 490 2559 larum
522 2516 662 2559 vero
690 2503 1074 2561 voluntatum
1089 2504 1396 2575 ineffabile
1411 2504 1950 2562 tormentum.Pro-

287 2590 430 2647 inde
441 2591 762 2662 impiorum
779 2592 1068 2662 omnium,
1090 2594 1447 2664 angelorum
1472 2594 1743 2651 videlicet
1758 2592 1948 2649 homi-

287 2694 549 2752 numque
566 2694 1013 2750 perversorum,
1041 2696 1299 2752 corpora
1322 2683 1409 2739 ita
1457 2688 1596 2738 sunt
1651 2680 1954 2752 supplicia

287 2768 448 2839 ignis
474 2768 691 2825 aeterni
708 2776 1166 2841 perpessura,ut
1193 2771 1539 2843 integritate
1558 2786 1763 2829 eorum
1790 2770 1954 2827 subs-

291 2857 499 2915 tantiae
525 2858 698 2914 nullo
726 2859 900 2916 modo
913 2861 1215 2930 peritura,
1246 2876 1450 2918 eorum
1489 2859 1956 2932 pulchritudine

288 2947 462 3003 nullo
494 2947 669 3003 modo
692 2947 1003 3020 defutura,
1032 2964 1239 3006 eorum
1267 2951 1549 3007 naturali
1572 2949 1955 3007 incolumita-

292 3041 349 3094 te
365 3051 797 3107 permansura,
820 3039 1094 3096 omnibus
1137 3040 1353 3098 deinde
1378 3045 1618 3097 naturx
1671 3040 1836 3096 bonis
1875 3038 1957 3095 ad

2059 1894 2198 1934 sum
2230 1879 2517 1950 estigitur
2544 1880 2711 1937 intra
2743 1879 2905 1937 hunc
2928 1884 3124 1952 ignem
3157 1881 3478 1937 xthereum
3503 1886 3730 1938 cuncta

2058 1967 2373 2025 ambiendo
2418 1970 2741 2037 coarctari,
2774 1974 2956 2040 atque
2985 1970 3152 2026 intra
3190 1984 3323 2025 eum
3352 1975 3728 2025 naturarum

2056 2057 2337 2113 mirabile
2344 2059 2562 2127 perﬁci
2583 2059 3323 2130 gaudium,malarumque
3352 2059 3725 2115 voluntatem

2056 2145 2365 2216 ine/fabile
2389 2152 2770 2203 tormentum.
2805 2147 3125 2213 Quomodo
3154 2147 3315 2203 enim
3363 2146 3726 2204 convenient

2058 2233 2347 2305 gaudium
2398 2239 2579 2308 atque
2610 2235 3023 2292 tormentum?
3073 2234 3280 2293 Nullus
3317 2235 3546 2309 quippe
3570 2235 3723 2292 dum

2057 2327 2372 2397 torquetur
2402 2324 2646 2394 gaudet,
2666 2328 2884 2398 praeter
2912 2323 3050 2381 illos
3079 2323 3186 2397 qui
3210 2328 3425 2398 sponte
3457 2328 3723 2381 tormen-

2058 2414 2120 2469 ta
2144 2411 2425 2481 subeunt,
2459 2413 2628 2486 quod
2656 2412 2753 2469 vel
2782 2412 3052 2469 maxime
3079 2413 3143 2469 in
3183 2413 3404 2470 sanctis
3433 2412 3723 2470 omnibus

2060 2499 2271 2558 elucet.
2296 2502 2371 2558 At
2394 2517 2532 2557 cum
2557 2517 2770 2558 omnes
2790 2517 3006 2575 poenas
3031 2502 3387 2576 corporibus
3410 2517 3722 2571 amoveas,

2060 2595 2116 2648 et
2146 2590 2396 2664 insuper
2426 2591 2740 2662 gaudium,
2771 2591 3285 2665 pulchritudinem
3305 2590 3725 2664 fulgoremque

2061 2679 2347 2737 omnibus
2373 2680 2596 2752 impiis,
2636 2680 2868 2753 angelis
2913 2685 3094 2754 atque
3149 2680 3500 2737 hominibus
3550 2680 3725 2737 adhi-

2060 2767 2231 2840 beas,
2262 2768 2723 2842 voluntatesque
2745 2768 2907 2826 solas
2936 2772 3305 2826 tormentum
3352 2767 3477 2843 pati
3524 2768 3726 2840 perbi-

2062 2857 2233 2915 beas:
2265 2874 2420 2932 quas
2449 2858 2696 2915 intentio
2726 2857 3071 2915 animarum
3100 2857 3425 2914 infelicium
3477 2857 3553 2914 de
3601 2858 3726 2914 suis

2065 2947 2421 3020 corporibus
2442 2947 2706 3020 patiatur
2734 2963 3039 3004 aerumnas
3063 2962 3190 3004 non
3218 2946 3396 3003 video
3415 2947 3444 3003 ‘I
3474 2946 3532 3003 Si
3560 2946 3726 3003 enim

2066 3035 2439 3106 gaudebunt,
2472 3034 2522 3092 si
2560 3052 2807 3092 omnem
2849 3035 3362 3109 pulchritudinem
3413 3033 3730 3092 habebunt

290 3126 706 3184 universitatis
727 3133 1148 3186 ornamentum
1172 3129 1441 3186 mirabili
1458 3131 1670 3188 ordine
1696 3133 1957 3203 refulsu.
1984 3155 2032 3213 ο
2066 3141 2279 3183 eorum
2308 3141 2580 3199 corpora,
2614 3126 2664 3182 si
2684 3125 3088 3197 refulgebunt,
3121 3126 3173 3182 si
3220 3124 3411 3195 gloria
3439 3124 3727 3181 omnibus

291 3216 401 3286 ris,
433 3223 684 3286 excepta
705 3216 1076 3276 beatitudine
1102 3234 1221 3291 qua
1239 3219 1817 3292 privabantur,quw
1835 3237 1957 3279 non

291 3308 376 3360 est
406 3318 483 3361 ex
510 3310 758 3374 natura,
783 3305 887 3362 sed
912 3321 989 3363 ex
1009 3308 1258 3378 gratia;
1292 3308 1623 3378 superioris
1651 3309 1808 3380 ignis
1829 3325 1958 3367 cor-

284 3393 464 3465 porei
490 3408 626 3450 cum
644 3395 951 3465 inferioris
972 3396 1130 3453 aeris
1145 3397 1494 3467 corporibus
1514 3398 1959 3468 qualitatecon-

294 3481 874 3545 luctantematurali
898 3484 963 3541 vi
986 3490 1227 3542 servata
1247 3485 1583 3556 infelicium
1612 3486 1955 3545 animarum

292 3570 546 3626 intentio
570 3569 643 3627 de
662 3572 1015 3642 corporibus
1033 3573 1156 3629 suis
1180 3579 1434 3631 xternas
1448 3576 1729 3645 patiatur
1747 3591 1959 3633 xmm—

292 3658 521 3728 nas,ita
549 3660 820 3717 videlicet
848 3667 914 3717 ut
935 3661 1089 3719 idem
1117 3679 1244 3734 ipse
1270 3664 1429 3735 ignis
1449 3665 1721 3723 omnibus
1747 3682 1957 3738 corpo-

296 3747 465 3804 ribus
476 3749 589 3819 ﬁat
608 3750 810 3820 gloria
824 3765 941 3823 quo
956 3751 1320 3809 damnandis
1336 3753 1650 3811 animabus
1673 3756 1956 3814 intrinse-

295 3851 399 3893 cus
450 3837 770 3910 iniquitate
819 3839 1096 3914 propria,
1138 3842 1509 3900 extrinsecus
1543 3844 1958 3901 cumulabitur

288 3940 492 3997 paena.

982 4035 1293 4079 COBRECTIO

364 4108 408 4177 -Ῑ-
437 4105 535 4162 His
560 4108 678 4163 tuae
699 4109 1102 4180 perversitatis
1122 4110 1605 4169 exhalationibus
1617 4113 1960 4187 responsio-

294 4208 438 4251 nem
465 4192 725 4252 breviter
751 4197 1296 4269 perstringendam,
1354 4215 1429 4256 ex
1456 4199 1795 4258 abundanti
1832 4216 1959 4258 non

293 4281 700 4352 incongruum
713 4284 984 4355 judicavi
1010 4285 1086 4342 de
1115 4288 1306 4344 aereis
1326 4288 1677 4347 daemonum
1695 4290 1958 4364 corpori-

295 4369 435 4440 bus,
457 4369 607 4442 quid
634 4372 908 4429 Patribus
931 4373 1134 4431 visum
1161 4375 1235 4434 sit
1258 4376 1620 4436 sufﬁcienter
1643 4395 1855 4437 eorum
1874 4378 1960 4435 di-

299 4458 408 4516 ctis
429 4459 648 4532 conjici
675 4460 852 4519 valet.
880 4464 1062 4537 Magis
1091 4466 1338 4540 quippe,
1361 4472 1429 4526 ut
1456 4469 1541 4526 eis
1592 4470 1790 4527 visum
1847 4474 1955 4542 est,

297 4547 636 4606 substantia
664 4552 1128 4627 propria,quam
1150 4554 1213 4612 in
1262 4557 1618 4631 corporibus
1648 4559 1959 4616 undecun-

296 4654 417 4712 que
443 4642 788 4713 conrogatis
809 4646 993 4718 atque
1013 4645 1305 4704 condictis
1331 4663 1546 4721 poenas
1573 4649 1699 4705 suis
1730 4650 1957 4707 meritis

294 4726 529 4785 debitas
556 4728 744 4788 luent.
779 4731 954 4798 Quod
977 4733 1161 4792 etiam
1207 4739 1451 4795 sanctus
1502 4736 1844 4809 Fulgentius
1877 4738 1959 4797 ad

293 4820 534 4875 Petrum
563 4820 884 4881 conﬁrmat
912 4840 1054 4883 cum
1082 4825 1258 4884 dicit:

365 4908 705 4979 [Quosdam
723 4910 906 4984 igitur
933 4914 1180 4989 spiritus
1210 4916 1295 4975 sic
1320 4920 1477 4977 Deus
1488 4922 1957 4981 creavitutsem-

290 5009 403 5067 per
421 5001 950 5085 essent,quosdam
978 5009 1212 5075 vero,ut
1238 5022 1369 5065 esse
1406 5009 1649 5082 spiritus
1679 5010 1957 5085 quando-

291 5099 412 5156 que
431 5083 772 5148 desinerent
791 5110 804 5148 :
827 5092 962 5149 illos
984 5093 1187 5169 itaque
1217 5096 1533 5169 desituros,
1554 5083 1860 5174 quosdam
1880 5118 1955 5159 ex

282 5187 475 5262 aqua,
506 5175 814 5248 quosdam
831 5196 998 5252 vero,
1029 5183 1177 5256 quia
1204 5184 1290 5243 sic
1316 5186 1506 5244 voluit
1534 5189 1952 5262 Omnipotens,

286 5261 575 5334 produxit
592 5281 666 5322 ex
690 5270 883 5342 terra;
915 5272 1256 5345 superiores
1285 5293 1426 5335 vero
1455 5278 1697 5350 spiritus
1715 5261 1953 5336 nullum

288 5364 430 5407 cum
459 5355 764 5427 corporeis
790 5357 1099 5418 elementis
1116 5362 1491 5423 haberefecit
1516 5367 1789 5425 naturale
1811 5384 1953 5425 con-

288 5439 591 5514 sortium.]
628 5444 664 5511 -Ι-
709 5446 768 5503 Si
795 5446 975 5518 igitur
1002 5452 1340 5511 auctoritati
1375 5455 1524 5511 tanti
1570 5455 1833 5513 doctoris
1860 5473 1957 5513 ac-

285 5526 676 5626 quiescimus,
699 5550 897 5612 neque
922 5540 1204 5612 aetherea,
1231 5559 1430 5617 neque
1456 5560 1633 5602 aerea
1663 5545 1951 5618 angelicis

287 5615 598 5687 spiritibus
629 5638 886 5699 corpora
914 5615 1404 5691 commodamus.

332 5703 512 5802 ,ξδτξξιθ
535 5711 705 5802 quod
723 5713 801 5771 de
823 5716 1260 5780 elementorum
1284 5723 1549 5788 amicitia
1570 5722 1824 5780 fabellas
1846 5739 1950 5780 va-

285 5789 488 5845 nitatis
515 5801 768 5870 eructas,
815 5808 991 5878 quasi
1018 5808 1304 5876 inferiora
1353 5827 1637 5894 quaeque,
1668 5812 1941 5891 quodam

2068 3216 2178 3273 erit
2204 3216 2587 3290 corporibus,
2626 3221 2684 3273 et
2709 3215 3070 3273 intrinsecus
3122 3215 3434 3289 iniquitate
3480 3214 3729 3287 propria

2067 3305 2493 3363 tantummodo
2514 3305 2996 3371 damnabuntur,
3039 3321 3175 3378 quae
3216 3303 3333 3360 illis
3347 3303 3728 3361 extrinsecus

2068 3393 2478 3451 cumulabitur
2493 3395 2725 3468 poena?
2754 3394 2811 3450 Si
2868 3409 3069 3467 neque
3117 3392 3411 3450 dolebunt
3445 3407 3724 3466 corpora,

2068 3498 2263 3556 neque
2302 3499 2552 3557 poenam
2610 3483 2887 3548 sentient,
2935 3482 3086 3556 quid
3133 3498 3343 3539 eorum
3399 3480 3726 3538 animabus

2069 3573 2440 3630 extrinsecus
2469 3571 2880 3630 cumulabitur
2907 3587 3105 3646 poenae
3126 3571 3155 3627 ‘I
3196 3570 3255 3629 Si
3281 3585 3601 3643 nunquam
3629 3569 3727 3627 ille

2064 3662 2220 3733 ignis
2248 3662 2535 3719 omnibus
2565 3660 2920 3735 corporibus
2948 3660 3052 3717 ﬁet
3083 3659 3296 3731 gloria,
3336 3659 3606 3732 sequitur
3656 3663 3727 3717 ut

2063 3751 2233 3809 nulla
2254 3752 2627 3809 extrinsecus
2652 3750 2980 3808 animabus
3009 3748 3348 3807 cumuletur
3372 3765 3574 3822 pcena.
3607 3751 3729 3806 Aut

2063 3859 2189 3918 qua
2216 3843 2449 3900 ratione
2480 3842 2560 3899 ab
2605 3841 2693 3898 eis
2722 3840 3159 3898 beatitudinem
3210 3839 3457 3912 excipis,
3505 3839 3729 3913 quibus

2064 3931 2358 4004 gaudium
2375 3928 3205 4005 pulchritudinem,fulgorem
3218 3928 3594 4002 gloriamque
3603 3944 3727 3986 non

2063 4020 2322 4081 adimis?
2348 4022 2491 4087 Quae
2512 4035 2699 4093 quam
2721 4018 2839 4075 sint
2856 4017 3071 4075 trivola
3094 4018 3313 4075 etratio
3333 4021 3389 4073 et
3405 4018 3727 4075 auctoritas

2065 4113 2341 4185 patenter
2366 4109 2656 4166 insinuat.
2703 4110 2951 4164 Luctam
3016 4123 3161 4163 vero
3217 4106 3544 4179 superioris
3572 4107 3727 4179 ignis

2066 4217 2208 4259 cum
2234 4199 2589 4275 corporibus
2609 4198 2799 4256 aereis
2818 4214 3010 4271 quam
3038 4195 3290 4253 ridicule
3309 4196 3560 4267 garrias,
3590 4212 3729 4270 pru-

2065 4291 2217 4349 dens
2249 4290 2509 4364 quisque
2534 4288 2813 4345 facilitate
2839 4304 2962 4360 qua
2978 4285 3250 4355 advertit,
3282 4286 3728 4343 evertit.Verum

2064 4379 2378 4455 quomodo
2450 4394 2709 4452 corpora
2777 4392 3016 4451 semper
3082 4391 3299 4433 arsura
3370 4376 3724 4448 subjungas,

2065 4485 2206 4527 cum
2235 4484 2308 4526 ea
2326 4466 2475 4524 nihil
2501 4466 2730 4541 perpeti
2751 4469 2918 4524 tanta
2936 4464 3277 4539 pervicacia
3304 4468 3594 4537 tantaque
3618 4464 3732 4520 im-

2063 4558 2357 4633 pudentia
2384 4558 2677 4613 hactenus
2702 4560 3021 4613 exsecutus
3064 4554 3167 4623 sis,
3197 4553 3446 4610 minime
3475 4569 3729 4626 perpen-

2065 4648 2206 4705 dere
2232 4647 2406 4704 valeo
2435 4663 2450 4703 :
2477 4661 2602 4719 quo
2631 4649 2812 4719 pacto
2850 4644 3072 4702 etenim
3102 4642 3340 4700 ardebit
3366 4643 3535 4716 quod
3560 4648 3617 4698 et
3638 4642 3729 4698 ni-

2062 4737 2147 4794 hil
2175 4737 2436 4807 patietur
2466 4739 2524 4793 et
2542 4734 2711 4792 omni
2739 4733 3208 4808 pulchritudine,
3238 4731 3490 4803 fulgore,
3523 4734 3580 4788 et
3608 4731 3731 4803 glo-

2062 4825 2157 4886 ria
2176 4824 2583 4883 decorabitur.
2610 4823 2714 4880 Ais
2755 4822 2946 4880 enim:

2636 5017 2882 5060 JOANNES
2924 5015 3156 5059 SCOTUS.

2134 5189 2301 5260 (Cap.
2339 5189 2424 5254 l9,
2456 5200 2627 5242 num.
2652 5188 2704 5248 5,
2735 5185 2876 5238 sect.
2898 5181 2976 5253 4).
2995 5186 3034 5235 Θ
3058 5181 3228 5250 Quod
3252 5182 3306 5237 si
3325 5181 3514 5238 alicui
3538 5180 3729 5236 incre-

2062 5277 2247 5333 dibile
2274 5276 2514 5334 videtur
2537 5287 2796 5343 corpora
2815 5271 3054 5343 quidem
3085 5285 3316 5340 semper
3334 5274 3635 5337 arsura,et
3657 5269 3730 5325 de

2061 5367 2330 5436 ipsorum
2359 5363 2517 5421 nihil
2536 5363 2878 5434 periturum
2909 5359 3365 5427 natura,videat
3382 5359 3560 5414 illum
3577 5358 3727 5427 lapi-

2060 5457 2195 5513 dem
2212 5456 2318 5529 qui
2330 5456 2393 5512 in
2414 5453 2685 5511 Arcadia
2703 5449 2811 5507 sub
2838 5454 3038 5506 monte
3060 5449 3338 5504 nascitur
3357 5448 3723 5503 Erimant/u:

2060 5545 2167 5615 qui
2184 5560 2319 5600 cum
2335 5545 2410 5600 sit
2430 5543 2621 5614 ferrei
2626 5539 2841 5597 nitoris
2863 5543 3031 5594 tactu
3047 5552 3350 5606 accensus,
3368 5537 3444 5593 ab
3456 5537 3585 5607 igni
3597 5552 3727 5592 exs-

2062 5635 2263 5705 tingui
2291 5634 2694 5705 nequit,quem
2718 5629 2916 5685 Graeci
2928 5628 3167 5683 nomine
3186 5642 3322 5683 vero
3347 5627 3637 5697 abestum,
3667 5627 3729 5683 id

2061 5727 2147 5779 est
2193 5720 2752 5792 incxstinguibilem
2800 5720 3158 5784 memorant,
3202 5716 3291 5771 ita
3342 5720 3411 5771 ut
3451 5720 3505 5773 et
3564 5716 3727 5771 color

2070 5811 2127 5866 ei
2145 5810 2496 5880 prxbeatur
2513 5812 2693 5883 ignea
2729 5812 2979 5877 natura,
3014 5809 3070 5863 et
3100 5803 3258 5862 nihil
3294 5804 3612 5862 minuatur
3658 5805 3728 5862 de
