3950 6370
141 261 160 312 l
174 259 277 314 337

1075 262 1168 317 DE
1217 262 1900 322 PRIEDESTINATIONE
1939 266 2221 324 CONTRA
2256 270 2306 326 J.
2351 269 2648 328 SCOTUM.

3445 275 3577 332 1338

135 383 267 450 ejus
304 381 684 454 substantia;
723 384 924 441 videat
973 387 1429 445 salamandram
1458 389 1521 444 in
1553 390 1690 460 igne
1717 391 1806 446 vi-
1836 392 1884 447 Α
1922 391 2035 447 rito
2065 397 2410 464 peccatores
2439 399 2769 467 ponuntur,
2797 395 2904 468 qui
2940 395 3003 452 in
3045 396 3245 453 futuro
3269 396 3498 468 judicio
3523 401 3582 456 et

137 475 390 528 ventem.

814 561 1140 604 CORRECTIO.

205 649 242 716 1-
272 651 415 716 Quae
463 667 606 708 cum
653 667 727 708 ex
778 652 939 710 beati
997 657 1316 726 Augustini
1361 658 1529 714 libris
1573 663 1812 716 mutua-

135 737 314 807 veris,
343 739 440 796 vel
468 741 669 813 potius
700 743 1146 817 eompilaveris,
1177 746 1294 802 alio
1333 747 1572 820 penitus
1625 763 1809 804 sensu

133 843 326 899 quam
356 829 437 884 ab
467 845 538 885 eo
567 829 1018 905 fuerantposita
1047 836 1342 906 protulisti
1368 855 1382 893 :
1413 837 1510 893 ille
1538 838 1700 894 enim
1729 838 1810 894 ad

134 917 252 974 hoc
292 918 369 974 de
418 920 689 990 asbesto,
725 922 1137 992 salamandra,
1177 931 1234 982 et
1274 928 1582 984 montibus
1623 932 1807 984 iEtnee

135 1006 591 1066 similitudinem
643 1013 980 1084 proposuit,
1023 1020 1089 1071 ut
1143 1032 1527 1089 paganorum
1579 1023 1811 1075 contra-

134 1095 502 1154 dictionibus
559 1100 838 1173 exemplo
887 1104 1310 1176 temporalium
1363 1122 1568 1162 rerum
1606 1107 1807 1163 multi-

133 1201 287 1257 sque
337 1202 464 1242 non
519 1187 868 1258 ignotarum
920 1199 1280 1262 occurreret,
1339 1196 1443 1268 qui
1500 1196 1810 1266 negabant

133 1273 264 1330 ﬁeri
308 1291 496 1348 posse
545 1281 611 1334 ut
656 1294 914 1351 corpora
960 1281 1086 1352 igni
1129 1283 1410 1341 arderent
1445 1289 1504 1342 et
1531 1286 1804 1342 consumi

130 1364 482 1422 nullatenus
513 1373 793 1440 possent;
827 1371 905 1426 ad
926 1373 1042 1428 hoc
1064 1389 1207 1443 ergo
1236 1374 1331 1429 his
1363 1380 1419 1432 et
1449 1376 1581 1432 aliis
1610 1392 1806 1432 exem-

129 1452 250 1526 plis
282 1470 496 1512 eorum
547 1457 882 1516 infidelitati
931 1476 1295 1534 responsum
1335 1467 1442 1535 est,
1475 1481 1600 1537 quo
1631 1465 1804 1520 doce-

127 1545 336 1598 rentur
384 1543 711 1617 impiorum
767 1565 1026 1621 corpora
1087 1551 1188 1606 illo
1254 1552 1378 1623 igni
1443 1559 1499 1609 et
1565 1568 1805 1626 semper

127 1631 414 1704 dolitura,
460 1634 567 1690 sed
611 1651 932 1709 nunquam
982 1642 1421 1705 consumenda,
1483 1658 1802 1715 nunquam

124 1721 427 1793 peritura;
457 1723 728 1781 videlicet
762 1731 826 1782 ut
856 1743 965 1799 per
993 1745 1066 1784 ea
1096 1730 1496 1799 integritatem
1522 1732 1803 1787 substan-
1833 1746 1873 1800 Β

127 1810 223 1868 liae
252 1827 492 1885 semper
513 1830 818 1872 mansurae
842 1817 1229 1875 ﬁdelissimus
1251 1821 1463 1878 doctor
1488 1827 1799 1893 astrueret,

128 1917 243 1957 nec
295 1907 499 1959 tamen
561 1905 648 1960 eis
716 1906 1015 1964 cruciatus
1062 1909 1424 1982 doloresque
1478 1916 1802 1984 perpetuos

129 1991 410 2060 auferret,
441 1995 610 2066 quod
636 1999 690 2052 te
715 1996 911 2054 facere
937 1999 1307 2068 manifestas,
1339 2001 1444 2073 qui
1475 2002 1804 2058 conclusio-

129 2096 274 2139 nem
302 2081 406 2155 huj
418 2099 486 2138 us
516 2085 828 2157 pravitatis
862 2087 978 2143 hoc
1008 2088 1128 2144 line
1157 2088 1546 2148 determinas.

709 2217 962 2259 JOANNES
1003 2218 1235 2261 SCOTUS.

207 2305 375 2378 (Cap.
411 2309 497 2378 t9,
525 2321 588 2363 n.
617 2310 671 2378 6,
703 2313 847 2364 sect.
879 2312 961 2378 4.)
992 2314 1031 2362 Θ
1063 2311 1244 2380 Hinc,
1278 2311 1580 2384 inquiens,
1608 2318 1804 2382 potest

136 2396 362 2466 conjici
384 2412 506 2452 non
534 2397 954 2468 substantiam,
986 2416 1177 2473 neque
1207 2404 1338 2472 ejus
1357 2403 1681 2474 qualitates
1705 2419 1805 2474 ge-

137 2485 393 2542 hennali
413 2487 663 2556 ﬂamma
694 2489 1078 2562 torquendus,
1107 2491 1212 2547 sed
1239 2506 1473 2548 sensum
1503 2495 1809 2562 patienter

137 2580 194 2630 et
223 2575 493 2632 animum
521 2578 881 2635 reluctantis
910 2585 1135 2636 aeterna
1160 2582 1403 2638 miseria
1435 2583 1711 2639 lecturos.

809 2709 1136 2752 CORRECTIO.

213 2791 363 2845 Ecce
391 2792 849 2848 consuetissima
899 2793 1003 2849 tibi
1052 2795 1470 2852 contrarietate
1499 2796 1808 2854 miseriam

138 2881 427 2935 aeternam
481 2879 716 2950 indicis,
775 2881 998 2954 quibus
1053 2882 1239 2955 paulo
1297 2889 1448 2963 ante.
1492 2885 1808 2957 gaudium,

138 2968 673 3042 pulchritudinem,
699 2969 996 3038 fulgorem
1039 2971 1416 3044 gloriamque
1445 2973 1807 3030 eontuleras.

1918 496 2176 538 maerore
2203 483 2409 551 animi,
2435 488 2491 540 et
2521 485 2747 557 poenali
2792 486 3231 541 excruciatione
3263 487 3581 558 torquendi

1919 573 2077 633 sunt,
2106 571 2251 644 quia
2275 577 2485 630 contra
2512 573 2752 644 regulas
2783 573 3020 630 Domini
3045 574 3349 632 obstinata
3378 580 3578 632 mente

1915 659 2213 718 vixerunt.
2248 665 2533 720 Dominus
2581 667 2643 720 in
2692 665 2789 722 ira
2832 680 2945 722 sua
2991 664 3372 722 conturbabit
3401 680 3495 722 eos
3523 670 3581 722 et

1917 747 2226 806 devorabit
2251 767 2345 808 eos
2373 754 2550 823 ignis.
2581 753 2740 810 Ordo
2764 754 2976 826 judicii
3005 753 3412 826 pulcherrima
3436 769 3579 810 nar-

1917 838 2146 895 ratione
2177 840 2569 899 describitur:
2602 842 2736 899 illos
2774 843 2934 899 enim
2980 846 3348 916 peccatores,
3379 844 3485 916 qui
3514 859 3579 901 se

1917 941 2030 999 pro
2067 932 2312 986 actuum
2361 947 2612 986 suorum
2656 932 3027 1002 malignitate
3073 931 3459 1004 discruciant,
3489 931 3581 990 ira

1919 1016 2156 1072 Domini
2179 1018 2321 1075 dicit
2358 1035 2496 1085 esse,
2521 1020 2876 1089 turbandos,
2903 1020 3152 1094 quando
3179 1020 3458 1077 audient:
3489 1021 3580 1078 Ite

1916 1105 2207 1176 in’ignem
2254 1113 2546 1165 aeternum
2588 1110 2824 1182 (Matth.
2855 1126 3020 1178 mn,
3048 1113 3160 1179 41),
3188 1114 3245 1166 et
3286 1110 3400 1167 ista
3446 1125 3579 1166 sen-

1916 1195 2098 1252 tentia
2127 1202 2592 1270 consequentur,
2615 1202 2682 1255 ut
2709 1203 2999 1272 perpetua
3019 1199 3268 1255 ﬂamma
3293 1198 3580 1254 devoren-

1915 1286 2030 1351 tur,
2059 1299 2205 1339 nam
2229 1285 2570 1356 jussionem
2610 1287 2847 1343 Domini
2877 1286 3044 1342 nulla
3072 1303 3244 1342 mora
3269 1286 3581 1359 subsequi-

1915 1375 2030 1442 tur,
2064 1373 2170 1428 sed
2216 1390 2360 1430 mox
2408 1379 2474 1430 ut
2520 1375 2786 1431 decernit
2832 1374 3149 1448 impletum
3196 1379 3306 1444 est,
3336 1374 3445 1429 iste
3493 1377 3578 1430 ta-

1915 1475 2055 1516 men
2081 1461 2239 1531 ignis
2281 1462 2366 1518 sic
2392 1463 2658 1520 absumit
2684 1467 2748 1519 ut
2779 1467 2992 1530 servet,
3019 1463 3103 1518 sic
3133 1466 3328 1519 servat
3356 1466 3416 1518 ut
3443 1477 3578 1518 cru-

1914 1549 2047 1617 ciet,
2091 1551 2456 1626 dabiturque
2516 1552 2752 1609 miseris
2796 1552 2919 1609 vita
2967 1551 3239 1608 mortalis
3291 1556 3348 1607 et
3396 1566 3580 1624 poena

1915 1641 2254 1713 scrvatrix.]

1983 1730 2026 1799 ει-
2056 1728 2222 1786 Idem
2249 1730 2312 1786 in
2336 1731 2575 1804 psalmo
2600 1748 2801 1788 XLVIII.
2834 1735 3203 1796 [Peccatores
3229 1729 3390 1786 enim
3409 1729 3472 1785 in
3492 1728 3582 1785 in-

1909 1816 2327 1890 ferno‘positos
2347 1836 2510 1876 mors
2536 1825 2759 1876 aeterna
2775 1820 3063 1893 depascit.
3087 1824 3236 1875 Nam
3259 1819 3418 1874 sicut
3436 1833 3578 1873 oves

1907 1904 2060 1961 lanae
2089 1924 2214 1962 sua:
2248 1909 2573 1965 amissione
2592 1909 2815 1980 jugiter
2838 1911 3241 1982 perseverant,
3277 1906 3362 1962 sic
3388 1906 3450 1961 in
3478 1905 3580 1962 illo

1911 2011 2150 2068 semper
2171 1997 2297 2052 sine
2319 1997 2741 2055 imminutione
2772 1999 3121 2055 substantiae
3149 1996 3374 2052 invenit
3409 1994 3580 2068 quod

1910 2099 2096 2157 pmna
2147 2085 2488 2144 discruciat.
2518 2090 2802 2157 Depascit
2839 2087 3001 2144 enim
3048 2103 3085 2143 a
3124 2085 3418 2158 jumentis
3468 2073 3588 2140 tra!

1912 2177 2078 2229 ctum
2107 2179 2214 2247 est,
2247 2192 2384 2248 quia
2427 2177 2647 2233 herbas
2694 2193 2820 2234 non
2861 2177 3150 2233 radicitus
3196 2174 3446 2243 vellunt,
3475 2172 3582 2229 sed

1915 2263 2237 2321 abscidunt
2259 2266 2424 2339 ipsas
2452 2267 2648 2340 potius
2675 2267 3098 2338 summitates]

1986 2353 2023 2420 -ί-
2053 2357 2167 2410 Nec
2197 2355 2596 2412 omittendum
2629 2357 2996 2412 credidimus
3025 2354 3195 2428 quod
3216 2370 3357 2410 cum
3386 2352 3448 2408 in
3470 2368 3583 2417 caa-

1915 2442 2059 2499 teris
2113 2443 2350 2514 Origeni
2403 2444 2578 2518 paria
2625 2445 2842 2501 sentire
2892 2443 3206 2514 delegeris,
3254 2442 3317 2498 in
3366 2455 3583 2512 genere

1918 2548 2238 2605 poenarum
2282 2533 2362 2590 ab
2411 2533 2512 2590 illo
2562 2534 2821 2591 multum
2858 2533 3133 2590 diversus
3161 2532 3401 2589 abieris.
3433 2533 3582 2587 Nam

1916 2621 2015 2679 ille
2043 2622 2247 2692 ignem
2276 2627 2334 2680 et
2373 2639 2610 2681 vermes
2656 2624 2985 2697 impiorum
3028 2620 3426 2679 conscientias
3469 2619 3583 2674 cri-

1918 2711 2154 2768 minum
2183 2712 2571 2785 propriorum
2611 2718 2668 2770 et
2696 2714 2881 2769 sensit
2927 2716 2984 2768 et
3011 2711 3252 2768 docuit:
3286 2715 3351 2766 tu
3380 2709 3584 2780 ignem

1917 2800 2034 2856 hoc
2063 2805 2353 2872 quartum
2396 2801 2831 2858 elementorum
2870 2800 3313 2870 dogmatizans,
3341 2800 3587 2869 excepta

1918 2888 2292 2946 beatitudine
2319 2906 2445 2962 qua
2470 2891 2802 2962 priventur,
2832 2890 3063 2946 nullam
3092 2889 3176 2946 eis
3213 2903 3464 2962 poenam
3494 2883 3584 2942 ul-

1919 2976 2156 3032 latenus
2183 2976 2278 3033 vel
2318 2977 2381 3033 in
2411 2977 2618 3034 anima
2645 2978 2741 3034 vel
2775 2976 2838 3034 in
2866 2994 3118 3049 corpore
3148 2975 3585 3045 adhibendam,

143 3057 259 3114 Sed
313 3058 391 3113 de
434 3057 640 3112 animo
692 3058 954 3130 patiente
1012 3060 1156 3116 audi
1211 3061 1572 3117 sententiam
1622 3063 1811 3118 sancti
1850 3097 1892 3154 Ο
1922 3081 2100 3120 eosve
2131 3081 2461 3122 asseveras.
2489 3066 2636 3123 Hinc
2664 3071 2909 3122 sanctus
2948 3066 3347 3137 Hieronymus
3377 3067 3586 3120 contra

139 3145 511 3219 Hieronymi,
541 3145 786 3202 brevem
833 3147 1083 3220 quidem
1120 3148 1342 3218 verbis,
1374 3165 1560 3205 sensu
1608 3153 1812 3207 tamen

135 3241 198 3295 et
243 3237 387 3293 ﬁdei
437 3235 686 3292 veritate
741 3236 1089 3310 sublimem,
1140 3237 1246 3311 qui
1299 3237 1363 3294 in
1423 3238 1686 3312 Epistola
1734 3241 1814 3297 ad

137 3326 433 3400 Ephesios
473 3325 558 3380 ita
602 3325 789 3396 hujus
837 3325 922 3381 rei
966 3327 1185 3398 legitur
1230 3327 1594 3395 meminisse,
1628 3345 1814 3402 expo-

135 3431 297 3473 nens
333 3415 498 3487 quod
530 3415 610 3471 ait
641 3414 1001 3486 Apostolus:
1033 3416 1218 3472 Nemo
1247 3432 1348 3472 vos
1392 3417 1652 3486 decipiat
1677 3419 1812 3474 ina-

137 3506 322 3561 nibus
352 3503 583 3560 verbis:
635 3509 888 3574 propter
933 3505 1062 3562 hcec
1092 3506 1248 3561 enim
1283 3508 1441 3562 venit
1468 3507 1564 3562 ira
1610 3508 1724 3562 Dei
1749 3508 1812 3563 in

133 3595 300 3664 ﬁlios
332 3593 687 3663 difﬁdentiae
714 3593 957 3663 (Ephes.
991 3611 1050 3664 v,
1083 3595 1160 3666 6).

213 3681 453 3754 [Verba,
482 3681 786 3754 inquiens,
813 3698 951 3754 quae
978 3682 1290 3755 decipiunt
1314 3688 1496 3755 atque
1526 3683 1815 3756 supplan-

138 3777 293 3840 tant,
324 3770 530 3827 inania
573 3775 715 3827 sunt
763 3775 820 3827 et
855 3786 1086 3840 vacua;
1142 3788 1279 3845 qua:
1321 3789 1464 3828 vero
1509 3772 1816 3830 aedificant

141 3860 482 3928 audientes,
526 3859 726 3932 plena,
779 3861 1108 3931 cumulata,
1139 3860 1427 3917 conferta.
1463 3861 1610 3928 Quia
1638 3861 1818 3933 igitur

143 3954 291 4007 sunt
319 3949 587 4023 plerique
613 3949 719 4024 qui
759 3949 968 4006 dicunt
1007 3967 1132 4007 non
1182 3951 1384 4007 futura
1413 3968 1524 4024 pro
1555 3953 1817 4024 peccatis

143 4058 282 4098 esse
339 4040 653 4114 supplicia,
707 4057 818 4097 nec
875 4041 1242 4097 extrinsecus
1293 4041 1645 4097 adhibenda
1697 4045 1816 4097 tor-

141 4134 373 4198 menta,
405 4129 510 4186 sed
538 4131 741 4203 ipsum
769 4134 1084 4202 peccatum
1119 4134 1177 4186 et
1203 4130 1639 4186 conscientiam
1669 4129 1819 4186 deli-

143 4220 225 4276 eti
252 4218 522 4274 futurum
570 4234 703 4274 esse
729 4233 839 4290 pro
867 4234 1070 4291 poena,
1102 4217 1252 4274 dum
1283 4218 1506 4274 vermis
1543 4219 1608 4274 in
1638 4218 1819 4275 corde

143 4325 273 4366 non
302 4307 575 4375 moritur,
609 4311 666 4365 et
708 4308 769 4362 in
800 4307 1006 4363 animo
1036 4307 1192 4378 ignis
1218 4307 1603 4364 accenditur:
1649 4307 1710 4362 in
1740 4307 1820 4363 si-

147 4397 550 4455 militudinem
591 4396 774 4452 febris
828 4412 966 4468 quin
1015 4412 1138 4452 non
1187 4400 1422 4468 torquet
1453 4396 1821 4452 extrinsecus

147 4490 568 4558 aegrotantem,
620 4486 726 4542 sed
775 4501 1030 4558 corpora
1078 4485 1211 4559 ipsa
1254 4486 1607 4558 corripiens,
1648 4486 1823 4558 punit

149 4577 284 4633 sine
316 4575 692 4633 cruciatuum
715 4575 1047 4631 forinsecus
1087 4575 1458 4630 adhibitione
1489 4575 1654 4647 quod
1685 4591 1823 4646 pos-

149 4664 334 4734 sidet;
378 4665 492 4721 has
527 4663 731 4736 itaque
766 4662 1191 4735 persuasiones
1239 4667 1296 4719 et
1325 4662 1634 4736 decipulas
1663 4663 1824 4720 frau-

149 4753 433 4811 dulentas
474 4751 664 4808 verba
711 4752 916 4808 inania
964 4751 1288 4823 appellavit
1335 4755 1392 4808 et
1438 4768 1653 4819 vacua,
1682 4768 1819 4824 quae

147 4843 433 4902 videntur
478 4843 790 4898 ﬂorentem
823 4841 1157 4914 quemdam
1198 4841 1423 4898 habere
1453 4858 1818 4910 sermonem,

149 4937 212 4992 et
261 4931 524 4989 blandiri
568 4931 980 5004 peccantibus,
1032 4929 1138 4986 sed
1183 4929 1333 4986 dum
1384 4930 1675 4988 ﬁduciam
1719 4930 1820 4987 tri-

149 5021 368 5089 buunt,
397 5020 592 5092 magis
623 5035 726 5078 eos
756 5018 956 5075 ferunt
985 5018 1064 5074 ad
1093 5021 1318 5074 interna
1339 5019 1655 5091 supplicia,
1675 5018 1822 5091 quia

149 5110 230 5166 de
259 5110 426 5166 nullo
457 5110 587 5180 [al.,
616 5107 785 5165 nulla
809 5109 896 5179 re]
928 5107 1015 5163 sic
1061 5106 1336 5163 irascitur
1375 5108 1530 5162 Deus
1559 5124 1820 5180 quomo-

149 5201 232 5259 do
264 5201 314 5257 si
341 5203 622 5274 peccator
650 5198 978 5271 superbiat,
1006 5201 1064 5254 et
1092 5201 1323 5254 erectus
1350 5213 1420 5254 ac
1447 5197 1676 5267 rigidus
1696 5213 1820 5254 non

144 5292 426 5350 ﬂectatur
472 5289 535 5348 in
581 5289 810 5359 ﬂetum,
860 5302 973 5345 nec
1026 5285 1502 5343 misericordiam
1553 5285 1822 5358 postulet

145 5398 262 5456 pro
287 5379 548 5451 delicto.]
1585 5421 1595 5430 .

223 5472 267 5542 -ι-
287 5467 681 5525 Cassiodorus
703 5467 764 5522 in
783 5465 1022 5540 psalmo
1048 5482 1129 5521 xx
1155 5468 1338 5534 (vers.
1369 5465 1472 5537 l0).
1492 5465 1707 5534 [Panes
1729 5479 1823 5520 eos

149 5566 218 5617 ut
243 5557 549 5617 clibanum
578 5559 755 5628 ignis.
790 5555 1074 5613 Clibanus
1097 5559 1186 5611 est
1204 5553 1536 5628 coquendis
1558 5552 1822 5626 panibus

149 5649 306 5707 aenei
320 5647 549 5704 vasculi
565 5645 826 5703 deducta
839 5645 1203 5716 rotunditas,
1217 5661 1353 5718 quas
1372 5643 1485 5700 sub
1508 5641 1822 5700 urentibus

149 5735 422 5798 ﬂammis
443 5736 614 5795 ardet
640 5735 1000 5794 intrinsecus
1023 5749 1039 5792 :
1060 5733 1123 5792 in
1144 5750 1268 5811 qua
1288 5732 1675 5794 similitudine
1694 5747 1822 5789 me-

1921 3152 2205 3209 Ruﬁnum
2235 3157 2590 3210 sectatorem
2615 3154 3122 3226 interpretemque
3143 3152 3411 3221 Origenis
3439 3150 3586 3208 scri-

1920 3240 2074 3298 bens
2105 3241 2188 3299 ita
2239 3241 2541 3316 eloquitur
2580 3243 2836 3314 (Videsis
2876 3243 3110 3298 Hieron.
3155 3242 3382 3298 Contra
3418 3240 3586 3309 Ruﬁ-

1921 3347 2088 3399 num,
2117 3331 2222 3388 lib.
2256 3349 2320 3399 ιι,
2351 3331 2414 3387 in
2443 3333 2760 3406 principio)
2789 3351 2803 3390 :

1993 3419 2192 3487 [Quod
2224 3424 2428 3477 autem
2470 3421 2822 3496 imprecaris
2857 3421 3162 3487 fratribus,
3193 3421 3308 3476 hoc
3347 3424 3439 3476 est
3482 3419 3590 3475 cri-

1921 3505 2325 3561 minatoribus
2360 3506 2498 3574 tuis,
2533 3510 2788 3562 aeternos
2813 3507 2981 3576 ignes
3005 3523 3145 3562 eum
3173 3504 3441 3571 diabolo,
3463 3518 3590 3560 non

1923 3597 2048 3650 tam
2079 3593 2288 3650 fratres
2312 3594 2461 3650 mihi
2489 3593 2709 3650 videris
2739 3611 3032 3668 premere,
3063 3610 3252 3667 quam
3275 3592 3590 3650 diabolum

1925 3682 2263 3754 sublevare,
2295 3699 2435 3739 cum
2464 3683 2683 3739 iisdem
2713 3683 2937 3756 quibus
2966 3684 3244 3740 homines
3275 3680 3591 3738 Christiani

1922 3772 2166 3843 ignibus
2196 3773 2543 3845 puniendus
2572 3773 2664 3829 sit.
2697 3773 2870 3842 Ignes
2899 3777 3103 3829 autem
3150 3776 3406 3827 aeternos
3433 3784 3591 3842 quos

1923 3861 2248 3931 intelligere
2271 3861 2422 3917 solet
2447 3861 2754 3932 Origenes,
2782 3865 2929 3933 puto
2959 3861 3126 3934 quod
3151 3864 3202 3917 te
3222 3875 3346 3916 non
3375 3858 3589 3929 fugiat,

1927 3950 2356 4006 conscientiam
2403 3949 2679 4005 videlicet
2722 3953 3130 4022 peccatorum,
3165 3953 3224 4005 et
3265 3947 3591 4020 paenitudi-

1925 4055 2069 4096 nem
2121 4040 2357 4096 interna
2403 4039 2601 4095 cordis
2651 4045 2963 4096 urentem:
3021 4039 3098 4095 de
3141 4054 3264 4112 qua
3310 4042 3366 4094 et
3404 4037 3592 4093 Isaias

1925 4129 2246 4203 loquatur:
2290 4130 2513 4186 Vermis
2561 4145 2765 4186 eorum
2813 4146 2934 4185 non
2988 4130 3299 4198 morietur,
3332 4133 3387 4184 et
3433 4127 3592 4197 ignis

1928 4235 2133 4276 eorum
2178 4233 2301 4274 non
2353 4219 2774 4289 exstinguetur
2821 4219 2966 4290 (Isa.
3012 4235 3165 4285 LXVI,
3217 4218 3344 4290 24):
3406 4221 3464 4272 et
3514 4214 3595 4272 ad

1929 4307 2302 4380 Babylonem
2328 4307 2616 4380 scriptum
2648 4307 2756 4364 sit:
2788 4309 2988 4365 Habes
3020 4308 3306 4365 carbones
3331 4306 3592 4378 ignibus,

1928 4397 2152 4453 sedebis
2217 4412 2401 4468 super
2465 4412 2602 4454 eos:
2666 4398 2729 4454 hi
2783 4403 2958 4454 erunt
3007 4399 3115 4453 tibi
3168 4399 3231 4453 in
3288 4394 3595 4465 adjutorio

1930 4488 2072 4560 (Isa.
2122 4504 2299 4552 XLVII,
2339 4487 2461 4559 14):
2513 4491 2570 4544 et
2622 4489 2683 4542 in
2731 4487 2967 4543 Psalmo
3011 4487 3304 4559 paenitens
3346 4483 3590 4540 audiat:

1932 4578 2088 4646 Quid
2114 4577 2293 4633 detur
2331 4577 2456 4648 tibi,
2505 4582 2614 4632 aut
2641 4577 2788 4647 quid
2829 4581 3176 4644 apponatur
3205 4574 3333 4642 tibi,
3366 4573 3448 4628 ad
3479 4571 3595 4625 lin-

1927 4681 2112 4737 guam
2141 4667 2446 4721 dolosam:
2475 4665 2732 4734 Sagittae
2757 4665 3020 4733 potentis
3059 4669 3253 4720 acuta:
3291 4677 3426 4717 cum
3466 4674 3599 4715 car-

1933 4756 2179 4811 bonibus
2221 4755 2591 4811 desolatoriis
2639 4755 2762 4822 (Ps.
2799 4768 2954 4819 cm,
2987 4756 3043 4823 3,
3085 4755 3163 4820 4),
3210 4754 3276 4807 ut
3321 4750 3595 4819 linguam

1929 4843 2209 4900 dolosam
2234 4861 2246 4899 :
2281 4843 2512 4913 sagittae
2541 4846 2980 4915 praeceptorum
3011 4841 3134 4909 Dei,
3162 4840 3238 4896 de
3271 4838 3499 4912 quibus
3532 4837 3595 4892 in

1931 4932 2049 4989 alio
2074 4931 2208 4988 loco
2234 4931 2533 5004 Propheta
2562 4931 2705 4988 dicit
2729 4950 2742 4987 :
2787 4932 3064 4987 Versatus
3103 4945 3234 4986 sum
3259 4931 3323 4985 in
3354 4928 3595 4984 miseria

1931 5020 2073 5074 dum
2123 5018 2446 5088 conﬁgitur
2494 5016 2645 5072 mihi
2688 5017 2866 5086 spina
2897 5017 3020 5084 (Ps.
3049 5032 3208 5078 xxxr,
3257 5015 3353 5085 4):
3385 5013 3596 5068 vulne-

1931 5112 2064 5164 rent
2106 5113 2288 5180 atque
2331 5105 2702 5172 confodiant,
2731 5110 2787 5161 ct
2815 5110 3202 5179 peccatorum
3247 5104 3310 5160 in
3357 5119 3429 5159 ea
3457 5103 3596 5158 soli-

1937 5197 2206 5254 tudinem
2229 5196 2475 5253 faciant.
2495 5195 2648 5250 Illud
2676 5211 2921 5268 quoque
2949 5194 3358 5251 testimonium
3383 5192 3446 5246 in
3473 5206 3596 5263 quo

1932 5287 2224 5344 Dominus
2252 5286 2552 5359 loquitur:
2585 5287 2793 5356 Ignem
2825 5288 2960 5342 veni
3003 5286 3238 5341 mittere
3270 5279 3452 5352 super
3481 5286 3598 5336 ter-

1933 5392 2087 5447 ram,
2119 5383 2172 5433 et
2203 5390 2382 5446 quam
2418 5376 2548 5431 volo
2593 5380 2657 5430 ut
2685 5375 2896 5431 ardeat
2927 5375 3094 5446 (Luc.
3120 5390 3221 5443 xu,
3252 5374 3366 5438 49),
3402 5369 3488 5423 sic
3510 5368 3601 5424 in-

1932 5470 2326 5538 terpretatur:
2362 5468 2582 5522 Omnes
2631 5464 2807 5536 cupio
2852 5479 3029 5532 agere
3073 5459 3508 5535 paenitentiam,
3541 5462 3598 5513 et

1934 5571 2268 5628 excoquere
2301 5555 2519 5628 Spiritu
2553 5559 2763 5610 saneto
2787 5554 2926 5608 vitia
2955 5557 3133 5624 atque
3162 5554 3430 5624 peccata.
3465 5551 3595 5619 Ipse

1935 5643 2096 5698 enim
2129 5660 2266 5698 sum
2297 5643 2371 5699 de
2397 5661 2519 5716 quo
2547 5643 2821 5699 scribitur
2845 5659 2857 5695 :
2892 5644 3043 5697 Deus
3071 5641 3226 5711 ignis
3246 5651 3596 5694 consumens

1935 5737 2019 5788 est
2050 5733 2244 5804 (Deut.
2271 5748 2352 5802 1v,
2384 5734 2498 5805 24).
2532 5737 2656 5791 Non
2684 5745 2827 5800 ergo
2855 5729 3083 5803 grande
3111 5733 3198 5791 est
3225 5729 3341 5790 hoc
3367 5725 3443 5782 de
3473 5724 3599 5786 dia-
