3950 6416
352 16 367 29 .
404 16 421 33 ,
656 16 1006 58 ..ηπ-
1907 61 1962 69 _

380 316 518 372 1339

1442 324 1506 378 S.
1545 321 1920 383 PRUDENTH
1958 319 2342 376 TRIGENSIS
2382 321 2721 378 EPI‘SCOPI.

3686 314 3848 379 13ὶο

376 437 521 495 bolo
549 438 767 509 dicere,
797 441 968 514 quod
995 446 1052 500 et
1080 443 1430 503 hominibus
1476 452 1886 521 praeparatum
1925 450 2037 501 est.
2073 444 2123 499 Λ
2152 457 2277 499 non
2302 443 2452 502 arsit
2478 444 2562 500 ad
2598 445 2780 501 trium
2810 454 3140 517 puerorum
3173 442 3559 516 supplicium,
3592 449 3655 501 et
3683 446 3853 501 arsit

379 528 565 598 Magis
596 527 921 602 debueras,
953 538 1019 589 ut
1044 534 1455 608 suspicionem
1484 538 1695 595 salutis
1723 535 2043 594 diabolicae

380 616 734 684 declinares.
772 620 1007 679 dicere:
1032 624 1309 682 Perditio
1336 628 1541 697 factus
1571 643 1651 696 es,
1676 632 1736 684 et
1774 642 1897 683 non
1924 626 2043 684 erit

379 707 447 765 in
495 714 783 767 aeternum
828 710 976 784 (Jer.
1015 715 1221 787 xxvn).
1265 717 1332 772 Et
1372 731 1444 773 ex
1494 731 1756 790 persona
1807 714 2045 773 Domini

379 796 684 871 loquentis
707 800 793 857 ad
832 802 952 859 Job
980 802 1056 860 de
1085 803 1368 863 diabolo:
1408 807 1564 865 Ecce
1589 823 1720 879 spes
1750 810 1883 878 eius
1904 808 2043 877 fm-

378 887 678 946 strabz'tur
710 905 864 961 eum,
891 897 949 948 et
993 891 1328 952 uidentibus
1368 899 1600 954 cunctis
1640 896 2047 968 principalem-

384 980 488 1033 ίαν
528 978 687 1046 (Job.
715 996 812 1048 XL,
851 983 985 1054 28):
1032 999 1154 1040 non
1209 986 1387 1056 quasi
1431 987 1694 1044 crudelis
1742 986 2045 1043 suscitabo

380 1081 516 1124 eum
535 1082 560 1125 .·
585 1069 720 1139 quis
744 1071 902 1127 enim
932 1074 1204 1130 resistere
1224 1075 1453 1143 poterit
1483 1076 1684 1132 vultui
1706 1090 1833 1131 meo
1850 1078 1880 1131 Ρ
1904 1075 2045 1142 Quis

383 1161 527 1213 ante
568 1157 737 1214 dedit
786 1160 956 1233 mihi,
987 1168 1055 1218 ut
1094 1162 1345 1220 reddam
1385 1165 1478 1219 ei?
1521 1166 1733 1221 Omnia
1772 1178 1909 1235 quas
1936 1164 2047 1219 sub

385 1248 534 1305 caelo
571 1254 715 1305 sunt
758 1266 892 1308 mea
931 1258 1109 1310 sunt:
1142 1269 1264 1309 non
1306 1268 1565 1323 parcam
1612 1256 1683 1322 ei,
1718 1254 1911 1312 verbis
1948 1269 2049 1324 po-

386 1338 670 1409 tentibus,
700 1344 755 1396 et
784 1340 866 1396 ad
893 1341 1339 1412 deprecandum
1377 1345 1713 1413 compositis
1744 1345 1895 1413 (Job.
1928 1360 2048 1414 xm,

389 1427 440 1493 1,
472 1426 526 1496 2,
556 1425 662 1501 3).]

457 1513 904 1582 fCassiodorus
924 1518 987 1574 in
1015 1518 1256 1577 Psalmo
1278 1537 1376 1578 ix:
1398 1522 1834 1593 [Cognoscetur
1854 1523 2052 1578 Domi-

387 1605 760 1673 nusjudicia
783 1606 1055 1676 faciens:
1085 1611 1148 1665 t'n
1177 1611 1451 1681 operibus
1482 1626 1769 1668 manuum
1797 1626 2051 1668 suarum

390 1693 851 1761 comprehensus
876 1703 961 1753 est
978 1704 1280 1767 peccator.
1303 1701 1459 1756 Vera
1483 1700 1661 1756 nimis
1688 1705 1744 1756 et
1772 1700 2055 1757 absoluta

2153 531 2234 588 ad
2264 533 2681 590 comburenda
2704 534 3035 604 ligamenta
3066 534 3195 605 [al.,
3217 532 3528 605 ligamina]
3557 534 3848 591 vinculo»

2151 636 2317 678 rum:
2350 622 2433 680 ita
2464 623 2619 693 ignis
2650 624 2939 694 gehennae
2968 626 3029 678 et
3054 621 3274 678 lucebit
3302 621 3539 679 miseris
3561 624 3640 680 ad
3675 640 3844 697 aug-

2148 716 2426 769 mentum
2455 724 2796 786 pcenarum,
2820 717 2886 769 ut
2900 712 3143 768 videant
3157 711 3319 768 Unde
3339 711 3601 783 doleant,
3618 715 3843 769 etnon

2150 802 2375 859 lucebit
2420 802 2505 859 ad
2535 802 3036 871 consolationem,
3076 817 3153 858 ne
3200 801 3442 858 videant
3484 801 3649 858 unde
3680 814 3846 873 gau-

2153 893 2368 962 deant;
2401 894 2554 950 inter
2576 894 2758 965 hujus
2778 893 2914 950 vitae
2940 896 2996 949 et
3025 894 3236 948 futurae
3264 891 3619 949 infelicitatis
3648 893 3846 949 misce

2153 982 2308 1040 riam
2338 983 2528 1040 multa
2555 983 2832 1040 discretio
2862 986 2991 1040 est:
3036 981 3154 1038 illic
3194 982 3358 1038 enim
3387 986 3444 1038 et
3466 982 3720 1039 miseria
3747 980 3847 1040 est

2154 1076 2399 1146 propter
2439 1073 2880 1130 cruciationum
2920 1071 3195 1129 dolorem
3226 1072 3359 1141 (aL,
3391 1070 3849 1129 omcieti'onem

2155 1161 2481 1234 dolorum],
2512 1167 2571 1219 et
2617 1163 2877 1219 tenebrae
2928 1165 3174 1236 propter
3221 1160 3372 1217 lucis
3420 1161 3847 1235 eversionem,

2154 1264 2638 1324 quorum‘unum
2667 1253 2729 1309 in
2756 1253 2870 1309 hac
2894 1252 3037 1321 vita,
3064 1251 3127 1308 id
3155 1255 3246 1309 est
3274 1251 3517 1309 miseria
3533 1254 3645 1322 est,
3665 1250 3851 1308 aliud

2157 1357 2283 1398 non
2304 1346 2430 1411 est;
2461 1342 2525 1398 in
2555 1341 2790 1398 inferno
2821 1345 3024 1398 autem
3049 1345 3375 1414 utrumque
3402 1343 3538 1414 est.)

2229 1429 2265 1495 1-
2289 1430 2646 1487 Ambrosius
2701 1430 2763 1486 in
2818 1429 3083 1503 Epistola
3124 1429 3325 1502 prima
3367 1429 3447 1485 ad
3492 1420 3850 1487 Corinthios

2158 1520 2281 1591 (xv,
2337 1522 2465 1593 22):
2519 1522 2690 1577 Sicut
2742 1521 2906 1576 enim
2956 1522 3022 1577 in
3068 1521 3263 1577 Adam
3310 1532 3510 1577 omnes
3560 1521 3853 1576 moriun-

2160 1614 2284 1676 tur,
2314 1609 2404 1665 ita
2437 1615 2492 1666 et
2530 1610 2595 1665 in
2642 1609 2887 1666 Christo
2935 1623 3135 1665 omnes
3186 1609 3681 1678 viviﬁcabuntur,
3718 1610 3852 1665 Hoc

2161 1697 2306 1755 dicit
2326 1698 2474 1770 quia
2504 1699 2655 1755 sicut
2684 1698 2883 1754 Adam
2912 1713 3176 1771 peccans
3206 1702 3467 1755 mortem
3494 1696 3755 1766 invenit,
3788 1702 3854 1754 et

389 1783 705 1855 sententia,
756 1787 1047 1857 quoniam
1100 1793 1246 1846 tunc
1287 1790 1609 1847 manifeste
1653 1794 2134 1860 cognoscatur;
2162 1802 2377 1843 omnes
2403 1804 2478 1844 ex
2502 1789 2634 1860 ejus
2680 1788 2915 1858 origine
2956 1788 3147 1845 tenuit
3189 1792 3256 1844 ut
3284 1784 3727 1859 dissolvantur,
3761 1787 3849 1843 ita

390 1871 681 1928 Dominus
700 1873 935 1944 judicia
958 1875 1208 1946 faciens,
1229 1880 1479 1951 quando
1503 1879 1923 1952 peccatoribus
1943 1880 2053 1937 das

384 1958 477 2015 bit
490 1963 713 2017 aeterna
732 1964 1096 2022 cruciatione
1117 1969 1410 2040 torqueri:
1432 1968 1531 2025 hic
1548 1970 1734 2038 enim,
1746 1969 1897 2041 quia
1914 1970 2058 2026 sunt

386 2046 474 2104 eis
511 2048 703 2107 libera
730 2052 978 2124 scelera,
1008 2055 1269 2129 relinqui
1304 2057 1634 2114 creduntur
1661 2057 1915 2114 forsitan
1943 2059 2055 2115 im-

375 2137 637 2211 punita;
668 2141 779 2198 sed
796 2142 899 2199 ubi
915 2143 1044 2201 dies
1066 2145 1164 2201 ille
1187 2147 1688 2204 manifestationis
1720 2147 2052 2214 advenerit,

387 2231 447 2283 et
476 2228 695 2287 throno
720 2232 1054 2304 maiestatis
1077 2250 1202 2291 sum
1230 2235 1520 2293 Dominus
1544 2236 1806 2294 salvator
1823 2237 2057 2307 incede.

388 2316 485 2386 rit,
532 2322 677 2376 tunc
730 2322 1085 2391 generaliter
1129 2330 1492 2395 agnoscetur
1542 2327 1780 2399 operari
1826 2326 2056 2399 judicia

390 2422 521 2476 sua,
556 2410 807 2481 quando
831 2410 1171 2470 humanum
1197 2428 1407 2485 genus,
1430 2415 1555 2471 sive
1572 2431 1614 2472 a
1629 2415 1903 2485 sinistris,
1930 2416 2054 2473 sive

387 2512 430 2555 δ
456 2496 682 2556 dextris
709 2501 841 2572 ejus
868 2501 1045 2560 fuerit
1086 2504 1335 2561 arbitrio
1365 2507 1787 2578 segregatum:
1820 2507 1939 2564 hoc
1964 2510 2058 2563 est

390 2586 556 2645 enim
590 2589 822 2661 judicia
869 2608 1006 2650 vere
1052 2593 1272 2663 facere,
1319 2595 1800 2669 uniuscujusque
1844 2597 2057 2654 merita

391 2676 524 2733 sine
566 2677 773 2752 aliqua
811 2681 1168 2741 confusione
1210 2684 1574 2743 discernere.
1611 2686 1892 2758 Sequitur
1924 2698 2057 2743 sen-

392 2767 591 2825 tentiae
640 2769 826 2841 huius
866 2777 1079 2845 aperta
1120 2772 1469 2832 declaratio.
1506 2775 1654 2832 Dicit
1699 2775 1866 2831 enim
1895 2777 2056 2833 unde

391 2859 775 2929 cognoscitur
798 2863 1092 2919 Dominus
1135 2880 1274 2920 vere
1292 2865 1535 2935 judicia
1576 2866 1798 2934 facere,
1827 2865 2054 2922 scilicet

389 2948 642 3020 quando
669 2952 955 3008 nexuosis
980 2954 1266 3026 operibus
1292 2955 1420 3011 suis
1448 2959 1733 3030 peccator
1776 2954 2053 3025 astringi~

390 3039 507 3105 tur,
539 3042 596 3095 et
620 3040 957 3097 secundum
985 3046 1235 3100 actuum
1260 3044 1615 3118 qualitatem
1633 3044 1885 3115 dignam
1912 3044 2056 3101 reci~

387 3126 492 3224 pit
502 3126 814 3224 ultionem.
831 3134 982 3188 Nam
1011 3148 1228 3224 sensus
1250 3133 1348 3191 ille
1369 3134 1621 3191 omnino
1642 3134 1923 3191 vitandus
1939 3138 2049 3203 est,
2081 3164 2125 3224 ρ

386 3216 495 3288 qui
522 3221 693 3289 putat
721 3224 1100 3292 peccatorem
1130 3223 1261 3280 sola
1297 3223 1656 3281 delictorum
1680 3239 1931 3281 suorum
1960 3238 2053 3280 re-

388 3306 737 3365 cordatione
763 3310 1182 3369 cruciandum.
1214 3316 1366 3369 Nam
1392 3313 1441 3369 si
1476 3314 1593 3370 hoc
1619 3317 1858 3371 tantum
1888 3314 2054 3370 suﬁi~

390 3400 568 3465 ceret,
598 3413 787 3470 quare
816 3399 1148 3457 diceretur:
1174 3403 1266 3459 Ite
1292 3404 1358 3459 in
1384 3404 1582 3473 ignem
1613 3410 1929 3475 catomum,
1949 3405 2059 3476 qui

382 3490 646 3555 paratus
665 3493 752 3544 est
768 3488 1011 3545 diabolo
1031 3495 1087 3547 et
1105 3492 1339 3561 angelis
1360 3494 1493 3561 ejus
1509 3493 1749 3563 (Matth.
1775 3508 1912 3563 xxv,
1937 3493 2052 3565 41).

390 3576 463 3630 Et
484 3573 669 3630 illud:
712 3577 936 3633 Vermis
962 3594 1170 3635 eorum
1200 3595 1322 3635 non
1348 3584 1662 3652 morietur,
1684 3588 1742 3639 et
1774 3584 1935 3652 ignis
1966 3597 2056 3639 eo-

390 3676 531 3719 rum
572 3679 693 3719 non
746 3666 1166 3737 exstinguetur
1199 3669 1342 3739 (13a.
1386 3684 1537 3741 var,
1570 3670 1686 3741 24).
1735 3674 1863 3726 Non
1893 3671 2056 3727 enim

389 3751 489 3808 hic
530 3751 667 3810 loca
718 3758 1155 3812 tormentorum
1206 3760 1390 3827 negat
1435 3759 1858 3831 peccatoribus
1899 3759 2054 3829 dari,

392 3842 503 3899 sed
529 3858 640 3916 per
666 3843 989 3917 qualitates
1032 3861 1288 3920 cperum
1331 3862 1581 3904 suorum
1627 3862 1729 3905 eos
1758 3847 1902 3905 dicit
1923 3860 2057 3906 esse

390 3933 785 4004 torquendos.
838 3935 1177 3993 Sentiamus
1222 3952 1365 4007 ergo
1417 3937 1621 3994 locum
1668 3942 2057 4011 peccatorum

390 4019 703 4094 suppliciis
734 4039 866 4080 esse
891 4030 1319 4098 praeparatum,
1342 4025 1750 4097 intelligamus
1775 4028 2060 4084 extrinse-

389 4126 499 4168 cus
526 4112 766 4184 pcenale
784 4114 1041 4183 malum,
1061 4116 1230 4189 quod
1250 4116 1552 4173 sceleratis
1585 4117 1843 4187 legimus
1862 4116 2059 4173 immi-

388 4215 566 4258 nere:
594 4216 741 4258 nam
768 4208 836 4259 ut
859 4218 1069 4261 revera
1094 4220 1537 4276 cognoscamus
1563 4206 1999 4264 beatitudinem
2022 4220 2059 4265 a

391 4289 804 4346 damnationis
857 4292 1227 4364 quibusdam
1286 4295 1563 4352 terminis
1606 4312 1739 4353 esse
1790 4297 2061 4353 dividen-

391 4377 559 4442 dam,
589 4380 977 4438 recordemur
1000 4382 1248 4440 divitem
1285 4385 1494 4441 oculos
1516 4386 1889 4452 sublevasse,
1911 4401 2059 4460 pau-

390 4481 722 4542 peremque
748 4471 1038 4528 Lazarum
1067 4472 1129 4528 in
1155 4473 1291 4529 sinu
1316 4474 1571 4530 Abrahae
1596 4474 1780 4531 fuisse
1806 4489 2058 4549 conspe-

393 4563 580 4628 ctum,
613 4574 676 4614 se
732 4564 937 4617 autem
983 4560 1249 4618 ﬂammis
1307 4562 1619 4620 ultricibus
1676 4564 2054 4637 deputatum.

394 4648 562 4706 Unde
601 4648 752 4706 ordo
796 4650 906 4707 iste
953 4652 1216 4710 veritatis
1263 4652 1606 4711 nullatenus
1661 4653 1976 4725 diceretur,
2011 4662 2063 4718 si

392 4742 743 4812 peccatores
797 4740 1098 4798 malorum
1152 4743 1489 4800 recordatio
1537 4743 1664 4800 sola
1717 4747 2058 4818 torqueret:

393 4830 524 4887 hmo
548 4834 689 4887 sunt
717 4831 955 4890 occulta
981 4833 1102 4902 ﬁlii
1120 4846 1258 4906 quas
1287 4833 1497 4889 titulus
1517 4833 1845 4906 praedixit]

468 4921 728 4979 Isidorus
747 4922 1035 4993 (Sentent.
1054 4923 1159 4981 lib.
1177 4938 1216 4988 ι,
1237 4938 1290 4979 c.
1312 4927 1404 4993 28)
1431 4942 1444 4980 :
1477 4923 1733 4997 [Duplex
1747 4924 2064 4981 damnato-

393 5024 534 5067 rum
563 5025 746 5084 poena
773 5016 863 5069 est
888 5012 951 5069 in
982 5014 1260 5084 gehenna
1284 5028 1547 5086 quorum
1569 5016 1626 5070 et
1649 5017 1915 5070 mentem
1946 5012 2063 5070 urit

394 5098 653 5168 tristitia,
684 5104 742 5157 et
765 5116 985 5174 corpus
1016 5101 1287 5173 ﬂamma,
1301 5103 1475 5174 juxta
1490 5101 2065 5169 vicissitudinem,ut

397 5188 503 5262 qui
531 5191 731 5245 mente
755 5191 1176 5259 tractaverunt,
1207 5191 1375 5264 quod
1403 5190 1759 5264 perﬁcerent
1787 5205 2059 5264 corpore,

399 5276 647 5336 simulet
657 5277 863 5336 animo
874 5279 1202 5350 puniantur
1213 5283 1270 5336 et
1285 5280 1764 5353 corpore,ignem
1777 5280 2063 5350 gehennae

400 5369 481 5427 ad
510 5369 739 5443 aliquid
761 5368 968 5426 lumen
1000 5369 1247 5439 habere,
1278 5370 1357 5427 ad
1384 5370 1614 5444 aliquid
1643 5385 1768 5426 non
1796 5370 2019 5428 habere
2045 5389 2058 5428 :

399 5460 517 5516 hoc
545 5462 634 5518 est
660 5458 883 5516 habere
902 5458 1109 5517 lumen
1136 5458 1215 5517 ad
1239 5458 1718 5529 damnationem,
1735 5464 1800 5517 ut
1820 5461 2064 5518 videant

398 5548 569 5622 impii
597 5548 761 5606 unde
788 5549 1051 5618 doleant,
1085 5552 1142 5607 et
1175 5564 1298 5607 non
1342 5550 1565 5607 habere
1596 5548 1671 5607 ad
1703 5550 2062 5607 consolatio-

402 5652 658 5704 nem,ne
688 5639 927 5696 videant
942 5639 1103 5698 unde
1134 5640 1460 5712 gaudeant.
1481 5642 1638 5713 Apta
1663 5640 1730 5696 ﬁt
1751 5656 2062 5714 compara-

404 5726 486 5781 tio
513 5728 588 5784 de
619 5728 858 5786 camino
887 5731 1068 5787 trium
1113 5747 1439 5804 puerorum
1479 5733 1661 5799 (Dan.
1692 5747 1773 5800 nr,
1804 5734 1893 5801 23,
1926 5731 2063 5803 etc.)

412 5811 489 5867 ad
513 5816 848 5889 exemplum
886 5819 1043 5889 ignis
1071 5820 1391 5891 gehennae;
1432 5836 1579 5878 nam
1608 5822 1760 5878 sicut
1784 5817 1883 5878 ille
1906 5820 2061 5890 ignis

2164 1880 2221 1932 et
2250 1877 2522 1934 Christus
2554 1893 2678 1934 non
2707 1893 2988 1951 peccans,
3018 1882 3079 1934 et
3117 1891 3226 1951 per
3262 1878 3378 1934 hoc
3407 1878 3653 1934 vincens
3679 1891 3854 1934 more

2164 1968 2286 2022 tem
2307 1967 2479 2039 (quia
2503 1966 2608 2040 qui
2626 1982 2753 2023 non
2779 1971 2990 2039 peccat
3003 1967 3188 2024 vincit
3207 1970 3486 2038 mortem,
3501 1966 3649 2040 quia
3670 1977 3851 2022 mors

2164 2074 2238 2113 ex
2275 2060 2572 2130 peccato),
2602 2058 2888 2114 omnibus
2938 2059 3046 2132 qui
3088 2061 3233 2114 sunt
3283 2073 3355 2114 ex
3397 2059 3531 2129 eius
3578 2068 3851 2132 corpore

2167 2147 2487 2220 acquisivit
2514 2148 2721 2216 vitam,
2757 2149 2819 2204 id
2860 2152 2952 2205 est
2985 2146 3502 2204 resurrectionem.
3546 2146 3851 2212 Quamvis

2164 2252 2308 2308 ergo
2339 2237 2681 2307 generalem
2720 2238 2992 2294 tribuerit
3036 2235 3556 2304 resurrectionem,
3588 2238 3656 2290 ut
3684 2235 3852 2291 sicut

2163 2325 2226 2382 in
2252 2326 2448 2383 Adam
2478 2342 2690 2383 omnes
2719 2326 2843 2382 sive
2867 2325 3015 2398 justi
3057 2324 3179 2381 sive
3208 2323 3417 2395 injusti
3443 2322 3803 2379 moriuntur
3829 2342 3843 2381 :

2162 2415 2245 2472 ita
2274 2419 2331 2472 et
2356 2416 2419 2471 in
2448 2412 2675 2471 Christo
2716 2431 2928 2471 omnes
2958 2419 3085 2471 tam
3113 2411 3423 2470 credentes
3451 2428 3644 2485 quam
3676 2411 3844 2468 difﬁ-

2164 2505 2374 2562 dentes
2397 2507 2712 2576 resurgant
2732 2503 2917 2576 (Rom.
2951 2521 3007 2575 v,
3041 2500 3094 2575 9,
3130 2508 3215 2572 l8,
3251 2503 3410 2574 etc.),
3444 2501 3581 2559 licet
3607 2500 3691 2579 ad
3712 2518 3845 2575 pce-

2162 2610 2311 2651 nam
2360 2588 2671 2663 increduli,
2723 2597 2928 2650 tamen
2989 2584 3279 2649 viviﬁcari
3332 2590 3632 2663 videntur,
3688 2592 3844 2664 quia

2164 2699 2420 2756 corpora
2482 2698 2593 2739 sua
2652 2679 2940 2755 recipient
2998 2682 3128 2753 jam
3191 2697 3317 2737 non
3376 2679 3672 2748 morituri,
3727 2668 3842 2735 sed

2163 2772 2400 2845 passuri
2427 2788 2675 2846 poenam
2717 2771 2780 2827 id
2805 2771 2888 2828 eis
2916 2766 3042 2828 sine
3073 2768 3215 2839 ﬁne,
3246 2769 3417 2844 quod
3446 2770 3689 2827 credere
3722 2784 3840 2825 no-

2161 2861 2424 2919 luerunt.

2232 2954 2277 3022 +
2298 2951 2464 3007 idem
2492 2951 2555 3007 in
2596 2951 2812 3008 eadem
2844 2950 3200 3007 Ambrosius
3230 2950 3352 3021 (xv,
3385 2948 3471 3006 3n
3500 2967 3513 3002 ε
3546 2946 3649 3021 [Et
3671 2949 3841 3020 quod

2159 3042 2441 3108 minus,
2457 3056 2579 3097 non
2610 3052 2828 3111 corpus
2853 3041 3014 3113 quod
3026 3042 3308 3111 futurum
3333 3040 3417 3096 est
3438 3036 3839 3104 seminas,sed

2161 3132 2396 3188 nudum
2411 3144 2695 3203 granum,
2716 3137 2784 3187 ut
2800 3133 2954 3202 puta
2974 3131 3165 3187 tritici
3182 3137 3287 3187 aut
3309 3131 3573 3200 alicujus
3596 3134 3836 3187 extero-

2163 3236 2335 3278 rum:
2367 3223 2525 3278 Deus
2551 3228 2749 3278 autem
2776 3221 2874 3277 illi
2889 3222 3001 3277 (tut
3030 3234 3247 3291 corpus
3265 3226 3453 3290 prout
3479 3218 3673 3276 voluit
3703 3214 3834 3292 [al.,

2163 3312 2340 3382 vult],
2374 3317 2431 3368 et
2457 3312 2782 3383 unicuique
2824 3311 3113 3368 seminum
3149 3309 3469 3381 proprium
3508 3320 3746 3380 corpus.
3777 3308 3837 3365 Si

2162 3415 2310 3471 ergo
2334 3400 2572 3457 nudum
2603 3412 2862 3471 granum
2887 3400 3236 3467 seminatur,
3257 3402 3314 3456 et
3332 3399 3464 3471 [al.,
3487 3399 3572 3473 ut]
3598 3398 3701 3455 Dei
3723 3414 3837 3455 nu-

2164 3493 2229 3546 tu
2249 3489 2710 3563 quodammodo
2736 3488 3173 3546 elementorum
3194 3486 3524 3544 ministerio
3545 3487 3832 3545 vestitum

2162 3579 2420 3646 resurgit
2461 3576 2592 3651 [al.,
2624 3579 2942 3650 resurgat],
2975 3577 3166 3634 multa
3210 3592 3419 3635 secum
3464 3575 3697 3633 habens
3747 3577 3836 3633 in-

2166 3672 2469 3724 crementa
2505 3668 2772 3724 utilitatis
2800 3668 3087 3723 humanae
3114 3676 3128 3724 ἑ
3162 3682 3269 3724 cur
3297 3679 3423 3724 non
3453 3663 3735 3723 credibile
3760 3666 3833 3724 sit

2165 3757 2268 3813 Del
2315 3757 2525 3814 virtute
2569 3758 2880 3814 mortuum
2929 3772 3108 3832 posse
3162 3766 3493 3827 resurgere,
3521 3748 3834 3814 meliorata

2166 3847 2400 3903 tantum
2454 3845 2810 3910 substantia,
2843 3860 2969 3903 non
3022 3858 3277 3904 numero
3323 3844 3831 3919 multiplicamini

2166 3936 2367 4003 (Joan.
2398 3950 2501 4003 xu,
2540 3933 2655 4009 25.)
2705 3935 2861 4002 Quid
2909 3952 3051 4008 ergo
3095 3936 3416 4011 requiritur
3463 3935 3541 3991 ab
3583 3932 3825 4005 inﬁdeli,

2164 4041 2289 4099 quo
2320 4040 2570 4098 corpore
2601 4030 2923 4098 resurgant
2949 4026 3188 4097 mortui,
3213 4042 3353 4083 cum
3382 4024 3660 4098 exempla
3678 4040 3827 4099 prte-

2167 4114 2384 4172 cedant
2431 4115 2511 4172 ad
2556 4116 2742 4172 ﬁdem
2794 4116 2952 4173 hanc
3009 4116 3335 4172 melioratae
3384 4114 3827 4171 resurrectionis

2165 4205 2294 4277 [al.,
2320 4205 2771 4262 resurrectionis
2814 4204 3148 4278 praedicant
3175 4200 3407 4275 ﬁdem],
3438 4216 3563 4260 non
3594 4203 3824 4260 amissae

2168 4295 2516 4352 substantiae
2537 4297 2565 4352 ?
2594 4295 2739 4369 quia
2763 4295 3078 4369 proprium
3101 4304 3322 4368 corpus
3349 4292 3591 4367 recipiet
3619 4293 3680 4349 in
3707 4308 3824 4366 quo

2169 4389 2403 4443 creatus
2431 4385 2627 4441 Adam
2654 4386 2760 4457 est,
2787 4385 2955 4457 justa
2983 4382 3262 4457 exempla
3300 4380 3665 4457 supradicta.
3689 4382 3822 4440 Non

2172 4476 2361 4532 omnis
2392 4489 2533 4532 caro
2560 4472 2763 4533 eadem
2795 4488 2956 4543 caro,
2991 4475 3093 4531 sed
3132 4474 3255 4531 alia
3285 4469 3522 4543 quidem
3557 4470 3819 4539 hominis,

2172 4565 2299 4623 alia
2330 4570 2530 4622 autem
2550 4567 2804 4636 pecoris,
2829 4561 2954 4623 alia
2982 4580 3123 4621 caro
3155 4563 3515 4634 volatilium,
3542 4561 3667 4619 alia
3688 4574 3822 4618 caro

2164 4652 2422 4726 piscium
2476 4656 2533 4724 (Ι
2578 4654 2716 4711 Cor.
2765 4670 2826 4711 v.
2870 4654 2980 4727 20).
3031 4656 3180 4711 Cum
3237 4668 3310 4709 ex
3367 4650 3583 4709 eadem
3626 4666 3822 4708 massa

2172 4745 2369 4800 omnis
2403 4756 2542 4801 caro
2573 4743 2667 4815 sit,
2698 4742 2861 4799 unde
2912 4745 2969 4800 et
2997 4740 3308 4815 quomodo
3339 4739 3400 4797 in
3430 4736 3524 4797 his
3551 4738 3710 4798 tanta
3736 4734 3821 4795 di-

2169 4834 2420 4890 versitas
2448 4834 2559 4906 est,
2591 4836 2656 4889 ut
2683 4846 2808 4889 una
2835 4828 3114 4905 impensa
3142 4826 3362 4889 faceret
3390 4838 3609 4903 genere.
3638 4826 3821 4885 diver-

2171 4937 2239 4979 sa
2258 4923 2287 4979 ‘2
2313 4923 2520 4979 Dicant
2540 4934 2702 4978 nunc
2728 4918 3015 4995 sophistae
3042 4920 3274 4989 mundi,
3301 4924 3358 4977 et
3382 4920 3731 4976 scrutatores
3754 4912 3823 4972 si.

2171 5008 2385 5068 derum
2416 5009 2466 5068 si
2485 5011 2688 5069 valent
2708 5009 3219 5085 comprehendere
3236 5025 3371 5083 quae
3397 5010 3561 5064 extra
3582 5020 3643 5060 se
3665 5004 3817 5077 sunt,

2172 5116 2309 5159 cum
2367 5101 2513 5175 quid
2551 5101 2707 5158 intra
2754 5108 2816 5157 se
2862 5101 2952 5173 sit,
2988 5100 3277 5157 nesciant.
3310 5096 3573 5170 Denique
3617 5110 3816 5152 omnes

2171 5191 2465 5248 mundani
2507 5184 2872 5265 philosophi,
2904 5191 3010 5264 qui
3051 5192 3317 5246 mentem
3366 5200 3539 5245 suam
3586 5176 3698 5256 legi
3726 5184 3817 5241 Dei

2170 5280 2508 5353 humiliare,
2539 5283 2605 5337 ut
2642 5279 2828 5337 ﬁdem
2876 5281 3005 5352 ejus
3057 5276 3449 5352 susciperent,
3491 5273 3813 5335 noluerunt,

2171 5370 2408 5427 diversa
2438 5380 2676 5444 semper
2721 5371 2778 5426 et
2828 5368 3129 5426 contraria
3168 5372 3526 5438 asserentes,
3560 5362 3815 5421 inanissi-

2171 5461 2285 5518 mis
2317 5460 2824 5536 disputationibus
2853 5460 3110 5516 invicem
3134 5474 3196 5515 se
3226 5456 3662 5527 confuderunt;
3687 5452 3817 5528 quia

2171 5547 2233 5606 in
2271 5549 2436 5607 nullo
2474 5548 2694 5607 horum
2735 5549 3061 5606 testiﬁcata:
3091 5548 3354 5604 veritatis
3389 5547 3629 5617 signum
3671 5542 3817 5612 agni-

2172 5645 2299 5698 tum
2331 5645 2437 5710 est,
2471 5638 2635 5713 quod
2681 5641 2817 5697 ante
2849 5639 3111 5713 positum
3157 5638 3355 5695 verbis
3389 5634 3817 5709 commendaret

2172 5726 2529 5799 doctrinam,
2556 5730 2708 5786 sicut
2728 5735 2785 5786 et
2804 5730 2956 5787 Deus
2968 5729 3229 5786 decrevit
3245 5726 3572 5801 disciplinae
3594 5727 3811 5792 nostrai,

2174 5837 2307 5892 quae
2335 5831 2459 5878 non
2483 5819 2682 5879 verbis
2702 5812 3013 5892 probatur,
3041 5814 3149 5877 sed
3176 5816 3413 5889 virtute,
3441 5828 3536 5874 cui
3556 5822 3674 5873 nan
3692 5824 3816 5889 pos-
