3950 6392
144 291 292 348 13M

1073 292 1165 346 DE
1203 285 1915 350 PRESDESTINATIOHI
1953 285 2237 347 CONTRA
2274 290 2324 347 1.
2366 291 2666 350 SCOTUM.

3450 295 3595 353 1362

133 418 299 472 sunt
321 413 513 471 verba
538 413 836 471 resistere.
871 415 1401 481 Quemadmodum
1430 432 1576 488 ergo
1605 419 1663 473 et
1698 428 1826 471 una
1858 413 1907 470 Α
1936 410 2297 486 principium
2312 430 2388 473 ea
2406 416 2748 474 conditione
2759 416 3008 474 minime
3019 414 3375 473 obsistimus
3390 417 3598 486 assert,

131 504 435 577 impensa
489 502 733 560 diversa
790 502 1191 561 animantium
1251 519 1391 562 caro
1444 510 1572 563 est:
1626 504 1713 562 ita
1768 506 1827 559 et

133 593 336 649 unius
373 592 571 651 carnis
613 592 892 651 homines
936 593 1157 651 diversi
1198 599 1374 652 erunt
1414 593 1704 666 dignitate
1761 593 1825 649 in

133 683 612 755 resurrectione,
627 686 695 740 ut
710 682 846 741 talis
868 684 1287 758 unusquisque
1307 689 1601 760 appareat
1624 683 1823 757 qualis

140 773 333 831 fuerit
364 772 607 844 meriti.]

224 867 271 937 σι·
300 868 367 921 Et
389 868 525 938 post
552 863 876 939 paululum
897 863 1256 922 Ambrosius
1278 865 1401 939 (xv,
1425 866 1556 939 42):
1587 865 1822 923 Tetricis

147 958 361 1014 autem
387 954 592 1025 stellis,
636 957 697 1011 et
724 954 1001 1013 omnium
1032 955 1398 1025 novissimis,
1444 956 1820 1031 perﬁdorum

143 1044 511 1101 resurrectio
540 1043 752 1100 similis
781 1048 910 1113 est;
940 1045 1381 1117 quiaferrorem
1404 1046 1612 1114 secuti,
1636 1045 1821 1101 stellis

144 1136 217 1193 in
273 1151 539 1193 errorem
589 1135 951 1192 ducentibus
991 1136 1390 1210 comparandi
1438 1141 1596 1195 sunt.
1662 1137 1822 1193 Sicut

146 1225 300 1283 dicit
326 1225 514 1283 ludas
541 1226 855 1300 apostolus
902 1224 966 1281 in
1004 1226 1268 1299 Epistola
1310 1242 1422 1284 sua
1471 1227 1638 1297 (Jud.
1668 1226 1818 1298 XIII).

143 1315 484 1374 Inﬁdelitas
511 1315 673 1373 enim
700 1330 825 1372 non
854 1319 1053 1389 potest
1074 1315 1299 1373 claram
1319 1316 1815 1373 resurrectionem

139 1405 415 1475 habere;
444 1405 592 1479 quia
617 1406 771 1463 sicut
797 1406 982 1463 carbo
1004 1406 1201 1463 cinere
1231 1423 1342 1465 suo
1372 1409 1691 1481 coopertus
1712 1406 1818 1463 ob.

144 1499 432 1565 uincatur,
486 1496 569 1553 ita
614 1500 673 1553 et
715 1496 778 1552 hi
826 1496 1081 1570 perﬁdia
1124 1512 1235 1555 sua
1282 1498 1500 1555 erroris
1549 1496 1812 1555 tenebris

142 1585 508 1644 circumdati
536 1585 671 1643 luce
700 1586 1010 1643 carebunt.

810 1692 1169 1752 EPILOGUS.

524 1803 614 1861 De
641 1802 848 1861 divina
871 1803 1426 1875 praedestinatione.

220 1909 505 1983 Epilogus
526 1927 710 1987 porro
733 1914 871 1970 tuus
898 1911 1203 1970 vicenario
1225 1911 1472 1971 tandem
1494 1911 1816 1970 conclusus

138 2014 407 2057 numero
437 2000 882 2059 confessionem
912 2004 1029 2059 ture
1059 2000 1201 2058 ﬁdei
1218 2002 1532 2060 continens
1548 2001 1627 2058 ab
1648 2001 1816 2059 omni

138 2103 305 2162 pene
332 2089 767 2147 catholicorum
798 2089 1156 2163 sinceritate,
1184 2094 1241 2147 et
1271 2090 1529 2165 puritate
1560 2090 1816 2148 secludi-

140 2181 264 2236 tur.
298 2177 564 2239 Dicendo
591 2179 856 2257 quippe:

727 2303 968 2346 JOANNES
1006 2302 1229 2345 SCOTUS.

217 2395 415 2466 (Num.
454 2399 504 2465 1,
528 2396 668 2453 sect.
708 2396 784 2469 1.)
812 2401 853 2450 Θ
882 2396 1027 2464 Qute
1047 2411 1182 2453 cum
1208 2396 1296 2453 ita
1317 2397 1457 2465 sint,
1482 2411 1612 2454 ecce
1626 2411 1812 2456 unum

135 2485 337 2542 Deum
374 2485 524 2543 colo.

816 2591 1138 2632 CORRECTIO.

202 2680 247 2754 -ι-
270 2682 425 2739 Satis
457 2684 780 2757 aperteque
802 2683 1181 2741 demonstras
1207 2686 1260 2740 te
1282 2699 1407 2741 non
1433 2683 1602 2741 aliter
1623 2684 1813 2741 Deum

134 2769 364 2840 colere,
390 2772 508 2828 nisi
542 2776 626 2830 tot
656 2774 956 2850 tantisque
985 2772 1338 2842 mendaciis,
1370 2773 1493 2830 imo
1522 2773 1810 2847 blasphe-

126 2857 284 2917 miis
311 2875 449 2917 eum
475 2862 760 2934 incessas,
796 2878 832 2918 a
859 2862 1081 2939 quibus
1102 2862 1199 2918 ille
1219 2861 1591 2919 omnimodis
1612 2862 1809 2919 nosci-

126 2952 237 3005 tur
266 2948 523 3018 alienus,
576 2964 647 3006 ac
690 2966 799 3026 per
836 2951 952 3007 hoc
981 2967 1092 3006 nec
1119 2950 1406 3007 veraciter
1436 2951 1633 3007 colore
1666 2967 1809 3007 con-

125 3036 425 3106 vinceris,
483 3052 669 3109 quem
736 3041 823 3094 tot
886 3038 1225 3112 phantasiis
1274 3039 1624 3096 insimulare
1684 3055 1811 3095 non

1936 516 2063 575 qua
2090 504 2170 561 ab
2195 505 2329 578 ipso
2349 522 2489 564 eum
2523 507 2848 580 procedere
2883 507 3206 575 credimus,
3237 510 3296 563 et
3314 506 3599 580 pradica-

1933 609 2074 650 mus
2093 615 2105 651 :
2127 600 2331 654 utrum
2352 613 2499 656 sane
2522 598 2614 655 sui
2631 598 2815 655 etiam
2834 596 3199 671 principium
3217 596 3339 654 dici
3356 596 3596 671 debeat

1932 681 2149 741 viderit
2177 685 2524 761 quicunque
2554 686 2696 745 talia
2715 686 2791 744 de
2808 701 2884 745 eo
2906 686 3124 744 sentire
3144 684 3305 755 velit,
3323 701 3466 759 quas
3482 701 3597 745 nec

1932 771 2143 832 divina
2191 774 2432 849 eloquia
2473 776 2799 845 continent,
2848 791 3046 849 neque
3095 774 3250 833 ratio
3294 773 3597 835 ullatenus

1932 863 2274 933 persuadet.
2338 864 2503 922 Unde
2541 865 2839 939 quoniam
2866 864 3017 938 quid
3055 864 3245 922 omnis
3290 862 3595 934 signiﬁca-

1931 950 2090 1007 tione
2117 954 2374 1010 senseris
2418 955 2667 1013 minime
2713 958 2896 1028 patet,
2938 954 3345 1023 incongruum
3390 953 3469 1010 de
3520 970 3595 1012 eo

1930 1040 2179 1097 ulterius
2231 1042 2517 1100 duximus
2563 1043 3024 1111 disputandum,
3087 1057 3163 1098 ne
3224 1041 3299 1097 de
3354 1041 3594 1099 incertis

1930 1131 2105 1202 quasi
2125 1136 2355 1188 certum
2385 1133 2616 1206 aliquid
2647 1130 2897 1189 deﬁnire
2927 1131 3471 1204 reprehensibiliter
3494 1131 3593 1203 ju-

1928 1220 2290 1292 dicaremur,
2323 1223 2432 1281 sed
2459 1222 2629 1297 quod
2660 1222 3060 1280 continuatim
3087 1220 3411 1293 adjungis:

2498 1362 2738 1403 JOANNES
2790 1360 3015 1403 SCOTUS.

2000 1473 2164 1546 (Epil.
2198 1488 2259 1530 n.
2292 1477 2345 1532 3.
2376 1477 2520 1533 sect.
2557 1474 2608 1546 i)
2640 1478 2678 1528 Θ
2717 1473 2800 1530 Et
2840 1475 2969 1544 eius
3020 1485 3229 1539 unam,
3282 1474 3338 1526 et
3378 1470 3591 1543 solam,

1926 1578 2131 1621 veram
2158 1563 2747 1635 praedestinationem
2780 1562 3091 1635 proﬁteor,
3128 1574 3258 1633 quae
3305 1564 3389 1617 est
3433 1560 3595 1632 quod

1926 1654 2052 1724 ipse
2071 1658 2178 1724 est,
2199 1655 2343 1726 quia
2366 1654 2466 1714 lea:
2485 1655 2614 1724 eius
2633 1658 2864 1712 aeterna
2882 1656 2939 1709 et
2956 1648 3463 1708 incommutabilis
3482 1653 3591 1707 est.

2592 1792 2896 1836 CORRBCTIO
2903 1819 2917 1833 .

1996 1890 2038 1962 -ι-
2064 1887 2494 1946 Detestabiliter
2524 1899 2929 1957 exsecramur,
2953 1881 3248 1958 quoniam
3271 1880 3592 1939 relativum

1926 1978 2057 2051 ejus
2100 1994 2419 2052 nunquam
2467 1976 2682 2052 poterit
2725 1974 2884 2031 illius
2914 1989 3044 2030 esse
3099 1970 3586 2028 substantivum:

1925 2067 2090 2125 aliud
2136 2068 2363 2142 quippe
2408 2070 2497 2123 est
2537 2063 2986 2139 pra-.destinare,
3033 2059 3200 2118 aliud
3248 2075 3421 2130 esse;
3472 2059 3590 2117 hoc

1926 2156 2317 2226 substantive,
2345 2155 2494 2213 illud
2515 2154 2779 2211 relative.
2813 2156 2961 2209 Item
2990 2148 3286 2208 dicendo:

2507 2297 2605 2342 ,ιοΑ
2614 2296 2751 2340 NNES
2782 2294 3007 2338 SCOTUS.

1997 2389 2165 2463 (Epil.
2192 2404 2256 2446 n.
2285 2393 2342 2460 4,
2373 2392 2515 2446 sect.
2550 2389 2628 2461 l.)
2674 2392 2715 2442 Θ
2760 2387 2905 2455 Quae
2929 2386 3087 2444 sicut
3114 2383 3409 2442 nminem
3433 2392 3589 2450 pra-

1922 2480 2249 2538 destinavit
2267 2481 2351 2538 ad
2368 2480 2690 2546 malitiam,
2711 2479 2855 2550 quia
2883 2477 3037 2533 bona
3057 2480 3165 2541 est,
3185 2476 3275 2531 ita
3294 2473 3589 2531 neminem

1914 2571 2378 2643 praedestinavit
2407 2570 2489 2627 ad
2512 2570 2845 2636 interitum,
2895 2566 3040 2638 quia
3079 2566 3207 2622 vita
3248 2568 3354 2631 est,
3401 2566 3459 2619 et
3494 2574 3589 2620 re-

1920 2662 2126 2731 ﬂexim
2146 2676 2170 2719 .·
2216 2661 2371 2718 sicut
2397 2661 2564 2716 nulli
2587 2660 2751 2716 malo
2775 2654 3234 2727 praedestinavit
3263 2651 3585 2721 malitiam,

1922 2766 2054 2823 qua:
2094 2750 2376 2807 interitus
2421 2755 2528 2817 est,
2583 2750 2673 2806 ita
2714 2748 2881 2804 nulli
2924 2746 3086 2802 malo
3125 2739 3588 2815 prcedestinavit

1919 2840 2252 2903 interitum,
2276 2840 2416 2912 quia
2444 2839 2684 2896 malitia
2714 2842 2819 2894 cst.
2876 2835 3055 2893 Nulli
3080 2848 3341 2906 namque
3370 2829 3585 2888 Catho-

1923 2932 2037 2987 lico
2071 2932 2208 2989 licet
2236 2932 2477 2988 credere
2499 2944 2796 2990 summam
2827 2928 3175 2995 bonitatem,
3217 2940 3294 2982 ea:
3335 2936 3460 2995 qua
3499 2925 3588 2980 est

1918 3030 2091 3077 omne
2116 3020 2353 3089 bonum,
2384 3020 2847 3089 praedestinasse
2873 3018 3066 3073 alicui
3100 3016 3375 3086 aliquam
3411 3011 3588 3068 mali}

126 3125 381 3183 metuis.
412 3104 726 3198 Quodque
776 3104 1081 3200 adjungis,
1142 3143 1327 3200 quem
1382 3142 1571 3184 unum
1621 3129 1809 3185 Deum
1838 3137 1879 3194 ‘c
1921 3117 1934 3166 ε

1980 3126 2087 3178 1m,
2119 3116 2174 3167 et
2203 3123 2496 3165 summam
2527 3108 2733 3173 vitam,
2765 3120 2843 3163 ea:
2869 3119 3010 3176 qua,
3044 3110 3101 3160 et
3131 3104 3196 3158 in
3217 3117 3359 3173 qua,
3402 3104 3587 3200 etper
3666 3160 3677 3167 ν

126 3219 191 3272 te
225 3215 425 3274 colere
456 3214 698 3273 fatearis
721 3232 736 3272 :

715 3339 954 3383 JOANNES
1003 3340 1232 3383 SCOTUS.

210 3429 382 3504 (Epil.
407 3446 470 3489 n.
501 3433 556 3503 2,
588 3434 730 3501 sect,
762 3431 837 3505 1.)
867 3436 906 3486 Θ
942 3432 1159 3501 Unum,
1192 3431 1494 3508 inquiens,
1539 3435 1806 3492 omnium

116 3521 529 3595 principium,
551 3526 609 3580 et
635 3522 1020 3593 sapientiam,
1063 3537 1184 3595 qua
1231 3523 1469 3593 sapiens
1513 3528 1597 3582 est
1647 3538 1807 3597 qute-

127 3624 376 3683 cunque
398 3610 603 3669 anima
645 3611 884 3684 sapiens
927 3616 1031 3679 est,
1076 3616 1131 3669 et
1168 3612 1365 3681 ipsum
1403 3627 1644 3684 munus,
1690 3628 1805 3686 quo

128 3699 315 3759 beata
341 3704 483 3756 sunt
511 3714 883 3774 quaecunque
914 3699 1088 3757 beata
1113 3704 1275 3760 sunt.

805 3823 1132 3866 CORRBCTIO.
1160 3799 1176 3812 ’

205 3914 253 3985 ιι-
274 3913 705 3987 Amplectimur
736 3915 1225 3986 congratulantes
1265 3930 1422 3973 verte
1461 3916 1804 3975 catholicae-

132 4017 262 4076 que
279 4001 442 4074 ﬁdei,
461 4018 584 4076 qua
610 4009 853 4073 sanctas,
870 4022 1125 4061 summai
1148 4010 1327 4079 atque
1347 4006 1675 4063 individua:
1695 4006 1808 4063 Tri-

134 4092 348 4150 nitatis
374 4094 707 4165 veritatem,
741 4099 798 4151 et
823 4094 1111 4151 unitatem
1138 4095 1455 4168 praedicari
1491 4095 1804 4165 cognosci-

129 4198 315 4252 mus;
346 4182 394 4238 si
418 4186 623 4240 tamen
651 4184 898 4240 nomine
927 4184 1207 4257 principii
1232 4199 1357 4240 non
1376 4184 1540 4240 aliud
1556 4183 1803 4240 latebras

126 4271 221 4330 tui
249 4272 529 4344 pectoris,
556 4288 744 4346 quam
774 4273 1128 4330 orthodoxa;
1168 4272 1310 4330 ﬁdei
1357 4272 1582 4329 sanitas
1612 4272 1802 4332 conti-

128 4365 310 4418 nent:
328 4377 451 4418 non
473 4362 634 4419 enim
653 4362 845 4419 elucet
860 4378 1121 4436 quorum
1134 4362 1409 4419 omnium
1426 4378 1618 4419 unum
1641 4363 1805 4435 prin-

132 4450 364 4524 cipium
389 4453 622 4508 Patrem
651 4452 888 4508 Domini
916 4453 1108 4508 nostri
1136 4453 1280 4508 Jesu
1309 4451 1521 4510 Christi
1550 4451 1796 4522 dixeris,
1828 4510 1847 4527 ,τ

130 4546 488 4599 utrumnam
519 4546 858 4599 creaturam
886 4543 1184 4614 omnium,
1235 4558 1315 4599 an
1344 4546 1400 4599 et
1431 4541 1555 4598 Filii
1586 4546 1643 4598 et
1675 4543 1802 4616 Spi-

130 4632 284 4687 ritus
314 4632 526 4700 sancti,
555 4648 713 4706 quos
736 4633 1067 4706 sapientiae,
1087 4632 1474 4705 munerisque
1488 4631 1804 4692 vocabulis

133 4721 443 4796 appellare
470 4722 732 4794 voluisti,
762 4738 842 4780 an
871 4723 1052 4780 etiam
1097 4722 1192 4779 sui
1238 4722 1467 4795 ipsius:
1510 4723 1802 4794 quoniam

132 4812 367 4885 absque
392 4812 518 4869 ulla
546 4814 896 4886 exceptione
926 4813 1187 4869 dicendo
1216 4812 1512 4883 omnium,
1539 4812 1690 4869 nihil
1714 4828 1804 4869 se-

132 4905 512 4976 questratum
531 4902 753 4959 videris
770 4901 1019 4971 intelligi
1038 4901 1299 4958 voluisse
1319 4918 1333 4957 :
1356 4916 1502 4958 nam
1523 4902 1798 4958 omnium

134 4994 549 5048 creaturarum
568 5007 694 5049 non
714 4991 912 5049 solum
933 4993 1317 5060 Patrem,nec
1339 4990 1536 5047 solum
1564 4991 1795 5056 Filium,

130 5094 333 5157 neque
364 5082 561 5138 solum
593 5082 877 5155 Spiritum
905 5085 1202 5150 sanctum,
1226 5079 1333 5138 sed
1363 5080 1543 5136 simul
1563 5084 1797 5137 Patrem

132 5175 189 5230 et
218 5171 432 5229 Filium
475 5174 532 5229 et
557 5172 844 5245 Spiritum
871 5175 1151 5227 sanctum
1180 5170 1242 5226 in
1273 5169 1467 5227 tribus
1498 5171 1795 5243 personis,

130 5276 378 5336 unaque
417 5261 699 5331 essentia,
740 5261 1076 5334 majestate,
1108 5262 1423 5333 potestate,
1464 5259 1793 5328 voluntate,

127 5350 752 5420 incommutabilitate,
781 5350 1106 5409 aeternitate
1136 5364 1329 5406 unum
1360 5348 1577 5417 solum,
1610 5352 1667 5405 et
1692 5363 1795 5405 ve-

128 5454 268 5499 rum
298 5443 490 5497 Deum
519 5444 829 5498 auctorem
855 5440 1369 5513 conditoremque,
1422 5453 1492 5496 ac
1532 5453 1643 5511 per
1677 5438 1795 5495 hoc

128 5547 325 5588 unum
354 5530 722 5605 principium
752 5530 871 5588 ﬁde
900 5530 1257 5603 infatigabili
1300 5533 1479 5603 atque
1508 5528 1793 5586 immuta-

129 5621 236 5677 bili
261 5620 641 5678 conﬁtemur.
672 5624 907 5678 Patrem
958 5637 1100 5678 vero
1149 5621 1273 5678 Filii
1317 5619 1684 5694 principium
1722 5634 1793 5676 eo

129 5711 319 5768 modo
345 5710 603 5769 dicimus
627 5727 753 5769 non
779 5711 967 5769 abnui
991 5727 1114 5785 quo
1147 5711 1268 5768 Filii
1297 5710 1650 5783 genitorem,
1670 5723 1792 5766 non

132 5804 421 5859 creaturae
441 5801 816 5862 conditorem
829 5800 1109 5860 fatemur.
1135 5802 1384 5877 Spiritus
1403 5799 1584 5861 etiam
1604 5798 1797 5858 sancti

1918 3216 2119 3273 quam,
2152 3200 2355 3256 omnia
2379 3198 2612 3265 vivunt,
2654 3196 2845 3253 alicui
2875 3193 3336 3264 prwdestinasse
3370 3186 3584 3244 interi-

1919 3296 2067 3360 tum,
2098 3291 2192 3346 vel
2208 3302 2496 3359 panum:
2535 3285 2778 3360 quando
2807 3298 2884 3340 ne
2919 3284 2984 3339 id
3024 3281 3282 3354 quidem,
3334 3278 3495 3351 quod
3521 3292 3584 3334 se

1914 3381 2170 3437 invicem
2196 3378 2416 3449 perdit,
2441 3377 2646 3448 perire
2667 3373 2987 3445 permittit.

2581 3497 2905 3541 CORRECTIO.

1988 3599 2031 3671 -ι-
2060 3598 2440 3653 Venenorum
2468 3596 2713 3652 tuorum
2742 3588 3115 3666 purulentias
3140 3586 3330 3661 eiﬂas,
3357 3582 3581 3661 quibus

1914 3683 2440 3759 impudentissime
2477 3681 2707 3739 veritati
2744 3683 2926 3759 atque
2957 3674 3292 3737 auctoritati
3322 3678 3446 3731 tam
3482 3687 3580 3728 sa-

1916 3791 2157 3835 crarum
2186 3772 2539 3838 litterarum,
2571 3786 2763 3845 quam
2793 3768 3148 3826 earumdem
3186 3766 3579 3821 tractatorum

1913 3863 2186 3925 ﬁdelium
2210 3863 2555 3937 obstrepere
2580 3860 2925 3919 nullatenus
2950 3852 3272 3914 erubescis.
3315 3852 3579 3909 Dicimus

1913 3954 2117 4027 itaque
2157 3968 2469 4011 summam
2512 3949 2866 4015 bonitatem,
2917 3958 3346 4016 summamque
3391 3942 3579 3999 vitam

1913 4044 2103 4103 Deum
2133 4042 2368 4100 nullum
2390 4041 2469 4098 ad
2497 4040 2827 4110 malitiam,
2856 4038 2918 4095 id
2965 4038 3053 4097 est
3079 4037 3399 4110 peccatum
3422 4047 3578 4111 prae-

1914 4133 2253 4194 destinasse
2279 4151 2292 4189 :
2344 4147 2543 4206 neque
2568 4128 2665 4188 vel
2689 4126 3085 4204 praesciendo,
3116 4123 3211 4181 vel
3240 4121 3577 4197 praeviden-

1913 4223 2015 4293 do,
2042 4222 2139 4280 vel
2168 4219 2660 4296 praedestinando
2691 4215 3077 4295 compulisse,
3127 4216 3231 4275 aut
3256 4212 3576 4273 necessita-

1913 4317 2035 4373 tem
2060 4312 2347 4386 cuiquam
2373 4310 2671 4368 ullatenus
2691 4306 2991 4369 intulisse:
3027 4305 3133 4365 sed
3159 4302 3578 4382 peccatoribus

1911 4418 2180 4476 poenam,
2229 4417 2419 4478 quam
2466 4403 2531 4457 tu
2578 4398 2848 4460 interitus
2895 4400 2951 4457 et
2998 4394 3239 4452 malitiae
3264 4390 3576 4451 vocabulis

1850 4522 1857 4527 -
1913 4491 2167 4551 denotas
2200 4488 2687 4566 praedestinasse,
2719 4487 2865 4563 quia
2887 4487 3125 4559 justum
3154 4484 3279 4543 est:
3332 4484 3389 4540 et
3433 4496 3575 4556 pec-

1913 4585 2144 4640 catores
2173 4579 2396 4639 meritis
2426 4578 2755 4654 suppliciis,
2787 4575 2934 4655 quia
2954 4575 3157 4651 justus
3188 4575 3312 4631 est:
3359 4584 3575 4645 quam-

1910 4671 2004 4729 vis
2029 4670 2191 4729 enim
2210 4685 2394 4745 poena
2409 4667 2711 4742 quaelibet,
2732 4663 2829 4724 vel
2846 4659 3217 4737 temporalis,
3239 4658 3331 4719 vel
3350 4660 3575 4718 aeterna

1912 4757 2189 4837 aequitate
2220 4753 2787 4833 omnipotentissimi
2830 4752 3055 4813 Judicis
3094 4747 3463 4837 merentibus
3492 4747 3573 4809 ir-

1908 4836 2123 4918 rogata
2149 4846 2397 4922 patienti
2427 4847 2643 4920 cuique
2674 4844 2856 4915 mala,
2890 4841 2982 4903 vel
3011 4839 3240 4900 malitia
3276 4836 3568 4905 videatur,

1908 4937 2055 5014 quia
2082 4939 2287 4995 tamen
2314 4952 2351 4998 a
2377 4952 2618 4996 summo
2643 4933 2829 5005 bono,
2870 4935 2927 4993 et
2970 4946 3207 4993 summa
3244 4930 3412 5006 justo
3461 4927 3569 4996 est,

1906 5025 2173 5102 profecto
2228 5029 2286 5088 et
2322 5026 2509 5103 justa,
2556 5028 2613 5086 et
2658 5025 2823 5084 bona
2869 5026 2994 5085 est:
3038 5036 3220 5100 porro
3267 5017 3435 5099 quod
3461 5015 3570 5080 ad-

1905 5116 2094 5178 nectis
2121 5134 2135 5172 :

2489 5237 2727 5282 ιοΑΝΝΕε
2758 5237 2982 5281 SCOTUS.

1976 5350 2144 5425 (Epil.
2168 5362 2229 5407 n.
2278 5354 2332 5419 tt,
2366 5365 2427 5406 n.
2451 5349 2531 5422 2.)
2552 5354 2597 5401 Θ
2623 5347 2891 5406 Proinde
2917 5362 3051 5405 cum
3073 5345 3254 5404 audio
3268 5340 3567 5415 prtedica-

1906 5446 2060 5497 tores
2093 5445 2241 5509 tuos,
2271 5455 2303 5495 ο
2328 5440 2666 5496 beatissima
2696 5438 2948 5511 Veritas,
2976 5438 3102 5495 vita
3131 5434 3396 5492 omnium
3418 5447 3568 5490 com-

1902 5531 2120 5599 munis,
2151 5530 2409 5586 dicentes
2442 5533 2498 5586 te
2518 5528 2975 5599 prmdestinasse
3000 5525 3213 5595 impios
3244 5522 3326 5581 ad
3357 5522 3566 5579 interi-

1905 5626 2051 5689 tum,
2068 5625 2173 5675 aut
2188 5619 2495 5676 interitum
2518 5619 3030 5688 impiis,continuo
3048 5615 3214 5672 video
3233 5620 3290 5672 te
3304 5612 3567 5684 praedes-

1904 5708 2145 5779 tinasse,
2162 5706 2226 5762 id
2243 5711 2349 5779 est,
2370 5711 2510 5764 ante
2529 5707 2756 5763 swcula
2776 5705 3052 5773 deﬁnisse
3072 5704 3239 5759 intra
3259 5703 3412 5777 leges
3430 5705 3566 5758 tuas

1901 5797 2419 5858 incommutabile:
2440 5801 2667 5856 certum
2684 5809 3002 5854 numerum
3019 5807 3243 5867 eorum,
3263 5793 3369 5865 qui
3380 5791 3445 5848 in
3457 5805 3568 5848 sua
