3950 6368
409 267 546 325 134³

1511 259 1567 317 S.
1608 256 1986 316 PRUDENTII
2021 254 2395 314 TRECENSIS
2432 259 2743 317 EPISCOPI

3719 262 3871 319 l3“

402 391 713 461 inpietate
734 392 936 463 (quam
962 402 1297 460 nunquam,
1335 392 1392 445 et
1418 399 1717 458 nusquam
1741 382 2057 455 prmdesti-
2088 383 2140 435 Α
2173 381 2488 440 mittuntur
2513 384 2576 441 in
2607 386 2917 443 caminum
2944 385 3119 457 ignis,
3147 401 3272 459 quo
3300 389 3480 460 pacto
3509 384 3803 459 relinqui
3835 401 3871 441 a

406 482 593 552 nasti)
618 480 929 536 interituri
945 482 1156 542 essent,
1187 478 1349 549 quod
1367 478 1489 534 alio
1517 476 1691 532 modo
1711 475 1834 530 dici
1841 477 2061 544 potest.

2171 487 2234 527 se
2261 472 2412 545 ipsis
2439 474 2639 547 puniri
2666 474 2907 531 dicendi
2935 480 3094 547 sunt,
3144 491 3285 532 cum
3328 476 3409 532 ad
3453 476 3587 532 haec
3633 474 3872 532 omnia

404 569 884 639 Prcedestinasti,
919 568 1191 638 Domine,
1234 568 1299 624 in
1348 573 1455 623 tua
1500 564 1903 637 prwscientia,
1935 576 2066 635 quas
2171 560 2357 630 inviti,
2389 562 2781 637 nolentesque
2808 564 2888 622 ab
2913 564 3045 621 aliis
3074 565 3520 638 pertrahantur.

405 659 555 730 falli
580 658 923 729 mutarique
946 671 1070 712 non
1094 662 1312 729 potest,
1334 670 1653 712 numerum
1682 654 1931 719 illorum
1962 651 2069 723 qui

405 762 531 805 sua
547 747 870 817 impietatis
892 751 950 803 et
963 761 1230 816 plenam,
1243 751 1300 802 et
1319 746 1631 802 interitum
1643 740 2072 814 praeparaturi

407 840 614 904 essent,
647 850 769 892 non
787 837 853 891 in
883 836 967 892 eis
986 836 1149 907 quod
1165 835 1367 905 fecisti
1380 836 1735 906 puniturus,
1755 832 1860 890 sed
1878 832 1943 887 in
1963 830 2065 894 eis,

406 924 567 997 quod
583 939 705 981 non
730 924 954 995 fecisti,
977 925 1197 995 puniri
1220 924 1565 983 relicturus.

1077 1081 1385 1124 CORREOTIO
1393 1105 1409 1122 ο

476 1194 523 1265 -ι-
547 1195 677 1250 Non
700 1192 903 1249 minus
930 1192 1188 1266 impium
1224 1207 1415 1265 quam
1448 1190 1683 1247 fatuum
1725 1187 2070 1261 judicatur:

407 1297 533 1339 non
555 1281 718 1337 enim
744 1281 1168 1354 praedicatores
1196 1279 1459 1338 veritatis
1500 1279 1731 1347 dicunt,
1770 1277 1935 1350 quod
1970 1292 2073 1331 eos

408 1368 607 1427 dicere
660 1369 980 1441 conﬁngis,
1022 1370 1129 1425 sed
1175 1369 1384 1425 dicunt
1407 1368 1690 1425 veraciter
1727 1370 1779 1422 et
1823 1364 2075 1421 ﬁdeliter

410 1461 622 1527 Deum,
669 1458 823 1515 sicut
853 1457 1218 1532 supplicium
1261 1456 1700 1530 peccatoribus,
1749 1455 1833 1511 ita
1866 1469 2074 1527 pecca-

410 1550 571 1605 tores
593 1547 903 1620 suppliciis
933 1546 1306 1603 destinasse:
1335 1545 1626 1620 quoniam
1651 1543 1888 1616 justitiee
1918 1541 2074 1598 illius

410 1633 825 1692 indubitanter
870 1636 1176 1709 competit,
1228 1635 1396 1708 quod
1443 1638 1501 1691 et
1546 1650 1729 1690 verax
1770 1632 2075 1705 Scriptura

2244 652 2508 710 Dicimus
2528 654 2731 728 itaque
2754 671 2793 712 a
2817 657 2937 712 Deo
2967 655 3303 712 secundum
3332 655 3682 728 Scripturas
3722 655 3867 727 ejus

2174 741 2357 811 mala,
2374 742 2437 798 id
2465 747 2553 800 est
2571 759 2806 817 poenas,
2838 749 3019 819 atque
3049 745 3364 819 supplicia,
3385 760 3463 802 ne
3488 761 3635 802 cum
3665 744 3865 802 Colu-

2175 829 2352 887 tianis
2370 829 2661 889 haereticis
2679 832 3066 906 damnemur,
3087 833 3190 907 qui
3212 834 3479 891 dicentes
3500 836 3707 890 Deum
3731 849 3862 891 non

2177 918 2372 976 facere
2399 920 2564 977 mala
2591 925 2800 979 contra
2826 922 2975 979 illud
3016 922 3185 996 quod
3221 923 3513 996 scriptum
3542 926 3679 980 est:
3734 928 3862 994 Ego

2179 1009 2468 1065 Dominus
2483 1025 2695 1067 creans
2710 1013 2877 1069 mala
2890 1012 3027 1083 (Isa.
3040 1028 3174 1080 XLV,
3188 1016 3269 1081 7),
3284 1011 3363 1069 ab
3385 1011 3658 1069 Ecclesia
3678 1012 3864 1069 dam-

2179 1097 2305 1154 nati
2336 1101 2517 1171 atque
2546 1099 2778 1173 expulsi
2822 1104 2983 1158 sunt.
3026 1104 3287 1157 Rursum
3326 1100 3586 1157 dicimus
3636 1116 3681 1158 a
3734 1104 3861 1158 Deo

2181 1186 2518 1243 secundum
2541 1189 2875 1262 Scripturas
2890 1193 3020 1261 ejus
3038 1206 3159 1248 non
3180 1205 3300 1248 esse
3316 1192 3502 1261 mala,
3515 1190 3580 1246 id
3600 1193 3700 1247 est
3719 1206 3864 1263 pec-

2181 1279 2316 1332 cata
2339 1276 2436 1333 vel
2465 1277 2657 1334 melas
2685 1282 2953 1350 naturas,
2984 1294 3061 1335 ne
3090 1295 3232 1336 cum
3263 1279 3622 1337 Florimanis
3651 1280 3863 1336 haere-

2181 1365 2310 1421 ticis
2338 1365 2417 1423 ab
2443 1367 2716 1423 Ecclesiae
2747 1368 2973 1425 unitate
3002 1369 3321 1441 pellamur.
3346 1370 3458 1432 Qui
3482 1386 3521 1427 a
3541 1369 3863 1427 contrario

2181 1454 2462 1511 dixerunt
2484 1458 2673 1512 Deum
2693 1473 2934 1513 creasse
2954 1457 3140 1518 mala.
3172 1461 3383 1515 contra
3410 1458 3473 1515 id
3501 1458 3678 1532 quod
3711 1458 3865 1514 scri-

2180 1548 2353 1617 ptum
2380 1548 2486 1613 est,
2508 1546 2674 1601 Fecit
2701 1548 2860 1603 Deus
2889 1548 3090 1604 omnia
3118 1546 3461 1619 bona(Gen.
3478 1550 3597 1620 1,3!
3634 1565 3648 1604 :
3673 1547 3867 1621 punit

2181 1632 2362 1703 igitur
2384 1635 2537 1688 Deus
2557 1634 2723 1707 quod
2744 1634 2898 1707 fecit,
2920 1635 2980 1691 id
3003 1639 3091 1691 est
3106 1638 3388 1693 naturam
3407 1636 3784 1707 angelicam,
3808 1641 3866 1692 et

412 1722 668 1781 clamat:
693 1725 846 1792 Quia
868 1729 931 1780 tu
949 1725 1179 1794 reddes,
1202 1723 1504 1797 inquiens,
1525 1723 1851 1793 unicuique
1868 1736 2076 1777 secun-
2104 1737 2149 1790 Β
2183 1722 2521 1778 humanam
2540 1738 2677 1795 quae
2704 1722 2996 1795 peccavit,
3011 1739 3135 1779 non
3154 1723 3433 1797 relinquit
3451 1724 3655 1797 puniri
3677 1724 3752 1780 in
3776 1724 3866 1781 eis

414 1814 559 1870 dum
578 1829 762 1884 opera
781 1829 894 1871 sua
917 1815 1157 1886 (Matth.
1182 1831 1307 1881 xw,
1333 1815 1448 1885 27),
1480 1828 1605 1869 non
1627 1811 1796 1880 dixit,
1821 1816 1883 1868 tu
1902 1809 2075 1867 reddi

412 1902 740 1976 permittes,
772 1907 878 1959 aut
904 1902 1105 1975 puniri
1144 1918 1181 1958 a
1220 1902 1431 1976 seipsis
1478 1901 1707 1973 seipsos
1748 1900 2072 1972 relinques,

415 1990 525 2047 sed
546 1996 612 2046 tu
640 1992 848 2048 reddes
869 1992 1193 2064 unicuique
1214 1991 1541 2049 secundum
1573 2005 1755 2061 opera
1779 2004 1911 2045 sua.
1941 1990 2074 2062 Ipse

411 2080 615 2155 itaque
643 2081 871 2155 puniet,
920 2081 1025 2155 qui
1073 2081 1303 2152 reddet,
1348 2096 1471 2138 non
1514 2081 1618 2155 qui
1665 2079 1928 2152 recipiet,
1968 2075 2077 2151 qui

413 2171 595 2228 etiam
624 2186 691 2226 se
719 2171 781 2227 in
807 2170 1038 2243 judicio
1068 2170 1372 2227 dicturum
1400 2170 1605 2243 impiis
1636 2173 1917 2226 testatur:
1963 2168 2075 2235 Ite,

413 2260 743 2331 maledicti,
774 2261 838 2315 in
867 2260 1066 2331 ignem
1088 2266 1403 2329 mtemum,
1434 2261 1541 2331 qui
1557 2264 1818 2329 paratus
1838 2262 1923 2314 est
1948 2256 2079 2313 dia-

420 2348 553 2404 bolo
602 2353 656 2404 et
694 2347 929 2418 angelis
977 2362 1105 2418 ejus
1138 2348 1381 2416 (Matth.
1423 2364 1561 2418 xxv,
1590 2347 1725 2420 4i):
1770 2360 1898 2403 non
1935 2343 2078 2401 dicit

416 2435 758 2509 relinquam
783 2452 921 2503 vos,
965 2441 1029 2493 ut
1058 2452 1095 2492 a
1121 2435 1297 2492 vobis
1334 2435 1479 2509 ipsis
1525 2434 1862 2508 patiamini,
1910 2433 2080 2506 quod

415 2524 825 2598 praeparastis,
851 2524 960 2582 sed
982 2524 1303 2596 judiciaria
1330 2524 1659 2593 severitate,
1690 2528 1748 2580 et
1787 2522 2081 2579 irrevoca-

416 2613 527 2671 bili
553 2618 878 2687 potestate:
914 2615 1004 2671 Ite
1048 2616 1113 2670 in
1148 2615 1345 2685 ignem
1376 2620 1668 2671 ceteruum
1694 2628 1719 2670 .·
1760 2628 1872 2670 nec
1912 2611 2077 2681 dicit,

419 2719 606 2776 quem
633 2703 1014 2777 praeparavit,
1051 2703 1150 2760 vel
1185 2708 1472 2777 preparat
1518 2702 1634 2759 sibi
1678 2702 1980 2770 diabolus,
2024 2704 2084 2758 et

425 2790 626 2861 angeli
655 2792 826 2862 ejus;
860 2791 989 2860 sed,
1024 2792 1142 2860 Qui
1157 2798 1420 2862 paratus
1447 2798 1532 2850 est
1558 2792 1827 2861 diabolo;
1869 2796 1926 2848 et
1969 2806 2080 2847 an-

420 2881 571 2951 gelis
598 2882 749 2950 ejus.
796 2881 853 2937 Si
898 2881 1115 2953 quaeris
1143 2897 1181 2938 a
1207 2897 1332 2955 quo
1356 2886 1627 2954 paratus,
1670 2880 1813 2938 audi
1863 2879 2081 2937 Isaiam

420 2968 782 3041 prophetam
839 2970 1174 3026 terribiliter
1228 2971 1648 3028 intonantem:
1705 2972 1943 3028 Parata
1994 2974 2081 3026 est

422 3058 580 3148 enim
609 3058 685 3115 ab
717 3058 849 3116 heri
885 3074 923 3116 a
953 3075 1090 3130 rege
1136 3060 1403 3133 Tophet;
1447 3066 1674 3130 parata
1715 3065 1773 3116 et
1817 3059 2081 3116 dilatata
2110 3090 2154 3148 α

419 3145 564 3218 (Isa.
589 3163 725 3216 xxx,
758 3151 873 3217 33).
909 3149 1129 3218 Tophet
1160 3148 1462 3222 siquidem
1484 3149 1849 3221 gehennam,
1884 3162 2082 3220 regem

420 3251 561 3294 vero
607 3240 818 3307 Deum,
872 3237 967 3294 his
1019 3238 1222 3295 verbis
1275 3239 1641 3312 propheticis
1697 3238 2082 3309 designatum

421 3325 591 3382 nullo
647 3325 970 3382 obsistente
1026 3332 1271 3384 sanctus
1317 3328 1716 3401 Hieronymus
1760 3327 2081 3401 explanat:

421 3417 482 3472 et
506 3413 645 3470 licet
666 3419 822 3471 recte
847 3414 964 3471 dici
995 3415 1181 3472 soleat
1200 3432 1506 3490 quemque
1528 3422 1907 3491 peccatorem
1929 3431 2082 3490 prae-

421 3517 641 3576 parare
670 3501 784 3558 sibi
812 3506 1090 3572 mortem,
1122 3504 1218 3560 vel
1248 3520 1519 3578 poenam,
1550 3522 1739 3579 quam
1767 3505 2081 3579 peccando

424 3605 782 3662 comparare
810 3592 1142 3663 consuevit,
1186 3597 1390 3650 tamen
1427 3594 1534 3668 qui
1556 3611 1875 3669 nunquam
1905 3595 2083 3662 mori,

424 3696 743 3753 nunquam
773 3685 1070 3738 tormenta
1093 3683 1218 3756 pati
1241 3683 1436 3755 vellet,
1458 3700 1850 3767 nequaquam
1874 3701 1950 3742 ea
1968 3685 2084 3742 sibi

422 3770 557 3843 ipse
584 3768 713 3826 vult
734 3767 952 3840 facere,
976 3769 1073 3827 vel
1094 3770 1363 3843 ingerere
1392 3775 1547 3830 recte
1577 3773 1813 3846 dicitur,
1839 3774 1919 3831 ad
1946 3788 2083 3847 quae

423 3855 712 3916 nimirum
741 3858 997 3915 ducatur
1033 3875 1105 3916 ac
1133 3862 1513 3933 pertrahatur
1537 3862 1797 3921 invitus:
1849 3863 2085 3921 dicente

424 3947 723 4021 Propheta
745 3947 824 4005 ad
850 3950 1077 4007 Deum:
1129 3953 1217 4006 Tu
1257 3967 1417 4026 vero,
1466 3954 1647 4023 Deus,
1692 3954 1945 4012 deduces
1991 3969 2086 4012 eos

424 4038 489 4094 in
521 4042 772 4107 puteum
812 4039 1092 4095 interitus
1140 4040 1264 4111 (Ps.
1312 4056 1429 4116 Liv,
1482 4045 1595 4115 24).
1651 4044 1776 4100 Nisi
1825 4043 1977 4101 forte
2030 4047 2090 4101 et

424 4123 524 4180 hic
570 4123 786 4180 eadem
828 4124 1165 4183 insulsitate
1212 4128 1483 4186 dicturus
1530 4146 1619 4204 es,
1668 4131 1920 4189 deduces
1971 4147 2087 4205 pro

425 4210 645 4267 deduci
668 4213 977 4284 permittes
1006 4215 1293 4286 positum,
1319 4217 1487 4289 quod
1529 4234 1562 4275 e
1603 4220 1856 4291 vestigio
1898 4220 2088 4292 judex

427 4298 733 4355 districtus
762 4300 989 4369 evertit,
1020 4301 1127 4374 qui
1155 4302 1459 4362 dicturum
1483 4322 1547 4363 se
1578 4312 1847 4383 tempore
1872 4309 2086 4365 messis

430 4390 556 4447 suis
580 4389 949 4447 messoribus
990 4392 1302 4463 praedixit:
1353 4397 1463 4465 Ite,
1512 4399 1778 4470 colligite
1828 4401 2082 4469 zizania,

428 4486 484 4537 et
531 4481 715 4551 ligate
746 4495 817 4537 ea
871 4481 935 4536 in
977 4481 1306 4550 fasciculos
1356 4485 1440 4542 ad
1485 4486 1973 4559 comburendum,
2032 4494 2088 4545 et

427 4571 646 4627 mittite
695 4584 790 4627 eos
828 4570 893 4626 in
936 4572 1238 4630 caminum
1277 4574 1463 4647 ignis:
1513 4576 1600 4632 ibi
1651 4579 1766 4634 erit
1807 4579 1986 4647 ﬂetus
2034 4584 2090 4635 et

425 4659 656 4717 stridor
679 4659 946 4716 dentium
976 4660 1215 4732 (Matth.
1260 4680 1382 4732 χιιι,
1411 4667 1501 4729 29,
1535 4666 1674 4739 etc.)
1720 4665 2089 4737 Angelorum

427 4748 653 4822 quippe
683 4754 1033 4806 sanctorum
1064 4752 1126 4808 id
1154 4753 1263 4810 erit
1288 4753 1489 4826 ofﬁcii,
1535 4759 1597 4813 ut
1628 4772 1841 4813 omnes
1869 4756 2091 4829 impios

429 4838 721 4895 sententia
739 4837 962 4909 judicis
991 4847 1243 4915 accepta
1285 4858 1395 4917 pro
1437 4846 1723 4918 qualitate
1751 4845 2092 4903 facinorum

430 4924 892 4997 discriminatos,
965 4933 1146 5003 atque
1199 4933 1554 5005 conjunctos
1610 4935 1875 4992 ﬂammis
1925 4934 2092 4991 ultri-

431 5013 605 5070 cibus
634 5015 892 5082 mittant,
920 5021 1046 5074 tam
1074 5019 1349 5079 videlicet
1375 5021 1675 5092 homines,
1726 5040 1915 5097 quam
1958 5024 2090 5081 dia-

430 5101 664 5166 bolum,
697 5107 755 5160 et
781 5106 1029 5175 angelos
1057 5108 1209 5180 ejus,
1248 5111 1323 5168 de
1366 5128 1489 5185 quo
1531 5115 1823 5170 Dominus
1865 5113 1946 5171 ad
1983 5115 2095 5171 Job

431 5191 698 5266 loquitur
717 5192 847 5265 (Job
866 5210 961 5266 XL,
992 5197 1083 5268 28)
1112 5213 1126 5252 :
1156 5199 1236 5255 Et
1267 5201 1601 5259 videntibus
1622 5204 1853 5260 cunctis
1880 5206 2095 5273 prosci-

430 5282 752 5352 pitabitur,
781 5297 819 5338 a
859 5298 983 5355 quo
1012 5300 1244 5360 quaeso,
1294 5290 1411 5345 nisi
1461 5291 1834 5350 districtione
1884 5294 2094 5367 praeci-

434 5370 651 5442 pientis
671 5371 912 5444 judicis,
942 5377 999 5430 et
1025 5374 1412 5436 obsecutione
1440 5381 1725 5453 angelicas
1754 5383 2096 5441 servitutis?

438 5474 561 5531 quo
591 5476 755 5530 vero,
787 5461 902 5518 nisi
924 5464 997 5519 In
1028 5464 1224 5535 ignem
1254 5475 1545 5526 aeternum
1595 5473 1702 5543 qui
1743 5473 1800 5529 ei
1834 5479 2097 5543 paratus

441 5553 522 5604 est
554 5548 630 5604 ab
660 5549 892 5619 origine
921 5555 1152 5610 mundi.
1205 5556 1367 5613 Sicut
1417 5558 1579 5614 enim
1602 5560 1786 5631 justis
1816 5576 2095 5631 regnum,

445 5632 527 5689 ita
562 5634 800 5706 injustis
829 5645 887 5694 et
913 5639 1116 5711 impiis
1142 5643 1298 5715 ignis
1327 5652 1575 5717 paratus
1615 5654 1704 5706 est
1747 5649 1827 5707 ab
1866 5649 2098 5721 origine

2184 1811 2352 1885 quod
2381 1811 2509 1884 ipse
2529 1827 2653 1867 non
2673 1812 2827 1880 fecit,
2859 1812 2923 1868 id
2952 1816 3044 1869 est
3068 1813 3297 1870 malam
3326 1812 3719 1870 solummodo
3746 1829 3866 1870 vo-

2182 1900 2474 1957 luntatem
2502 1917 2637 1973 quae
2666 1901 2817 1957 sicut
2844 1907 3064 1959 natura
3089 1919 3215 1959 non
3240 1907 3347 1966 est,
3379 1902 3460 1959 ita
3481 1917 3589 1975 per
3619 1918 3692 1958 se
3729 1918 3867 1975 pce-

2182 2006 2326 2047 nam
2349 1990 2564 2046 sentire
2585 2006 2708 2047 non
2727 1996 2925 2064 potest
2947 2010 2960 2049 :
2995 1995 3101 2048 sed
3126 1992 3337 2049 merito
3357 2007 3607 2066 poenam
3626 1996 3868 2049 natura

2186 2080 2418 2147 sentiet,
2458 2096 2597 2153 quae
2627 2095 2947 2153 perperam
2992 2081 3201 2151 voluit,
3256 2097 3327 2139 ac
3375 2081 3533 2138 fecit.
3587 2082 3866 2138 Accedat

2184 2170 2401 2225 Doctor
2431 2169 2701 2238 gentium
2732 2170 2795 2225 in
2822 2170 2943 2226 ﬁde
2970 2175 3028 2227 et
3056 2171 3325 2240 veritate,
3357 2174 3413 2228 et
3431 2171 3545 2228 has
3567 2174 3690 2227 tute
3717 2187 3862 2245 per-

2184 2257 2481 2315 versitatis
2499 2257 2756 2331 ineptias
2784 2259 3117 2332 apostolica
3139 2258 3489 2317 auctoritate
3514 2259 3859 2328 detruncet,

2185 2347 2452 2420 quicum
2477 2347 2551 2403 de
2579 2347 2694 2404 hac
2723 2346 3075 2405 difﬁcillima
3099 2348 3223 2405 imo
3253 2347 3663 2405 indissolubili
3693 2364 3862 2421 quie-

2187 2436 2378 2492 stione
2408 2435 2717 2492 fortissimi
2743 2435 3097 2509 disputaret,
3131 2436 3448 2509 adjunxit:
3479 2437 3528 2493 0
3557 2438 3763 2506 homo,
3794 2444 3860 2494 tu

2187 2526 2320 2597 quis
2339 2541 2419 2593 es,
2443 2528 2546 2597 qui
2560 2526 2918 2595 respondeas
2939 2528 3059 2583 Deo
3079 2529 3109 2582 ?
3133 2526 3429 2598 Nunquid
3442 2526 3589 2583 dicit
3602 2527 3860 2598 ﬁgmen-

2190 2620 2316 2671 tum
2343 2616 2398 2670 ei
2414 2615 2522 2686 qui
2543 2629 2606 2671 se
2624 2616 2843 2684 ﬁnxit:
2880 2615 3079 2683 Quare
3097 2631 3190 2673 me
3210 2616 3295 2672 sic
3312 2615 3559 2685 fecisti?
3601 2616 3707 2672 An
3734 2632 3859 2672 non

2191 2704 2366 2761 habet
2385 2708 2736 2773 potestatem
2752 2705 2981 2774 ﬁgulus
3004 2705 3121 2761 luti
3139 2718 3215 2762 ex
3233 2704 3437 2761 eadem
3457 2719 3660 2762 massa
3680 2705 3863 2763 aliud

2190 2809 2295 2851 vas
2312 2794 2517 2863 facere
2535 2793 2599 2849 in
2622 2793 2927 2863 honorem,
2950 2794 3125 2850 aliud
3144 2808 3280 2851 vero
3300 2794 3365 2850 in
3385 2795 3821 2851 contumeliam
3836 2798 3863 2850 ?

2192 2885 2382 2952 (Rom.
2406 2898 2487 2953 ιχ,
2510 2885 2599 2950 20,
2632 2881 2767 2952 etc.)
2810 2882 2964 2945 Quid
3008 2882 3122 2939 sibi
3164 2882 3292 2940 vult
3334 2883 3654 2956 proposita
3683 2883 3865 2955 ﬁguli

2189 2971 2518 3029 similitudo
2546 2971 2818 3029 facientis
2863 2987 2940 3029 ea:
2968 2972 3171 3029 eadem
3208 2986 3408 3030 massa
3439 2972 3614 3029 aliud
3653 2988 3766 3030 vas
3796 2975 3861 3030 in

2191 3063 2498 3134 honorem,
2523 3061 2698 3119 aliud
2720 3062 2783 3118 in
2812 3060 3388 3131 contumeliammisi
3406 3065 3472 3118 ut
3490 3060 3633 3118 hinc
3653 3067 3862 3119 osten-

2190 3151 2368 3208 datur
2395 3150 2633 3208 bonitas
2661 3150 2782 3220 Dei,
2810 3154 2991 3224 atque
3006 3150 3236 3223 justitia
3254 3149 3524 3208 facientis
3546 3150 3861 3224 quosdam

2191 3239 2449 3311 gratuito
2478 3239 2891 3296 misericordia
2917 3239 2981 3295 in
3011 3238 3288 3311 gloriam,
3329 3239 3479 3296 alios
3504 3238 3747 3311 justitia
3770 3239 3861 3296 in-

2190 3328 2436 3385 ﬂexibili
2455 3329 2518 3385 in
2541 3328 2940 3400 ignominiam
2967 3327 3437 3402 sempiternam?
3489 3331 3570 3385 Ne
3632 3330 3859 3386 etenim

2189 3418 2309 3476 huc
2337 3417 2599 3491 illucque
2618 3433 2785 3475 more
2804 3417 3177 3491 lymphatico
3196 3417 3626 3487 distrahemur,
3658 3421 3719 3475 et
3738 3418 3860 3475 alia

2190 3508 2253 3564 in
2283 3507 2480 3564 verbis
2501 3506 2679 3572 illius,
2696 3522 2885 3580 quam
2904 3507 3036 3581 ipse
3056 3506 3291 3564 dixerat
3314 3505 3679 3577 eﬁingamus
3698 3524 3712 3563 :
3732 3522 3857 3563 non

2190 3598 2273 3655 ait
2298 3597 2652 3670 relinquere,
2686 3596 2784 3653 vel
2812 3598 3026 3669 sinere,
3053 3596 3182 3661 sed,
3212 3596 3503 3670 propulso
3527 3596 3711 3653 totius
3731 3612 3860 3655 am-

2189 3687 2495 3758 biguitatis
2514 3686 2745 3759 nubilo,
2761 3688 2986 3758 facere.
3002 3686 3217 3742 Veniat
3235 3690 3293 3743 et
3312 3684 3704 3759 coapostolus
3726 3687 3778 3758 ej
3790 3703 3855 3743 us

2192 3780 2417 3847 Petrus,
2446 3778 2505 3832 et
2531 3776 2662 3848 pari
2687 3775 2982 3832 sententia
3000 3779 3169 3832 tuam
3189 3774 3502 3848 proturbet
3524 3774 3850 3847 insaniam,

2193 3865 2297 3940 qui
2326 3880 2467 3921 cum
2495 3864 2749 3921 diceret:
2794 3865 2975 3923 Novit
2994 3865 3285 3921 Dominus
3302 3865 3438 3934 pios
3468 3870 3525 3922 et
3553 3864 3627 3922 de
3656 3870 3851 3922 tenta-

2194 3958 2354 4015 tione
2378 3955 2609 4026 eripere
2631 3971 2645 4010 :
2673 3953 3020 4027 subjunxit:
3057 3954 3273 4024 Impios
3294 3968 3433 4010 vero
3453 3955 3587 4025 igni
3604 3956 3666 4012 in
3688 3956 3853 4026 judi-

2196 4048 2286 4105 cio
2324 4060 2631 4103 reservare
2677 4045 2773 4117 (II
2811 4045 2980 4101 Petr.
3029 4059 3091 4109 u,
3139 4047 3215 4111 9).
3263 4045 3409 4099 Ecce
3438 4048 3855 4117 propugnator

2196 4136 2555 4194 fortissimus
2579 4133 2891 4208 victorque
2917 4132 3307 4189 ﬁdelissimus
3326 4147 3454 4190 non
3476 4132 3661 4190 dixit:
3687 4134 3853 4190 novit

2197 4224 2419 4298 impios
2454 4222 2791 4296 relinquere
2836 4220 2964 4292 igni
3008 4223 3300 4294 perpetuo
3347 4220 3411 4278 in
3458 4219 3687 4292 judicio
3725 4237 3853 4277 cru-

2200 4313 2475 4385 ciandos,
2507 4311 2615 4369 sed
2642 4326 2971 4368 reservare.

2272 4406 2549 4477 Properet
2571 4417 2817 4475 quoque
2836 4400 3049 4457 beatus
3068 4400 3099 4455 J
3105 4399 3258 4457 udas
3278 4398 3613 4472 apostolus,
3628 4403 3685 4457 et
3702 4400 3853 4473 pari-

2198 4494 2319 4551 lem
2349 4492 2471 4549 suis
2500 4490 2863 4564 coapostolis
2886 4490 2949 4545 in
2978 4493 3034 4546 te
3064 4489 3215 4546 ferat
3243 4489 3619 4553 sententiam,
3661 4489 3764 4562 qui
3792 4488 3853 4544 in

2200 4581 2463 4657 Epistola
2501 4597 2615 4638 sua
2648 4581 2733 4637 ita
2774 4579 2850 4636 de
2898 4584 2953 4636 te
3000 4579 3236 4652 tuisque
3267 4577 3560 4634 similibus
3590 4578 3855 4651 profatur

2203 4673 2361 4747 (Jud.
2421 4674 2457 4728 3
2521 4671 2716 4743 seq.):
2802 4670 3048 4726 Necesse
3111 4669 3296 4725 habui
3358 4669 3616 4725 scribere
3672 4668 3853 4735 vobis,

2201 4764 2530 4826 deprecans
2553 4760 2964 4830 supercertari
2976 4760 3156 4816 semel
3175 4759 3418 4815 tradita
3434 4758 3658 4814 sanctis
3673 4758 3819 4826 ﬁdei
3832 4773 3856 4816 ,ο

2200 4850 2679 4909 subintroierunt
2720 4848 2877 4904 enim
2925 4848 3173 4920 quidam
3222 4848 3504 4913 homines,
3559 4845 3664 4915 qui
3710 4846 3856 4903 olim

2194 4939 2545 5013 prtescripti
2570 4943 2711 4993 sunt
2742 4938 2805 4993 in
2838 4937 2949 4993 hoc
2965 4937 3269 5007 judicium
3304 4935 3486 5006 impii,
3524 4933 3639 4988 Dei
3664 4942 3855 4991 nostri

2201 5022 2466 5102 gratiam
2518 5028 2951 5098 transferentes
3011 5027 3076 5082 in
3122 5027 3455 5094 luxuriam,
3531 5027 3587 5078 et
3665 5025 3852 5080 solum

2203 5119 2637 5176 dominatorem
2691 5123 2746 5173 et
2800 5117 2990 5173 Deum
3046 5119 3319 5171 nostrum
3377 5115 3580 5169 .lesum
3654 5113 3851 5169 Chris—

2205 5214 2331 5265 tum
2353 5214 2657 5279 negantes.
2687 5206 3071 5262 Commonere
3109 5210 3308 5261 autem
3347 5218 3446 5260 vos
3490 5203 3647 5270 volo,
3675 5204 3851 5258 scien-

2205 5304 2288 5354 tes
2341 5298 2522 5354 semel
2578 5296 2800 5363 omnia,
2857 5295 3140 5366 quoniam
3207 5294 3379 5350 Iesus
3440 5293 3735 5363 populum
3786 5292 3853 5349 de

2207 5396 2373 5444 terra
2396 5386 2667 5458 Egypti
2695 5386 2960 5448 salvans,
3008 5383 3266 5441 secundo
3304 5397 3398 5440 eos
3444 5383 3553 5454 qui
3596 5398 3715 5438 non
3744 5398 3853 5438 cre-

2205 5477 2490 5533 diderunt
2512 5475 2780 5546 perdidit
2806 5492 2820 5543 ;
2851 5475 3095 5545 angelos
3126 5488 3285 5542 vero,
3317 5472 3423 5544 qui
3449 5486 3574 5527 non
3602 5487 3853 5528 servave-

2207 5571 2351 5623 runt
2376 5580 2549 5621 suum
2569 5566 3009 5635 principatum,
3053 5563 3158 5619 sed
3200 5562 3656 5632 dereliquerunt
3693 5577 3852 5617 suum

2208 5654 2599 5722 domicilium,
2613 5655 2674 5710 in
2685 5653 2989 5725 judicium
3008 5653 3217 5723 magni
3232 5652 3341 5707 Dei
3354 5652 3614 5707 vinculis
3631 5652 3851 5708 ceternis

450 5722 682 5779 mundi.
733 5724 893 5789 Quit
954 5727 1074 5785 itur
1099 5732 1487 5803 colliguntur,
1539 5738 1645 5808 qui
1696 5738 1981 5811 ligantur,
2025 5740 2136 5815 qui
2180 5744 2319 5813 .ub
2334 5722 3136 5815 caliginereservavituicut
3148 5740 3852 5814 Sodoma,etGomorrha.
