3950 6392
100 287 230 343 1345

1024 287 1115 342 DE
1152 283 1824 346 PREDESTINATIONB
1859 282 2140 341 CONTRA
2175 283 2228 339 3.
2267 283 2562 342 SCOTUM.

3361 261 3515 345 ista

95 416 148 467 et
172 409 452 480 ﬁnitimae
479 408 750 465 civitates
781 409 968 465 simili
1013 412 1189 467 modo
1227 413 1647 483 exfornicataa,
1699 415 1752 465 et
1785 409 1834 462 Α
1864 407 1972 463 des
1992 413 2234 466 censeat
2278 409 2636 466 orthodoxa.
2690 409 2748 465 Si
2804 409 3007 482 itaque
3054 410 3402 466 causandus
3431 413 3524 466 est

95 499 373 555 abeuntes
416 503 553 569 post
598 513 838 554 carnem
869 499 1124 556 alteram
1160 501 1349 569 facta
1391 506 1531 556 sunt
1564 513 1754 555 exem-

92 589 258 658 plum
297 604 318 643 :
357 588 512 658 ignis
559 589 775 644 aeterni
829 603 1067 657 poenam
1141 591 1517 646 sustinentes.
1570 587 1755 642 Audis

90 680 473 748 prescriptos,
508 680 564 734 et
593 692 784 746 negas
825 677 1302 750 praedestinatos.
1335 679 1521 734 Audis
1570 678 1755 734 Sodo-

95 769 269 825 mitas
325 765 674 838 exemplum
723 766 880 836 ignis
912 769 1147 837 wterni,
1197 773 1254 823 et
1278 768 1426 823 dicis
1457 783 1493 823 a
1531 782 1592 822 se
1642 781 1754 837 pu-

96 857 346 937 niendos
395 855 656 928 relinqui
695 859 724 911 ?
765 859 893 911 Non
942 856 1099 912 enim
1155 857 1478 912 Sodomitas
1526 855 1756 927 seipsos

95 945 434 1018 punierunt,
486 948 590 1000 ant
637 947 675 999 ἐι
717 944 932 1016 seipsis
962 945 1162 1016 puniri
1192 945 1392 1001 relecti
1439 947 1599 1015 sunt,
1650 941 1756 998 sed

97 1033 316 1091 nefarie
367 1032 630 1088 vivendo
675 1038 1024 1088 merueront
1070 1033 1368 1089 ﬂammeis
1413 1038 1594 1104 atque
1635 1029 1755 1085 sul-

96 1122 274 1178 fureis
300 1120 599 1177 imbribus
642 1120 874 1176 coalitus
914 1120 1306 1177 inﬂuentibus
1345 1117 1753 1177 concremari:

97 1207 176 1263 sic
203 1222 346 1277 ergo
371 1209 428 1262 et
457 1209 682 1262 tartaro
712 1206 856 1261 trusi
882 1205 1022 1275 igne
1053 1206 1131 1262 ad
1160 1206 1277 1262 hoc
1303 1206 1460 1265 facto
1499 1209 1558 1261 et
1596 1220 1756 1277 proe-

95 1300 304 1368 parato
325 1296 452 1352 sine
477 1294 666 1351 dubio
688 1295 1141 1352 comburentur.

163 1385 486 1441 Videamus
507 1384 684 1440 etiam
708 1389 942 1456 quanta
981 1386 1240 1456 teipsum
1270 1385 1387 1441 tuis
1413 1382 1756 1440 assertioni-

93 1476 207 1532 bus
227 1474 643 1532 contrarietate
659 1474 1165 1546 impugnes.Nam
1186 1479 1245 1530 tu
1263 1475 1392 1547 ipse
1408 1473 1598 1530 multo
1619 1477 1756 1529 ante

93 1565 349 1627 dixeras,
372 1567 690 1636 propterea
710 1564 1208 1637 praedestinatum
1230 1564 1324 1619 vel
1348 1566 1756 1636 praeparatum

61 1675 66 1682 ·
93 1653 261 1709 illum
288 1654 490 1722 ignem
516 1651 762 1708 diabolo
784 1652 921 1720 dici,
945 1653 1241 1725 quoniam
1261 1652 1322 1708 in
1350 1668 1421 1709 eo
1445 1652 1641 1707 fuerat
1664 1666 1755 1706 or-

1865 501 2020 554 Deus
2050 499 2385 555 secundum
2416 503 2492 567 te,
2526 499 2730 572 tuique
2775 499 3119 571 complices,
3151 501 3319 572 quod
3374 516 3524 572 pree-

1864 586 2248 644 destinaverit
2268 588 2486 661 impios
2509 588 2722 661 poenis,
2752 604 3087 661 poenasque
3115 589 3317 662 impiis
3345 605 3359 644 :
3387 604 3526 644 con-

1866 681 2183 749 sequenter
2212 677 2558 734 causandus
2587 681 2698 745 est,
2721 694 2908 751 quare
2924 694 3050 734 non
3071 678 3380 734 credentes
3394 679 3524 750 jam

1861 765 2237 836 judicaverit,
2265 767 2517 839 jamque
2546 765 2956 822 damnaverit:
2986 765 3154 839 quod
3179 765 3228 821 si
3245 765 3526 839 blasphe-

1866 872 2034 911 mum
2066 860 2246 928 atque
2266 856 2522 928 impium
2548 859 2659 924 est,
2680 860 2863 913 restat
2889 860 2956 912 ut
2986 855 3293 911 sinceritas
3317 856 3526 913 Catho-

1864 942 1991 998 licus
2047 944 2188 999 fidei
2248 949 2553 1001 tantorum
2603 944 2972 1014 judiciorum
3024 943 3527 1017 imperscrutabili

1866 1033 2090 1105 abysso
2118 1033 2476 1103 humillime,
2529 1032 3000 1106 ﬁdelissimequc
3054 1032 3376 1101 substrata,
3417 1048 3524 1088 ne-

1865 1135 2178 1195 quaquam
2209 1122 2283 1178 de
2339 1122 2618 1195 supernis
2668 1121 3169 1194 dispositionibus
3222 1125 3522 1190 causetur,

1863 1227 2076 1266 verum
2107 1226 2246 1266 cum
2269 1210 2554 1283 Apostolo
2585 1210 2877 1266 exclamet
2910 1210 2990 1266 :0
3018 1210 3521 1266 altitudodivitia-

1864 1316 2000 1356 rum
2025 1301 2338 1369 sapientia)
2359 1305 2415 1356 et
2438 1301 2702 1356 scientia:
2722 1301 2868 1356 Dei!
2898 1315 3080 1370 quam
3101 1300 3525 1356 incrustabilia

1863 1396 2002 1446 sunt
2025 1391 2265 1460 judicia
2303 1393 2453 1460 ejus,
2486 1390 3003 1460 etinvestigabiles
3034 1390 3146 1446 vice
3179 1391 3340 1458 ejus!
3385 1389 3526 1456 Quis

1864 1483 2020 1537 enim
2046 1481 2323 1550 cognovit
2359 1495 2595 1536 sensum
2627 1480 2889 1540 Domini.
2917 1484 3024 1535 aut
3065 1479 3195 1550 quis
3245 1479 3524 1536 consilia-

1864 1586 1968 1625 rus
1999 1572 2126 1639 ejus
2151 1570 2298 1641 fuit,
2330 1575 2438 1626 aut
2468 1571 2600 1641 quis
2625 1569 2802 1639 prior
2829 1569 2992 1626 dedit
3023 1569 3122 1624 illi
3149 1573 3202 1624 et
3234 1569 3526 1624 retribue-

1865 1664 1968 1715 tur
1997 1660 2051 1715 ei
2073 1676 2086 1714 :
2119 1661 2404 1731 quoniam
2433 1675 2513 1716 ex
2540 1660 2689 1729 ipso,
2711 1665 2767 1714 et
2785 1674 2895 1728 per
2921 1659 3048 1728 ipso
3071 1663 3124 1714 et
3146 1657 3209 1712 in
3237 1657 3366 1726 ipso
3385 1662 3526 1712 sunt

94 1741 396 1798 dinandus
421 1758 561 1798 cum
592 1741 879 1798 omnibus
927 1758 1053 1798 suae
1084 1741 1326 1798 malitiae
1375 1739 1754 1797 consortibus
1784 1761 1825 1815 Β
1863 1751 2085 1817 omnia,
2137 1750 2256 1818 ipsi
2301 1750 2502 1820 gloria
2550 1751 2614 1805 in
2656 1750 2860 1805 secula
2904 1749 3242 1805 seculorum
3278 1764 3300 1804 .·
3335 1747 3528 1804 Amen

92 1831 459 1905 puniendus,
509 1835 568 1888 et
607 1831 1113 1904 quemadmodun
1143 1831 1304 1887 idem
1357 1831 1512 1901 ignis
1555 1830 1754 1886 bonus

94 1920 380 1994 profecto,
423 1921 717 1994 quoniam
766 1937 804 1978 a
848 1921 1014 1978 bono
1057 1922 1250 1978 factus
1279 1937 1402 1977 non
1446 1920 1631 1977 aliam
1673 1919 1754 1975 ob

93 2027 336 2067 causam
368 2010 598 2067 malum
623 2009 878 2079 dicatur,
909 2011 1024 2066 nisi
1046 2010 1214 2083 quod
1234 2009 1296 2066 in
1327 2026 1398 2066 eo
1426 2009 1574 2066 mali
1593 2007 1754 2065 ordi-

93 2100 399 2156 natissime
445 2099 848 2172 disponantur
886 2116 900 2155 :
950 2099 1033 2156 ita
1071 2099 1255 2155 etiam
1293 2115 1477 2171 poena
1517 2114 1640 2154 non
1669 2097 1758 2152 in-

97 2205 358 2259 congrue
382 2189 690 2260 asseritur,
721 2189 1013 2262 quoniam
1071 2188 1234 2244 idem
1273 2188 1417 2244 mali
1448 2187 1508 2243 in
1539 2186 1754 2243 eodem

91 2277 442 2334 crimmibus
501 2277 625 2333 suis
677 2277 1002 2334 libidinose
1046 2277 1406 2348 commissis,
1434 2275 1756 2344 laboriose,

98 2368 640 2440 miserabiliterque
671 2369 1032 2426 cruciantur.
1065 2372 1180 2424 Aut
1206 2367 1387 2438 igitur
1411 2366 1637 2423 falsum
1669 2369 1763 2422 est

97 2475 133 2516 a
173 2460 292 2515 Deo
322 2459 494 2515 illum
531 2459 758 2529 ignem,
816 2459 921 2532 qui
965 2474 1150 2532 pasna
1201 2461 1290 2514 est
1338 2455 1760 2530 reproborum,

91 2547 333 2617 factum,
366 2551 425 2605 et
451 2563 667 2604 verum
694 2548 804 2604 erit
831 2547 1001 2621 quod
1030 2547 1127 2604 ais
1160 2564 1174 2603 :
1221 2564 1258 2603 a
1289 2550 1408 2603 Deo
1437 2561 1550 2602 nec
1605 2560 1761 2617 prae-

90 2637 474 2708 destinatam,
541 2653 653 2694 nec
680 2641 1090 2711 praeparatam
1119 2652 1364 2710 poenam
1397 2654 1410 2705 ;
1453 2638 1556 2691 aut
1583 2637 1760 2709 certe,

108 2727 155 2782 si
173 2743 387 2784 verum
419 2731 510 2784 est
537 2743 575 2784 a
599 2731 720 2784 Deo
748 2727 997 2798 factum,
1019 2731 1075 2783 te
1103 2741 1348 2799 quoque
1379 2724 1683 2781 adnitente
1706 2727 1765 2779 et

89 2833 213 2888 pra:
231 2821 516 2890 paratum
544 2835 558 2873 :
608 2816 820 2890 procul
847 2816 1036 2873 dubio
1065 2816 1286 2872 falsum
1305 2815 1414 2871 erit
1445 2831 1482 2870 a
1507 2816 1627 2870 Deo
1652 2828 1764 2869 nec

88 2922 356 2978 poenam,
379 2923 492 2962 nec
516 2905 887 2978 supplicium
916 2905 1304 2976 destinatum,
1326 2903 1423 2960 vel
1448 2918 1762 2976 praepara-

99 3001 241 3053 tum.
292 2997 615 3053 Evidenter
656 2995 884 3068 quippe
917 2995 1046 3067 ipse
1082 2994 1241 3050 illius
1279 2993 1555 3050 conditor
1582 2996 1764 3063 atque

1863 1839 2050 1907 (Rom.
2084 1854 2172 1906 x1,
2204 1839 2438 1909 33-36);
2471 1837 2799 1910 audiatque
2852 1837 3184 1893 terribiliter
3228 1837 3528 1894 intentan-

1863 1931 1983 1983 tem
2009 1944 2022 1982 :
2055 1927 2200 1983 Noli
2227 1927 2422 1982 altum
2475 1942 2704 1996 sapere,
2764 1927 2868 1982 sed
2898 1927 3039 1982 time
3065 1928 3254 1994 (Rom.
3280 1942 3362 1994 x1,
3391 1929 3483 1994 20)
3510 1937 3524 1988 ;

1863 2019 1921 2072 et
1940 2015 2300 2088 prophetam
2322 2013 2639 2071 salubriter
2664 2014 3062 2070 monitantem
3084 2031 3098 2068 :
3118 2014 3360 2070 Altiora
3376 2019 3432 2070 te
3455 2028 3530 2070 ne

1864 2105 2191 2176 qucesieris,
2239 2110 2294 2160 et
2344 2105 2753 2174 profundiora
2783 2109 2838 2160 te
2865 2119 2942 2159 ne
2990 2107 3294 2159 scrutatus
3334 2103 3528 2172 fueris

1868 2195 2086 2266 (Eccle.
2118 2211 2200 2264 IlI,
2227 2197 2342 2261 22).
2392 2194 2556 2249 Unde
2587 2197 2645 2250 et
2673 2192 2989 2249 Psalmista
3016 2195 3290 2261 testatur,
3337 2191 3532 2247 Terri-

1871 2284 2004 2340 bilis
2034 2285 2098 2340 in
2120 2284 2386 2340 consiliis
2413 2299 2596 2353 super
2623 2283 2780 2351 ﬁlios
2823 2281 3130 2337 hominum
3173 2281 3358 2352 (Psal.
3392 2295 3526 2349 va,

1870 2377 2053 2442 5);et
2103 2372 2318 2429 iterum
2359 2373 2600 2442 judicia
2632 2377 2737 2428 tua
2785 2371 3034 2441 abyssus
3087 2370 3286 2426 multa
3335 2368 3527 2440 (Psal.

1870 2480 2042 2535 xxxv,
2067 2463 2142 2535 7).
2175 2465 2363 2519 Tanto
2385 2477 2550 2533 ergo,
2583 2465 2651 2518 ut
2679 2461 2762 2518 ait
2788 2460 3002 2517 beatus
3033 2458 3375 2530 Gregorius,
3430 2473 3533 2514 ne-

1871 2568 2034 2610 cesse
2053 2555 2145 2610 est
2166 2556 2233 2609 ut
2272 2551 2530 2625 quisque
2585 2550 2649 2606 in
2703 2549 3036 2606 humilitate
3090 2563 3154 2605 se
3207 2546 3530 2621 deprimat,

1869 2646 2099 2716 quanto
2128 2645 2187 2698 et
2215 2640 2265 2696 si
2294 2640 2370 2698 sit
2388 2640 2610 2698 electus
2637 2639 2895 2710 ignorat.

1943 2731 2100 2798 Quid
2129 2747 2275 2788 sane
2305 2729 2643 2802 adjumenti
2670 2728 2938 2786 conferat
2956 2726 3384 2786 assertionibus
3413 2725 3532 2783 tuis

1872 2821 2236 2895 explanatio,
2289 2837 2414 2894 qua
2455 2820 2608 2877 dicis
2666 2820 2931 2891 (Epilog.
2985 2834 3154 2875 num.
3192 2821 3245 2890 6,
3279 2819 3422 2873 sect.
3449 2817 3530 2888 2).

1872 2913 2058 2967 Deum
2089 2911 2564 2981 prwdestinasse,
2591 2911 2658 2966 id
2685 2915 2788 2972 est,
2819 2915 2959 2966 ante
3005 2909 3231 2966 saecula
3260 2907 3534 2976 definisse

1875 3005 2104 3056 certum
2133 3014 2451 3055 numerum
2467 3014 2692 3065 eorum,
2715 2999 2822 3068 qui
2843 2999 2907 3053 in
2942 3012 3054 3053 sua
3085 2997 3391 3065 impietate
3412 2997 3536 3052 inte

91 3086 384 3158 irrogator
418 3101 481 3140 se
503 3088 668 3141 tanto
705 3089 842 3140 ante
868 3084 1170 3140 dicturum
1199 3082 1478 3156 praedixit
1512 3099 1525 3137 ε
1578 3083 1672 3136 Ite
1695 3082 1762 3171 in
1794 3116 1834 3171 ρ
1873 3089 2060 3143 rituri
2083 3094 2292 3144 essent.
2316 3086 2554 3142 Minime
2584 3085 2779 3152 video,
2811 3101 2998 3157 quam
3025 3084 3431 3154 refragantem
3449 3083 3534 3138 eis

91 3175 280 3245 ignem
307 3180 629 3238 aeternum,
652 3173 760 3245 qui
784 3177 1041 3242 paratus
1077 3177 1160 3228 est
1182 3171 1422 3227 diabolo
1449 3175 1504 3226 et
1531 3169 1762 3239 angelis

95 3267 218 3333 ejus
243 3264 495 3336 (Matth.
518 3278 661 3331 xxv,
687 3263 776 3331 41)
815 3279 828 3328 ;
862 3260 965 3334 qui
996 3260 1176 3332 igitur
1213 3259 1550 3315 secundum
1579 3273 1760 3329 apos-

95 3352 238 3409 tolos
259 3369 434 3409 suos:
463 3353 668 3408 Potest
687 3366 763 3407 ea:
800 3351 1004 3406 eadem
1026 3365 1226 3406 massa
1239 3349 1413 3406 aliud
1436 3363 1539 3404 vas
1560 3347 1766 3417 facere

97 3444 155 3499 in
180 3445 490 3512 honorem,
521 3443 697 3500 aliud
718 3457 858 3499 vero
889 3444 956 3498 in
986 3443 1415 3498 contumeliam
1465 3440 1652 3512 (Rom.
1681 3456 1758 3504 ιχ,

96 3533 203 3605 21),
255 3536 543 3606 novitque
583 3535 714 3603 pios
762 3533 834 3588 de
878 3533 1204 3589 tentatione
1241 3532 1491 3602 eripere,
1546 3531 1758 3600 impios

97 3638 228 3680 vero
248 3625 382 3696 igni
410 3623 776 3680 cruciandos
805 3637 1114 3680 reservare
1155 3622 1215 3693 (Ι
1237 3623 1400 3678 Petr.
1425 3637 1487 3689 11,
1521 3620 1596 3693 9),
1629 3619 1758 3691 ipse

95 3713 378 3770 nimirum
443 3729 559 3770 sua
611 3712 989 3769 irrevocabili
1036 3711 1328 3768 sententia
1375 3710 1570 3783 poenis
1613 3726 1651 3766 a
1698 3725 1761 3765 se

104 3801 266 3859 factis
281 3799 1566 3878 preedestinatis,praeparatis,praeordinatis,
1580 3804 1760 3872 atque

105 3892 402 3966 dispositis
425 3891 796 3964 torquendos
819 3891 1111 3963 reprobos
1133 3889 1510 3963 praascicntia
1526 3889 1761 3944 inenar-

106 3981 272 4037 rabili
295 3980 742 4054 prmdamnavit
772 3997 843 4037 ac
886 3980 1182 4052 judicavit
1209 3979 1391 4036 etiam
1433 3981 1762 4050 antequam

107 4070 414 4140 conderet;
439 4070 546 4143 qui
568 4070 730 4127 solus
748 4069 1024 4143 praescire
1046 4068 1258 4141 potuit,
1281 4067 1479 4140 qualis
1502 4067 1763 4139 quisque

107 4157 354 4228 futurus,
384 4165 443 4216 et
463 4175 586 4232 quo
606 4159 728 4215 ﬁne
747 4159 934 4215 vitam
961 4163 1120 4215 esset
1147 4157 1386 4214 feneam
1417 4155 1765 4212 terminatu-

107 4262 223 4304 rus.
243 4253 374 4321 lpse
400 4247 704 4320 siquidem
725 4247 801 4303 de
817 4246 1189 4320 quibusdam
1211 4262 1422 4302 eorum
1447 4243 1624 4300 dixit:
1653 4243 1766 4310 Qui

109 4338 254 4393 enim
275 4355 396 4394 non
416 4337 628 4406 credit,
643 4338 776 4406 jam
786 4337 1101 4405 judicatus
1122 4340 1203 4392 est
1225 4335 1418 4406 (Joan.
1434 4349 1514 4399 ur,
1532 4331 1639 4402 l8),
1653 4346 1765 4386 nec

110 4424 248 4482 dixit
271 4425 666 4497 judicabitur,
699 4425 868 4497 quod
889 4428 1094 4481 tamen
1139 4423 1466 4480 certissime
1497 4421 1766 4477 futurum

112 4511 432 4581 credimus;
465 4510 651 4567 modo
677 4509 957 4582 superius
983 4509 1127 4566 satis
1146 4508 1453 4575 adnotato,
1477 4505 1582 4562 sed
1599 4505 1768 4576 judi-

113 4605 276 4656 catus
303 4607 409 4672 est,
432 4599 708 4672 quando,
738 4615 970 4672 quaeso,
1014 4598 1129 4654 nisi
1155 4601 1481 4670 antequam
1525 4595 1718 4652 factus
1739 4592 1767 4648 ‘I

116 4687 170 4743 Si
185 4704 324 4759 ergo
341 4691 476 4762 jam
492 4688 800 4760 judicatus
821 4691 928 4755 est,
943 4687 1049 4760 qui
1068 4703 1193 4744 non
1219 4685 1404 4742 credit
1424 4685 1488 4741 id
1502 4687 1592 4742 est
1602 4683 1770 4740 dam-

117 4782 303 4849 natus,
344 4795 536 4853 quare
578 4794 704 4835 non
739 4777 1223 4852 praedestinatus,
1274 4775 1370 4833 vel
1392 4777 1769 4848 preeparatus

115 4866 320 4924 eadem
332 4868 555 4925 divinae
569 4867 867 4941 aequitatis
883 4865 1094 4936 regula
1105 4865 1185 4922 ad
1200 4881 1448 4939 poenam
1457 4881 1522 4921 ve
1531 4864 1610 4922 ris
1619 4865 1770 4922 sime

115 4954 372 5014 dicatur:
398 4957 701 5030 siquidem
721 4957 828 5030 qui
848 4960 1014 5014 tanto
1036 4959 1174 5013 ante
1195 4955 1258 5011 in
1281 4955 1640 5028 prescientia
1661 4974 1773 5017 sua

115 5046 302 5114 potuit
325 5046 601 5118 judicare
622 5049 802 5118 atque
833 5045 1146 5114 damnare,
1175 5043 1381 5116 utique
1409 5044 1604 5116 potuit
1621 5061 1772 5118 pras-

118 5131 408 5192 destinare
438 5135 637 5192 eidem
663 5134 1057 5204 damnationi,
1085 5149 1156 5190 ac
1181 5148 1555 5206 praeparare:

183 5228 361 5285 Porro
379 5228 431 5284 si
451 5242 872 5300 proponamus
916 5226 1105 5282 Deum
1121 5224 1458 5282 dicentum:
1482 5225 1557 5281 Se
1569 5225 1776 5295 facere

120 5317 279 5372 mala
299 5322 354 5374 et
376 5331 586 5374 creare
624 5317 896 5374 tenebras
924 5315 1062 5387 (Isa.
1088 5331 1208 5383 xu,
1237 5314 1288 5386 7)
1316 5331 1330 5383 ;
1380 5317 1554 5387 teque
1581 5313 1644 5370 id
1672 5331 1775 5372 ne-

121 5409 356 5474 gantem
384 5405 510 5463 imo
537 5405 930 5476 inﬁciantem,
961 5404 1310 5478 quicunque
1347 5419 1498 5461 sano
1528 5404 1776 5462 cerebro

121 5490 309 5562 fuerit,
333 5497 452 5552 Deo
472 5496 692 5569 potius,
728 5510 918 5568 quam
937 5494 1042 5551 tibi
1063 5493 1425 5550 credulitatis
1455 5509 1778 5551 assensum

122 5580 492 5640 humillimus
523 5583 873 5642 adhibebit:
904 5583 1236 5657 praesertim
1267 5600 1407 5640 cum
1435 5582 1585 5639 nihil
1615 5582 1781 5640 aliud

126 5670 199 5727 de
222 5673 323 5729 Dei
350 5673 1004 5747 praedestinationibus,
1045 5689 1233 5746 quam
1264 5673 1340 5730 de
1378 5674 1508 5747 ejus
1532 5672 1780 5746 judiciis

121 5760 460 5832 justissimis
477 5764 850 5840 perindeque
862 5762 1308 5825 inevitabilibus
1323 5761 1707 5825 sentiendum
1720 5761 1787 5822 ﬁ-

1870 3177 2090 3250 potius,
2123 3191 2247 3232 non
2272 3175 2504 3244 ignoro.
2539 3174 2693 3240 Quid
2722 3177 2812 3230 est
2839 3172 3322 3246 praedestinasse,
3351 3171 3414 3228 id
3442 3175 3536 3228 est

1871 3267 2154 3323 deﬁnisse
2195 3281 2522 3322 numerum
2577 3264 3007 3336 periturorum,
3082 3261 3199 3318 nisi
3239 3261 3535 3334 perituros

1871 3353 2354 3428 praedestinasse,
2398 3353 2462 3408 id
2505 3357 2595 3408 est
2623 3351 2930 3428 deﬁnisse.
2965 3349 3022 3406 Si
3051 3365 3194 3419 ergo
3231 3345 3538 3422 praedesti-

1870 3444 2057 3511 navit,
2126 3443 2189 3499 id
2241 3446 2329 3498 est
2381 3440 2648 3498 deﬁnivit
2718 3455 3043 3495 numerum
3108 3437 3534 3510 periturorum,

1869 3532 2173 3606 prtesc1vit
2200 3532 2407 3603 utique
2433 3530 2734 3603 perituros
2759 3548 2772 3584 :
2806 3528 2955 3601 quid
2981 3531 3183 3583 autem
3221 3525 3396 3600 pejus
3434 3526 3540 3580 aut

1869 3621 2262 3696 perniciosius
2340 3619 2627 3677 creaturis
2682 3617 3078 3674 rationalibus
3134 3615 3252 3671 dici
3320 3617 3537 3686 potest,

1869 3728 2058 3785 quam
2088 3710 2278 3783 perire
2301 3710 2328 3764 ?
2360 3708 2471 3775 Qui
2496 3723 2640 3778 ergo
2661 3707 2960 3780 praescivit
2982 3705 3278 3778 perituros
3306 3701 3538 3757 malum

1869 3800 2073 3872 utique
2102 3797 2400 3872 preescivit
2437 3814 2450 3853 :
2484 3795 2715 3851 malum
2745 3797 2834 3851 est
2877 3793 3037 3848 enim
3069 3795 3126 3847 et
3154 3789 3321 3846 omni
3375 3787 3539 3844 malo

1871 3889 2129 3945 deterius
2161 3887 2373 3959 perire.
2410 3885 2488 3954 Si,
2516 3884 2792 3956 inquam,
2837 3879 3303 3954 praedestinavit,
3346 3875 3536 3945 idest,

1873 3976 2143 4032 deﬁnivit
2166 3978 2316 4047 quot
2337 3976 2538 4029 essent
2565 3970 2832 4044 perituri,
2862 3969 3029 4024 nullo
3058 3967 3385 4023 reluctante
3413 3980 3541 4020 ma-

1871 4065 1963 4122 los
1977 4064 2330 4136 malumque
2347 4058 2817 4134 praedestinavit,
2833 4057 2896 4113 id
2919 4060 3007 4112 est
3030 4053 3325 4121 deﬁnivit,
3347 4057 3404 4109 et
3435 4051 3542 4108 ubi

1875 4159 1966 4212 est
1995 4153 2278 4210 astructio
2302 4156 2422 4220 tua,
2447 4165 2571 4223 qua
2600 4151 2911 4222 tantopere
2932 4146 3100 4202 nisus
3123 4161 3186 4201 es
3207 4142 3540 4210 afﬁrmare;

1874 4245 2064 4300 Deum
2095 4259 2208 4299 nec
2235 4241 2573 4316 praescisse,
2626 4255 2739 4296 nec
2792 4236 3256 4311 proedestinasse
3287 4233 3540 4300 malum,

1876 4334 2044 4408 quod
2055 4337 2143 4390 est
2158 4348 2362 4406 paena,
2385 4335 2567 4404 atque
2589 4328 2954 4403 supplicium
2979 4345 2992 4384 :
3025 4342 3360 4400 numquam
3381 4323 3545 4382 enim

1877 4423 2328 4498 praedestinare,
2359 4420 2424 4476 id
2452 4423 2541 4477 est
2569 4418 2820 4476 deﬁnire
2846 4420 3054 4490 posset
3083 4420 3311 4472 certum
3335 4428 3547 4470 nume-

1878 4530 2017 4570 rum
2030 4512 2456 4586 periturorum,
2479 4509 2593 4566 nisi
2608 4506 2946 4582 proescissct
2969 4504 3288 4578 perituros.
3324 4500 3546 4558 Malum

1880 4602 2062 4675 igitur
2081 4599 2401 4676 prtescivit,
2421 4598 2525 4671 qui
2541 4597 2736 4670 perire
2757 4595 3172 4651 incunctanter
3187 4589 3418 4648 malum
3435 4593 3542 4676 est.

1955 4675 2249 4762 Quodque
2270 4686 2538 4745 adnectis
2556 4685 2820 4754 (Epilog.
2844 4686 3074 4744 num.7,
3101 4683 3244 4750 sect,
3261 4681 3316 4744 2)
3339 4675 3549 4733 identi-

1881 4780 2022 4836 dem
2048 4778 2165 4835 alio
2195 4775 2380 4834 modo
2398 4774 2516 4830 dici
2538 4788 2738 4846 posse,
2756 4768 3218 4844 praedestinasse
3240 4769 3429 4822 Deum
3440 4781 3549 4821 nu-

1882 4884 2121 4926 merum
2140 4866 2381 4923 illorum
2397 4863 2501 4937 qui
2524 4878 2647 4918 suae
2665 4857 2994 4933 impietatis
3009 4862 3066 4914 et
3086 4871 3354 4930 pmnam,
3381 4859 3438 4911 et
3461 4853 3550 4910 in-

1883 4957 2124 5016 teritum
2174 4951 2554 5028 preparaturi
2594 4953 2815 5019 essent,
2848 4962 2974 5005 non
3002 4946 3064 5003 in
3096 4945 3181 5002 eis
3210 4942 3380 5018 quod
3418 4943 3549 5017 ipse

1882 5047 2103 5104 fecerat
2125 5043 2445 5119 puniturus
2473 5059 2487 5110 ;
2513 5039 2618 5096 sed
2643 5039 2706 5096 in
2732 5037 2816 5094 eis
2846 5035 3014 5110 quod
3041 5051 3166 5092 non
3195 5033 3414 5091 fecerat
3444 5048 3552 5105 pu-

1881 5136 1998 5193 niri
2024 5134 2335 5192 relicturus
2380 5148 2394 5188 :
2447 5144 2658 5186 verum
2703 5125 2952 5200 quidem
2990 5128 3079 5182 est
3105 5123 3326 5197 impios
3357 5120 3469 5177 sibi
3495 5123 3553 5177 et

1883 5240 2133 5298 poenam
2151 5225 2208 5279 et
2226 5218 2532 5278 interitum
2549 5214 2882 5291 peccando,
2905 5213 2969 5270 id
2990 5215 3080 5270 est
3093 5211 3277 5285 impie
3292 5207 3550 5298 vivendo

1884 5294 2230 5388 praeparare
2264 5327 2278 5378 ;
2323 5308 2430 5366 sed
2472 5321 2598 5364 non
2627 5304 2833 5362 minus
2877 5319 3090 5359 verum
3117 5303 3205 5356 est
3234 5315 3272 5356 a
3293 5301 3412 5353 Deo
3437 5294 3553 5352 illis

1888 5384 2169 5462 eamdem
2187 5415 2435 5474 poenam
2443 5394 2776 5471 justissime
2787 5391 3371 5467 prreparatamNam
3387 5384 3556 5459 quod

1889 5493 1973 5550 illi
2005 5492 2121 5548 sibi
2148 5489 2490 5564 praeparant
2517 5483 2793 5558 nequiter
2815 5478 3096 5547 vivendo,
3129 5478 3245 5534 hoc
3275 5475 3360 5533 eis
3399 5477 3558 5530 Deus

1889 5583 2193 5657 praeparat
2211 5575 2558 5650 aequissime
2575 5571 2992 5648 judicando,et
3003 5566 3335 5641 justissime
3351 5579 3562 5637 repen-

1890 5654 2113 5730 dendo.
2149 5668 2447 5742 Scriptum
2477 5668 2567 5722 est
2593 5663 2788 5722 enim:
2826 5661 2979 5730 Quia
3009 5664 3075 5715 tu
3094 5657 3304 5714 reddes
3332 5654 3563 5712 unicui-

1891 5777 2005 5836 que
2039 5762 2233 5835 juxta
2267 5769 2454 5829 opera
2479 5769 2592 5814 sua
2617 5754 2806 5825 (Rom.
2823 5765 2883 5823 ιι,
2907 5749 2983 5823 6).
3004 5748 3077 5805 At
3097 5761 3404 5821 nusquam
3424 5743 3563 5803 scri-
