3950 6434
417 295 551 352 1347

1528 290 1584 345 S.
1625 286 2001 344 PRUDENm
2033 286 2408 346 W8
2444 288 2765 346 EPISCOPI

3737 293 3860 347 1348

409 424 583 495 ptum
604 417 954 476 est:reddet
978 416 1090 473 sibi
1107 414 1721 488 unusquisquejuxta
1741 427 1930 486 opera
1943 428 2074 468 sua.
2106 413 2153 467 Α
2188 417 2533 488 utrumque,
2560 415 2624 471 id
2653 418 2741 471 est
2783 416 2840 470 et
2883 428 3106 486 corpus
3161 417 3219 469 et
3255 412 3548 481 animam,
3607 412 3860 486 perdeir

411 512 560 567 Item
588 508 877 582 scriptum
903 510 1025 562 est:
1071 506 1281 561 Omnes
1324 505 1481 561 enim
1532 519 1638 559 nos
1689 501 2081 572 mani/estari

410 604 643 670 oportet
668 603 809 655 ante
836 596 1109 653 tribunal
1126 596 1255 663 Dei,
1289 599 1358 649 ut
1380 594 1641 663 recipiat
1662 592 2081 664 unusquisque

402 688 661 759 propria
683 686 972 756 corporis,
1016 689 1205 754 prout
1246 685 1448 754 gessit,
1497 684 1623 739 sive
1660 681 1899 748 bonum,
1956 681 2080 737 sive

406 778 630 834 malum
656 775 748 848 (II
762 774 896 831 Cor.
927 791 984 831 v.
1023 773 1129 843 ιο).
1162 772 1280 829 Sed
1299 786 1611 845 nusquam
1638 770 1929 843 scriptum
1951 771 2071 825 est:

404 866 579 922 Dabit
608 864 722 921 sibi
772 864 1194 937 unusquisque
1245 862 1497 936 propria
1546 860 1842 934 corporis,
1897 860 2078 932 prout

402 956 601 1029 gessit,
635 955 745 1011 sivi
783 954 1038 1023 bonum,
1070 953 1180 1009 sivi
1202 952 1478 1009 malum:
1507 951 1613 1024 qui
1639 951 1800 1007 enim
1840 949 2075 1021 recipit,

401 1046 615 1120 procul
642 1045 852 1113 dubio,
887 1044 1006 1101 alio
1036 1043 1403 1100 retribuente
1438 1040 1676 1114 recipit,
1733 1039 1902 1113 quod
1953 1054 2076 1094 me-

398 1140 564 1194 retur
584 1151 710 1193 non
738 1134 853 1191 sibi
879 1134 1106 1205 tribuit,
1138 1133 1305 1206 quod
1334 1148 1407 1188 ex
1448 1147 1513 1187 se
1538 1130 1766 1186 habere
1790 1144 1917 1185 non
1970 1143 2076 1201 po-

398 1228 528 1285 tuit.
564 1226 710 1293 Quis
760 1241 907 1282 vero
951 1224 1224 1297 seipsum
1268 1222 1486 1296 punire
1539 1220 1839 1277 ullatenus
1868 1217 2070 1281 vellet,

398 1318 547 1393 quin
573 1315 877 1390 punientis
906 1313 1315 1371 inevitabilem
1362 1310 1785 1368 necessitatem
1815 1308 2068 1378 fugeret,

400 1405 451 1461 si
476 1405 753 1462 valeret?
796 1403 1119 1459 Enimvero
1142 1401 1347 1459 nullus
1370 1404 1480 1469 est,
1513 1400 1617 1473 qui
1663 1399 1930 1471 seipsum
1960 1412 2074 1470 pu-

396 1494 527 1550 nire
552 1493 694 1550 velit
730 1492 914 1549 etiam
943 1490 1262 1564 temporali
1298 1494 1511 1560 morte,
1565 1487 1800 1544 nedum
1847 1491 2073 1543 aeterna

397 1585 690 1656 gehennaa
712 1582 1094 1640 cruciatione.
1130 1585 1281 1639 Nam
1310 1580 1420 1636 etsi
1448 1579 1732 1650 legamus
1762 1576 2070 1649 quosdam

396 1674 511 1730 sibi
539 1689 779 1741 manus,
814 1672 909 1730 vel
935 1672 1175 1746 laqueo,
1206 1670 1303 1726 vel
1330 1670 1509 1737 ferro,
1562 1668 1655 1725 vel
1683 1682 1946 1737 veneno,
1970 1664 2069 1721 vel

2184 503 2335 559 dum
2365 505 2596 560 censuit
2624 504 2683 559 in
2716 504 3013 574 gehenna,
3037 503 3327 559 nimirum
3349 502 3602 576 quodin
3622 502 3723 559 eis
3741 503 3855 573 ipse

2185 592 2322 649 fecit
2350 610 2478 650 sese
2503 593 2900 667 perditurum,
2933 593 2995 649 id
3024 598 3117 649 est
3132 593 3490 665 puniturum
3520 591 3674 648 satis
3699 608 3857 665 aper-

2183 687 2361 756 teque
2389 684 2735 742 declaravit.
2778 683 3053 756 Relinqui
3080 700 3116 741 a
3147 685 3291 749 Deo,
3348 682 3587 740 malum
3615 682 3855 739 indubi-

2182 778 2377 829 tanter
2412 778 2546 831 est:
2590 774 2641 829 si
2693 790 2837 844 ergo
2896 773 3234 830 secundum
3291 777 3349 829 te
3401 772 3852 846 prmdestinavit

2184 866 2358 931 Deus,
2398 880 2553 936 quos
2594 863 2955 937 relinqueret
2979 863 3296 936 perituros,
3336 862 3569 919 malum
3597 862 3849 918 omnino

2181 953 2645 1024 praedestinavit,
2700 969 2812 1008 nec
2835 954 2966 1025 jam
3011 952 3227 1026 poterit
3255 955 3413 1008 stare
3442 956 3551 1009 tua
3577 951 3847 1007 deﬁnitio

2181 1040 2477 1097 dicentis:
2509 1044 2699 1099 Deum
2750 1044 2919 1099 mala
2940 1044 3425 1112 prmdestinasse.
3484 1040 3648 1106 Quid
3695 1041 3847 1096 enim

2180 1131 2357 1204 pejus
2384 1131 2501 1188 dici
2533 1137 2745 1205 potest,
2796 1148 2985 1205 quam
3032 1132 3291 1205 relinqui
3322 1147 3358 1188 a
3390 1134 3512 1187 Deo
3534 1130 3564 1186 ἰ
3599 1130 3776 1187 Unde
3799 1136 3849 1185 et

2176 1219 2307 1291 ipse
2331 1236 2439 1293 per
2469 1221 2847 1278 Psalmistam
2876 1221 3054 1278 dicit:
3104 1222 3183 1277 Et
3222 1220 3449 1277 dimisit
3496 1234 3597 1276 eos
3649 1234 3847 1276 rectm-

2177 1309 2319 1365 dum
2347 1310 2643 1367 desideria
2672 1311 2869 1366 cordis
2899 1325 3103 1366 eorum
3120 1322 3144 1381 ,'
3171 1311 3355 1366 Ibunt
3380 1310 3447 1364 in
3475 1309 3846 1365 adinventio-

2176 1398 2352 1453 nibus
2376 1399 2499 1455 suis
2523 1400 2694 1471 (Psal
2722 1416 2893 1467 Lxxx,
2935 1398 3042 1470 13).
3078 1399 3229 1455 Hinc
3259 1398 3443 1456 etiam
3501 1400 3643 1454 orat
3689 1397 3845 1470 quis-

2176 1505 2295 1562 que
2325 1489 2580 1546 devotus
2613 1507 2753 1547 cum
2784 1488 3096 1547 Psalmista
3124 1489 3335 1546 dicens
3379 1487 3459 1546 ad
3488 1489 3684 1544 Deum
3717 1504 3732 1543 :
3765 1487 3846 1543 Ne

2175 1579 2558 1652 derelinquas
2582 1596 2693 1650 me,
2723 1581 2976 1636 Domine
3004 1581 3163 1637 Deus
3183 1594 3368 1642 meus,
3402 1592 3481 1636 ne
3506 1576 3844 1635 discesseris

2175 1682 2213 1723 a
2240 1684 2335 1724 me
2362 1669 2551 1740 (Psal.
2580 1682 2669 1739 Ill,
2701 1673 2812 1738 22).
2848 1668 2905 1725 Si
2927 1669 3109 1739 igitur
3128 1667 3469 1741 relinquere
3488 1666 3592 1724 Dei
3613 1665 3845 1723 malum

396 1761 745 1836 praecipitio,
770 1760 867 1818 vel
896 1760 1358 1817 submersionne
1378 1761 1635 1814 mortem
1667 1754 2071 1812 conciscendo
2095 1771 2145 1826 Β
2174 1760 2280 1826 est,
2312 1760 2370 1814 et
2411 1758 2675 1814 deterius
2731 1758 2899 1815 omni
2948 1757 3132 1826 malo,
3175 1762 3232 1814 et
3278 1759 3395 1815 hoc
3438 1757 3641 1831 ipsum
3692 1759 3845 1811 Deus

396 1851 694 1922 injecisse,
727 1850 931 1923 plures
990 1849 1172 1906 etiam
1220 1847 1723 1920 philosophorum
1768 1845 1831 1899 id
1876 1859 2068 1918 appe-

397 1940 539 1996 tisse
563 1957 581 1995 τ
609 1939 776 1995 unde
799 1943 859 1995 et
876 1937 1149 2012 epistolae
1170 1936 1533 1994 nobilissimi
1556 1933 1892 1991 secundum
1915 1948 2064 1989 suos

391 2031 630 2086 Senecas
660 2029 723 2085 in
750 2027 1232 2101 hujnseelaudes
1259 2025 1752 2099 eloquentissime
1777 2038 2067 2097 perorare

392 2122 733 2176 noscuntur
750 2136 769 2175 :
797 2117 948 2175 fides
978 2122 1202 2185 tamen,
1226 2121 1285 2173 et
1300 2115 1511 2186 religio
1537 2114 1874 2173 Christiana
1897 2128 2066 2170 sum-

390 2224 513 2265 ma:
539 2208 867 2281 impietatis
891 2207 1159 2280 deputat,
1194 2206 1243 2262 si
1272 2205 1410 2279 quis
1438 2220 1662 2261 manus
1685 2203 1801 2259 sibi
1828 2202 2061 2259 violen-

391 2302 487 2354 ter
503 2297 1091 2369 inferat,maguaque
1114 2295 1191 2353 sit
1217 2295 1420 2366 glorias
1450 2293 1833 2367 sanctospati
1852 2291 2060 2349 hilari-

391 2390 501 2458 ter,
532 2391 789 2445 mortem
818 2386 937 2442 sibi
971 2401 1087 2460 pro
1112 2386 1360 2443 nomine
1390 2385 1630 2442 Domini
1674 2383 1864 2440 nostri
1919 2385 2060 2439 Jesu

394 2476 610 2533 Christi
637 2475 908 2549 allatam,
938 2492 1064 2533 non
1101 2480 1318 2548 sponte
1343 2475 1547 2531 subire
1574 2474 1844 2530 dilatam.
1890 2472 2059 2529 Unde

391 2569 449 2622 et
475 2569 846 2640 praeceptum
873 2565 1064 2638 ipsius
1096 2567 1454 2637 acceperant
1482 2563 1748 2621 dicentes
1790 2579 1806 2617 :
1851 2563 1921 2618 Si
1957 2578 2061 2619 vos

382 2657 688 2725 persecuti
704 2655 937 2725 fuerint
966 2656 1030 2710 in
1061 2655 1304 2711 civitate
1330 2654 1467 2721 ista,
1496 2653 1766 2723 fugitate
1781 2652 1846 2706 in
1863 2652 2051 2708 aliam

390 2744 632 2811 (Matth.
661 2761 724 2816 x,
752 2745 849 2815 23)
880 2760 895 2799 :
923 2759 1123 2816 neque
1152 2743 1316 2799 enim
1361 2742 1494 2815 ipse
1536 2740 1826 2798 Dominus
1875 2741 2051 2796 Jesus

391 2833 659 2908 seipsum
689 2833 942 2906 punivit,
994 2837 1183 2906 atque
1223 2831 1535 2900 interfecit,
1589 2831 1696 2902 qui
1732 2837 2055 2901 peccatum

389 2938 511 2978 non
534 2922 702 2992 fecit,
740 2927 801 2978 et
820 2922 883 2978 in
909 2923 1085 2991 cujus
1114 2935 1216 2977 ore
1247 2921 1427 2976 dolus
1463 2921 1747 2976 inventus
1795 2934 1917 2975 non
1965 2924 2049 2974 est

387 3012 450 3084 (I
467 3013 634 3068 Petr.
670 3027 730 3078 ιι,
764 3012 895 3082 22):
926 3010 1033 3066 sed
1063 3010 1276 3083 utique
1301 3013 1515 3083 sponte
1544 3007 1748 3079 subiit,
1792 3023 1864 3065 ac
1915 3023 2051 3081 per-

2172 1848 2620 1920 prsadestinavit
2647 1852 2714 1905 ut
2743 1849 3127 1922 relinqueret,
3155 1852 3214 1905 et
3240 1848 3470 1906 malum
3498 1851 3555 1903 et
3590 1860 3841 1919 poenam

2169 1939 2507 2010 pessimam
2561 1939 2772 2013 utique
2824 1939 3276 2012 praedestinavit
3345 1938 3440 1996 vel
3492 1934 3840 2010 prseﬁnivit.

2170 2027 2314 2084 Vide
2343 2028 2555 2085 saltem
2585 2044 2747 2085 nunc
2776 2028 2927 2102 quid
2950 2029 3247 2086 hactenus
3274 2032 3379 2086 tua
3406 2024 3673 2084 effecerit
3716 2024 3841 2080 dis-

2168 2118 2399 2189 putatio
2415 2118 2765 2192 versipellis.
2800 2118 3024 2174 Deinde
3051 2118 3279 2176 infers:

2225 2224 2231 2230 ”
2737 2223 2985 2265 JOANNES
3026 2225 3255 2266 SCOTUS.

2240 2297 2486 2371 (Epilog.
2522 2315 2691 2355 num.
2726 2304 2780 2369 9,
2813 2304 2955 2355 sect.
2988 2300 3048 2372 2)
3073 2304 3118 2353 Θ
3147 2302 3296 2358 Haec
3326 2306 3413 2358 est
3437 2302 3588 2371 ﬁdes
3613 2318 3771 2377 mea,
3805 2320 3837 2360 ο

2165 2392 2395 2445 aeterna
2427 2389 2534 2445 ιω)
2566 2389 2875 2458 mentium,
2895 2390 2969 2446 de
3005 2395 3109 2447 tua
3131 2391 3679 2461 prcedestinatione
3702 2409 3834 2465 qua

2167 2482 2233 2533 tu
2263 2493 2340 2534 es.

2835 2566 3166 2609 CORRBCTKL

2234 2656 2279 2725 ’ῖ-
2307 2657 2433 2711 Imo
2455 2659 2544 2710 est
2572 2654 2896 2712 inﬁdelitas
2928 2660 3032 2712 tua
3057 2658 3131 2714 de
3155 2656 3256 2714 Dei
3278 2658 3828 2730 praedestinatione,

2160 2757 2299 2815 qum
2320 2759 2443 2798 non
2454 2743 2587 2815 ipse
2600 2748 2688 2801 est
2712 2761 2726 2800 :
2750 2744 2942 2801 multa
2957 2748 3176 2802 etenim
3194 2746 3273 2802 de
3284 2749 3403 2803 Deo
3419 2746 3671 2805 relative
3686 2765 3833 2822 prai-

2160 2831 2459 2900 dicantur,
2487 2849 2622 2905 qua;
2641 2838 2871 2890 eertum
2893 2839 2982 2890 est
3009 2838 3200 2891 Deum
3215 2836 3431 2904 facere,
3453 2853 3594 2910 quas
3626 2841 3831 2895 tamen

2158 2922 2288 2995 ipse
2313 2938 2434 2978 non
2466 2927 2571 2979 est.
2604 2923 2903 2996 Scriptum
2934 2929 3021 2981 est
3050 2926 3281 2999 quippe
3310 2942 3328 2982 :
3360 2928 3637 2985 Tentavit
3672 2930 3834 2985 Deus

2158 3012 2471 3069 Abraham
2498 3012 2667 3084 (Gen.
2700 3028 2844 3077 nn,
2880 3013 2949 3084 Ι),
2975 3018 3033 3071 et
3054 3028 3298 3072 rursum
3326 3017 3830 3075 TentaturusDo-

383 3101 515 3158 tulit
541 3100 773 3158 illatam
826 3100 905 3157 ab
954 3099 1235 3156 hostibus
1291 3099 1658 3171 passionem.
1717 3098 1831 3187 Qui
1878 3101 2047 3154 tanta
2081 3130 2131 3187 ο
2155 3103 2353 3159 minus
2374 3109 2523 3160 Deus
2536 3110 2770 3159 vester:
2796 3108 2854 3160 et
2879 3104 3011 3176 ipse
3039 3105 3334 3162 Dominus
3358 3105 3630 3180 loquitur
3650 3125 3671 3164 :
3697 3109 3833 3179 Ego

378 3189 697 3247 beatorum
734 3189 1118 3263 martyrum?
1159 3188 1480 3245 multitudo
1530 3186 1853 3244 Dieendiue
1907 3191 2052 3245 sunt
2096 3186 2105 3187 7
2154 3193 2446 3248 Dominus
2472 3193 2693 3250 seduxi
2706 3194 3066 3263 prophetam
3082 3196 3709 3269 illumwzechmrvﬁ)
3730 3202 3827 3266 ;et

379 3278 741 3351 semetipsos
760 3277 1030 3350 punisse,
1052 3277 1158 3349 qui
1183 3276 1671 3349 persecutoribus
1700 3279 1786 3331 tot
1813 3274 1899 3330 eis
1925 3279 2047 3331 tor-

376 3371 721 3424 mentorum
751 3381 973 3436 genera
1013 3365 1434 3422 invebentibus
1472 3380 1595 3421 non
1626 3363 1825 3420 solum
1855 3363 2049 3420 reluo—

376 3456 481 3514 tati
505 3472 630 3512 non
655 3459 818 3523 sunt,
840 3471 1055 3511 verum
1074 3455 1253 3511 etiam
1282 3454 1404 3511 ﬁde
1447 3453 1712 3511 interrita
1766 3470 2049 3510 succum-

375 3544 517 3600 bere
559 3543 956 3600 maluerunt?
985 3542 1153 3616 quod
1194 3542 1244 3598 si
1286 3542 1351 3598 in
1378 3543 1492 3600 hac
1521 3543 1645 3599 vita
1673 3542 2047 3598 absurdissi-

375 3649 526 3690 mun
555 3633 755 3707 putari
775 3636 1006 3689 certum
1032 3636 1143 3700 est,
1175 3636 1409 3705 quanto
1430 3632 1630 3688 minus
1664 3631 2035 3688 credendum

373 3728 469 3781 est
518 3723 736 3797 punire
777 3738 841 3779 se
893 3737 1287 3796 quemquam,
1337 3722 1443 3777 ubi
1493 3722 1669 3778 locus
1712 3721 2039 3792 effugiendi

371 3811 573 3869 nullus
604 3812 782 3869 datur
801 3811 834 3868 ‘t
861 3812 1193 3869 Fatendum
1221 3815 1313 3867 est
1345 3810 1525 3881 igitur
1554 3812 1747 3867 Deum
1771 3810 1887 3867 illic
1907 3810 2037 3867 nul-

369 3901 460 3958 los
493 3918 528 3959 a
554 3918 616 3958 se
647 3902 792 3975 ipsis
821 3901 1166 3975 puniendos
1196 3901 1555 3974 relinquere,
1588 3900 1694 3956 sed
1716 3900 1917 3974 ipsum
1950 3902 2036 3958 eis

366 3991 723 4064 ineﬂ'ugibili
753 3991 981 4064 justitia
1018 3991 1367 4064 retribuere,
1397 3991 1564 4065 quod
1589 3996 1912 4060 merentur,
1928 3993 2035 4065 qui

366 4081 553 4138 dixit:
585 4082 789 4139 Nolite
816 4083 1024 4139 timere
1051 4096 1146 4139 eos
1174 4082 1287 4154 qui
1327 4081 1611 4138 occidunt
1656 4097 1881 4152 corpus
1902 4083 2034 4138 ani-

365 4184 526 4226 mam
547 4175 745 4226 autem
778 4185 898 4226 non
929 4175 1183 4239 possunt
1211 4169 1513 4226 occidens:
1547 4169 1653 4225 sed
1663 4171 1872 4239 potius
1897 4186 2028 4228 eum

368 4259 586 4328 timete,
617 4259 730 4329 qui
742 4263 939 4327 potest
965 4258 1254 4330 animam,
1299 4263 1353 4313 et
1393 4273 1613 4328 corpus
1654 4260 1917 4329 perdere
1963 4261 2029 4316 in

363 4346 699 4419 gehennam
724 4346 962 4419 (Matth.
992 4362 1055 4409 x.
1076 4346 1190 4419 28).
1225 4349 1354 4403 Non
1384 4347 1535 4403 dixit
1560 4347 1920 4421 relinquere,
1967 4365 2036 4421 ut

364 4453 429 4495 se
445 4436 663 4512 perdat
677 4454 697 4494 τ
721 4437 827 4495 sed
850 4436 959 4509 qui
967 4442 1165 4508 potest
1177 4438 1509 4506 animan,et
1524 4454 1742 4509 cmpos
1755 4440 2029 4513 perdere,

360 4528 466 4603 qui
495 4528 675 4585 etiam
701 4528 850 4585 dixit
880 4546 902 4584 :
927 4528 1059 4599 Ego
1089 4528 1358 4585 occidam
1387 4543 1416 4583 .’
1436 4530 1569 4584 Non
1590 4528 1781 4584 occidi
1810 4544 1847 4585 a
1873 4530 2031 4604 seip-

359 4618 440 4675 sis
466 4617 830 4694 permittam.
859 4618 943 4674 Et
973 4633 1077 4690 ego
1110 4619 1315 4676 vivere
1325 4618 1556 4689 faciam
1584 4634 1599 4674 :
1632 4632 1758 4674 non
1788 4633 1835 4675 a
1876 4618 2031 4693 seip.

359 4708 441 4765 sis
477 4708 683 4766 vivere
709 4707 1089 4785 relinquam:
1118 4709 1476 4778 percutiam,
1534 4722 1658 4765 non
1704 4709 1938 4782 percuti
1991 4726 2029 4768 a

358 4798 573 4873 seipsis
600 4798 962 4873 relinquam.
994 4799 1078 4855 Et
1107 4814 1213 4870 ego
1242 4799 1490 4868 sonabo,
1541 4813 1671 4855 non
1720 4814 1757 4855 a
1816 4798 2027 4872 seipsis

358 4887 560 4944 sanari
588 4887 949 4962 relinquam.
991 4890 1060 4944 Et
1100 4887 1217 4943 hoc
1257 4887 1485 4959 quare?
1523 4885 1671 4943 audi
1687 4889 1917 4960 quare?
1944 4889 2031 4945 Et

353 4993 475 5034 non
508 4979 724 5050 est,qui
740 4979 815 5036 de
840 4994 1027 5036 manu
1055 4992 1191 5034 mea
1198 4979 1390 5048 possit
1411 4978 2021 5050 eruere(Deut.xxxu,

353 5067 463 5139 39).
492 5070 557 5124 Et
579 5068 754 5124 item:
778 5069 912 5125 Mea
932 5074 1021 5126 est
1039 5069 1214 5141 ultio,
1229 5074 1287 5125 et
1308 5084 1413 5139 ego
1436 5068 1765 5125 retribuam
1788 5069 1859 5124 in
1876 5074 2022 5126 tem-

345 5174 501 5230 pore
531 5158 730 5231 (Deut.
759 5174 933 5227 xxxu,
966 5158 1078 5230 35).
1109 5161 1177 5215 Et
1200 5157 1419 5215 iterum
1460 5175 1473 5214 :
1526 5159 1683 5215 Mihi
1726 5158 2015 5232 vindicta,

351 5259 457 5318 ego
482 5244 839 5317 retribuam,
870 5244 1019 5300 dicit
1036 5244 1328 5299 Dominus
1355 5245 1546 5312 (Rom.
1577 5260 1678 5315 ιω,
1710 5247 1825 5311 29).

418 5338 555 5394 Iam
582 5349 727 5392 vero
737 5332 909 5408 quod
923 5332 1009 5390 ais
1031 5332 1289 5406 (Epitog.
1313 5349 1482 5390 num.
1509 5336 1564 5400 8,
1581 5337 1782 5403 sect.2)
1800 5350 1924 5391 non
1948 5336 2023 5393 in.

348 5424 428 5480 eis
452 5427 817 5495 puniturum
837 5424 1027 5480 Deum
1048 5423 1217 5495 quod
1256 5423 1383 5492 ipse
1408 5422 1644 5492 fecerit,
1680 5422 1787 5481 sed
1829 5424 1893 5479 in
1931 5427 2013 5481 eis

340 5515 558 5581 puniri
578 5515 934 5571 relicturum
956 5514 1115 5586 quod
1133 5513 1261 5582 ipse
1278 5528 1399 5568 non
1424 5514 1659 5583 fecerit,
1675 5530 1784 5589 per
1803 5514 2012 5572 omnia

347 5599 565 5657 falsum
594 5619 723 5659 esse
754 5601 1146 5658 convincitur.
1203 5603 1437 5674 Corpus
1460 5602 1621 5658 enim
1652 5608 1711 5660 et
1738 5603 2009 5660 animam

347 5685 474 5757 ipse
485 5690 638 5749 fecit:
662 5706 926 5766 quorum
941 5690 1093 5746 dum
1101 5706 1325 5763 corpus
1337 5691 1417 5746 ab
1427 5692 1779 5749 hominibus
1794 5692 2009 5765 perimi

348 5783 546 5842 posse,
592 5792 719 5837 non
748 5779 955 5833 autem
1007 5782 1071 5837 et“
1117 5778 1391 5836 animam
1436 5779 1603 5849 dixit,
1658 5799 1697 5841 a
1742 5796 1815 5836 se
1857 5796 2017 5840 vero

2153 3282 2464 3338 Psalmista
2475 3281 2550 3338 de
2570 3282 2699 3338 illo:
2724 3283 2946 3339 Perdes
2970 3299 3169 3342 omnes
3186 3286 3299 3357 qui
3308 3286 3646 3358 loquuntur
3666 3302 3831 3344 men-

2151 3370 2390 3427 dacium
2414 3371 2788 3443 (Psal‘.v,tt).
2814 3373 2960 3429 item
2989 3392 3007 3433 :
3036 3373 3347 3431 σινηυωτίε
3371 3390 3475 3432 eor
3496 3391 3725 3448 eumn,
3756 3382 3824 3431 ut

2149 3460 2388 3516 adirent
2402 3461 2693 3531 populum
2724 3463 2870 3531 ejus,
2904 3467 2971 3517 ut
3001 3462 3207 3520 dolum
3230 3463 3509 3534 facerent
3528 3468 3597 3522 in
3622 3480 3827 3522 serves

2148 3552 2278 3619 ejus
2294 3550 2878 3622 (Psal.c1v,25).ttem
2898 3567 2919 3607 :
2936 3551 3019 3607 Et
3037 3566 3252 3610 errare
3262 3554 3411 3624 fecit
3431 3568 3531 3612 eos
3545 3556 3611 3611 in
3632 3556 3816 3625 mmo,

2146 3643 2203 3710 et
2230 3654 2351 3695 non
2379 3640 2442 3695 in
2469 3641 2571 3696 eia
2597 3639 2786 3712 (Psat.
2819 3654 2932 3709 CVI,
2958 3644 3070 3710 40).
3104 3645 3174 3698 Et
3203 3642 3360 3699 alius
3401 3644 3703 3716 propheta
3744 3644 3821 3702 ad

2146 3743 2320 3783 eum:
2352 3729 2616 3785 Ezcwca
2643 3745 2754 3786 cor
2771 3731 2992 3800 populi
3028 3730 3231 3804 lngus,
3263 3738 3321 3789 et
3350 3748 3526 3790 aures
3558 3736 3695 3804 ejus
3716 3748 3823 3805 ergo

2143 3833 2336 3888 grana
2364 3819 2614 3886 (Isa.vr,
2653 3823 2762 3884 10).
2818 3822 2886 3876 Et
2931 3820 3257 3893 Apostolus
3287 3838 3308 3877 τ
3348 3823 3633 3880 I‘mdidit
3680 3824 3815 3880 illos

2142 3908 2300 3962 Deus
2320 3911 2383 3962 in
2405 3908 2721 3977 reprobum
2747 3924 3007 3979 sensum,
3034 3914 3094 3966 et
3123 3911 3380 3968 tradidit
3406 3913 3544 3968 illos
3564 3913 3725 3969 Deus
3750 3914 3811 3968 in

2134 3998 2445 4066 passiones
2504 3999 2850 4069 ignominias
2917 4001 3106 4068 (Rom.
3170 4012 3211 4067 ι,
3265 4004 3341 4057 28
3386 4003 3539 4075 seq),
3598 4007 3737 4071 ete.,
3780 4018 3810 4058 e

2140 4086 2334 4143 multa
2361 4086 2500 4156 alia,
2532 4104 2675 4160 quos
2698 4104 2867 4145 nunc
2903 4088 3208 4163 persequi,
3258 4092 3318 4146 et
3341 4089 3597 4163 longum
3629 4095 3721 4149 est
3758 4107 3812 4159 et

2139 4191 2265 4233 non
2282 4177 2691 4233 necessarium
2714 4177 3040 4249 judicatur.
3066 4179 3289 4236 ldeone
3318 4184 3495 4238 erunt
3513 4182 3651 4238 base
3676 4197 3811 4239 orn-

2139 4265 2262 4335 nia,
2294 4282 2432 4340 quas
2471 4267 2897 4339 praemisimus,
2943 4272 3001 4325 et
3036 4268 3252 4326 similia
3300 4270 3403 4326 Dei
3446 4270 3804 4342 substantia,

2140 4361 2207 4414 ut
2233 4356 2469 4413 dicatur
2494 4358 2651 4414 Deus
2680 4374 2810 4415 esse
2864 4359 3133 4428 tentatio,
3184 4360 3472 4430 seductio,
3527 4362 3802 4435 perditio,

2142 4446 2454 4505 conversio
2484 4447 2546 4504 in
2575 4447 2827 4518 malum,
2851 4464 3036 4514 error,
3060 4451 3399 4522 excmcatio,
3432 4452 3803 4522 aggravatio,

2141 4538 2400 4607 traditio,
2433 4537 2675 4602 occisio,
2708 4542 2766 4595 et
2794 4538 2912 4595 alia
2940 4540 3279 4613 innumera,
3304 4556 3440 4614 quae
3469 4542 3703 4614 passim
3742 4543 3804 4599 in

2141 4626 2360 4683 divinis
2386 4626 2637 4701 eloquiis
2663 4627 2739 4684 de
2765 4628 2870 4683 Dei
2892 4628 3125 4700 justitia
3151 4630 3441 4687 veraciter
3468 4634 3525 4687 et
3550 4629 3807 4689 ﬁdeliter

2138 4715 2549 4789 praedicantur
2572 4716 2607 4773 ‘l
2658 4716 2886 4781 Quibus
2934 4718 3225 4775 omnibus
3272 4718 3623 4777 nullatenus
3666 4722 3800 4792 ejus

2135 4806 2538 4863 substantiam
2564 4805 2969 4864 demonstrari
2988 4807 3191 4864 nullus
3218 4808 3339 4865 nisi
3358 4813 3561 4866 mente
3586 4814 3807 4883 captus

2131 4895 2388 4967 ignorat.
2422 4893 2659 4951 Falsum
2689 4899 2781 4953 est
2827 4896 3009 4967 igitur
3056 4894 3163 4953 Dei
3217 4896 3615 4955 substantiam
3661 4913 3800 4955 esse

2130 4986 2261 5057 ejus
2281 4984 2894 5059 praedestinationem,
2929 4985 3044 5043 sed
3062 4986 3145 5043 ita
3170 5001 3311 5044 eam
3326 4988 3405 5045 de
3425 4986 3523 5043 illo
3547 4986 3799 5046 reiative

2127 5074 2465 5149 praedicari,
2506 5074 3037 5147 quemadmodum
3076 5076 3461 5147 creationem,
3491 5077 3802 5149 operatio-

2125 5179 2289 5235 nem,
2320 5163 2566 5220 factum.
2612 5162 3075 5232 ordinationem,
3133 5162 3610 5238 dispositionem,
3671 5165 3792 5222 dis-

2122 5251 2563 5327 pensationem,
2596 5251 3117 5322 gubernationem,
3143 5256 3205 5310 et
3220 5253 3397 5326 plura
3422 5252 3651 5311 similia
3666 5256 3793 5329 qui-

2120 5340 2238 5397 bus
2266 5341 2425 5396 illius
2450 5341 2907 5414 omnipotentis,
2960 5341 3055 5398 vel
3082 5341 3345 5415 bonitas,
3391 5342 3495 5399 vel
3518 5342 3786 5417 aequitas,

2119 5428 2213 5485 vel
2237 5428 2466 5500 judicia
2492 5429 2913 5502 perducentur.
2945 5430 3216 5488 Tandem
3229 5431 3407 5505 quasi
3433 5431 3625 5489 vietor
3652 5432 3789 5488 sub-

2120 5516 2383 5574 ditorum
2413 5518 2851 5577 contributione
2891 5519 3377 5591 gratulabundus
3423 5518 3595 5578 etuas
3625 5520 3786 5578 virus

2117 5605 2411 5678 pestiferae
2435 5606 2850 5677 exhalationis,
2882 5606 3129 5664 dicens:

2685 5712 2927 5753 JOANNES
2966 5713 3195 5755 SCOTUS.

2186 5783 2445 5855 (Epilog.
2472 5798 2642 5842 nm.
2675 5788 2764 5857 τοι,
2795 5790 2937 5844 seet.
2972 5788 3057 5859 δ’.)
3086 5791 3139 5841 8>
3176 5788 3269 5845 Ac
3315 5803 3435 5858 per
3478 5786 3599 5848 huc
3654 5805 3795 5849 curn.
