3950 6382
7 274 189 339 ι349

1029 276 1119 330 DE
1159 270 1847 332 PRBDES’UNATIONI
1879 270 2158 329 unum
2195 259 2246 328 ,ιζ
2288 277 2583 336 scarum.

3393 290 3534 348 1380

7 400 358 458 amnibus
386 397 735 457 orthodoxis
764 398 1048 466 ﬁdelibus
1070 400 1519 457 anathematizo
1542 397 1755 487 eosqui
1776 399 1823 453 Α
1857 398 1962 487 qui
1988 399 2218 470 judicia
2245 418 2356 460 sua
2382 419 2514 460 sese
2542 405 2879 478 praestituto
2900 411 3172 482 tempore
3199 426 3345 482 erga
3387 429 3529 487 pro-

7 492 275 546 ilicunt
311 490 473 544 duas
493 487 1059 557 praedestinationes
1083 505 1222 557 esse,
1249 496 1355 545 aut
1375 504 1555 545 unam
1572 486 1753 558 gemi-

7 597 209 648 num,
247 584 383 637 aut
405 578 778 648 bipartitam,
810 583 913 635 aut
942 579 1193 648 duplam
1249 594 1276 634 .'
1315 580 1369 635 si
1418 579 1574 635 enim
1618 576 1753 631 dua:

7 675 217 739 sunt,
257 685 402 729 non
432 673 518 729 est
544 683 669 725 una
694 668 904 726 divina
947 669 1288 725 substantia
1342 684 1359 724 :
1413 669 1467 723 si
1492 668 1754 738 gemina,

8 778 160 819 non.
202 764 311 819 est
357 758 697 827 individua,
728 759 780 814 si
813 758 1128 829 bipertita,
1160 775 1281 815 non
1334 763 1420 815 est
1476 758 1755 826 simplex,

13 851 137 908 sed
158 850 490 921 partibus
522 849 847 917 composita
872 862 897 918 ,'
945 849 1001 905 si
1026 848 1217 918 dupla
1257 854 1365 917 est,
1396 847 1757 917 complicata

14 947 121 998 est
145 956 176 1011 ;
210 938 407 1011 quod
436 939 489 994 si
508 938 905 1008 prohibemur
928 938 1197 995 divinam
1239 939 1533 995 unitatem
1561 937 1763 992 dicere

21 1031 367 1101 triptam,
393 1044 515 1100 qua
545 1028 841 1085 dementia
868 1028 1051 1085 audet
1080 1028 1398 1084 haereticus
1437 1042 1567 1084 eam
1601 1038 1760 1082 asse-

20 1135 189 1177 rere
221 1119 560 1189 duplam?
591 1118 726 1175 Tali
766 1118 959 1188 igitur
1004 1124 1401 1188 monstruoso,
1450 1129 1759 1181 venenosa,

22 1209 408 1278 mortifero
437 1206 716 1276 dogmate
744 1219 783 1263 α
811 1205 1093 1263 cordibus
1110 1207 1330 1262 nostris
1345 1205 1639 1261 radicitus
1668 1216 1771 1259 eota

20 1299 255 1367 ploso,
290 1295 622 1354 credamus
644 1308 831 1351 unam
851 1299 1135 1350 mternam
1178 1294 1764 1364 practestinationem

24 1389 161 1445 Dei
184 1388 412 1442 Deum
430 1398 571 1452 esse,
593 1389 788 1443 etnon
809 1384 929 1440 nisi
949 1384 1013 1441 in
1036 1384 1133 1440 his
1149 1399 1282 1456 quae
1311 1389 1452 1439 sunt
1499 1396 1639 1450 esse,
1683 1379 1771 1436 ad

27 1492 111 1535 ea
137 1490 315 1539 vero
344 1490 487 1547 quae
502 1488 623 1531 non
651 1478 791 1531 sunt
824 1474 1000 1530 nullo
1023 1474 1201 1529 modo
1225 1474 1551 1543 pertinere.

766 1578 1097 1620 OORBEOTIO.

117 1657 168 1727 -ί-
207 1654 380 1722 Quis
412 1652 602 1721 dabit,
621 1651 819 1725 inquit
839 1652 1159 1725 propheta,
1178 1652 1368 1721 capiti
1383 1667 1512 1708 meo
1525 1665 1767 1722 aquam,

1858 486 1973 543 bos
1998 493 2056 546 et
2078 492 2368 563 reprobos
2399 494 2729 551 inevitabili
2777 495 3171 569 dispositione
3226 486 3535 575 praedesti-

1860 577 2027 633 navit
2056 596 2073 633 :
2101 580 2226 637 imo
2257 583 2421 654 quod
2448 584 2627 640 nobis
2651 585 2745 642 vel
2772 601 2881 658 per
2901 591 3195 661 tempora,
3219 591 3310 647 vel
3334 592 3397 647 in
3412 592 3534 649 ﬁne

1863 671 2207 739 temporum
2236 670 2505 728 futurum
2533 675 2911 746 praeviderat,
2948 687 3279 752 antequam
3310 682 3534 739 conde-

1862 759 1970 823 ret,
2006 759 2228 830 statuit,
2251 760 2725 835 intemporaliter
2747 765 3038 836 judicavit
3088 773 3269 842 atque
3328 770 3535 829 deﬁni-

1862 845 1968 901 vit.
1992 847 2298 921 Quidquid
2330 852 2492 907 enim
2519 853 2595 908 de
2629 854 2729 909 Dei
2752 854 2995 927 judiciis
3028 858 3341 933 prophetae
3393 876 3538 934 apo-

1864 934 2275 1010 stolorumque
2298 955 2693 1004 successores,
2751 943 2847 999 vel
2903 961 3051 1001 voce
3108 948 3538 1019 pronuntiave-

1866 1030 2025 1091 runt,
2054 1025 2147 1081 vel
2170 1027 2377 1083 litteris
2404 1031 2873 1104 mandaverunt,
2898 1035 3142 1090 nonnisi
3179 1036 3313 1109 ipso
3344 1037 3536 1111 inspi-

1869 1118 2061 1184 rante,
2094 1115 2347 1172 docente
2369 1133 2439 1173 ac
2467 1119 2720 1189 jubente
2748 1121 2929 1177 locuti
2963 1128 3122 1180 sunt.
3157 1128 3241 1181 Ac
3272 1141 3381 1199 per
3421 1127 3538 1183 hoc

1870 1204 2171 1277 quidquid
2196 1207 2256 1263 in
2288 1224 2391 1263 eos
2427 1211 2830 1268 anathematis
2856 1212 3163 1287 ingeritur,
3197 1215 3545 1273 indubitan—

1874 1298 1959 1349 ter
1984 1294 2045 1350 in
2066 1295 2349 1366 injuriam
2375 1298 2437 1353 in
2470 1299 2555 1355 eis
2585 1303 2643 1355 et
2672 1316 2782 1373 per
2810 1318 2913 1357 eos
2930 1302 3230 1375 loquentis
3246 1305 3537 1362 refertur:

1872 1385 1979 1457 qui
2003 1401 2193 1458 quam
2212 1386 2289 1442 de
2316 1388 2416 1444 Dei
2442 1389 2969 1462 pmdestinatione
2995 1394 3375 1451 concorditer
3402 1410 3541 1452 sen-

1876 1477 2079 1545 serint,
2109 1480 2475 1537 unanimiter
2493 1481 2896 1554 praedicarim,
2922 1485 3215 1557 quoniam
3238 1487 3367 1557 jam
3399 1487 3542 1543 satis

1877 1579 2179 1638 superque
2234 1572 2533 1639 quantum
2587 1569 2777 1625 visum
2831 1571 2920 1626 est
2967 1571 3541 1642 demonstravimus,

1878 1670 2041 1712 nunc
2070 1662 2337 1730 repetere
2368 1660 2841 1733 supersedimus.

32 1752 97 1802 et
129 1744 358 1800 oculis
385 1743 528 1801 meis
545 1742 779 1812 fontem
813 1742 1249 1812 lacrymarum,
1277 1746 1331 1797 et
1355 1740 1613 1810 plorabo
1643 1740 1773 1795 vul-
1805 1761 1852 1816 Β
1951 1746 2138 1814 (Epit.
2172 1750 2225 1814 3,
2253 1763 2424 1804 num.
2460 1747 2548 1816 tl,
2583 1752 2724 1805 sect.
2753 1751 2999 1821 3.)Cum
3020 1750 3244 1823 quibus
3261 1751 3549 1809 omnibus

37 1839 321 1893 neratos
339 1833 515 1900 ﬁlios
528 1832 745 1901 populi
770 1832 887 1887 mei
907 1835 935 1886 ἱ)
963 1832 1111 1899 (Jer.
1135 1847 1213 1897 ιχ,
1239 1830 1319 1901 1.)
1338 1833 1402 1885 Et
1417 1830 1545 1902 ipse
1568 1829 1775 1884 Domi-

39 1940 176 1980 nus
214 1912 813 1992 perituram'vid‘ens
837 1919 1093 1992 impiam
1124 1920 1448 1987 civitatem,
1503 1919 1775 1989 ﬂensque

42 2028 253 2083 super
276 2026 430 2068 eam
461 2010 657 2069 dixit:
689 2009 842 2077 Quia
869 2009 924 2065 si
960 2009 1331 2079 cognovisses
1388 2013 1443 2063 et
1501 2013 1565 2062 tu
1602 2006 1770 2079 (Luc.

42 2118 178 2169 XIX,
215 2101 371 2172 41).:
414 2097 781 2156 subauditur
817 2098 1019 2155 ﬂeres.
1048 2100 1191 2163 Quae
1249 2096 1374 2152 duo
1432 2095 1776 2153 testimonia

44 2189 216 2251 mihi
244 2188 501 2261 tibique
531 2187 872 2250 convenire,
907 2187 961 2244 si
987 2187 1095 2259 pia
1144 2190 1346 2243 mente
1404 2186 1775 2251 adverteres,

40 2294 497 2355 praecaveres,
523 2277 819 2351 quoniam
844 2292 956 2334 nec
980 2276 1127 2333 mihi
1151 2276 1297 2332 satis
1316 2280 1486 2332 tuam
1506 2274 1777 2332 deﬂendi

46 2369 402 2431 miseriam
425 2368 606 2441 copia
632 2367 808 2431 inest,
830 2382 947 2426 nec
964 2366 1065 2423 tibi
1086 2365 1413 2436 eii‘ugiendi
1436 2364 1777 2434 ingruentis

52 2458 362 2521 interitus
391 2456 805 2530 praecipitium
832 2455 1066 2514 cautela
1096 2455 1322 2511 subest.
1350 2454 1457 2511 Cui
1476 2470 1618 2511 eum
1665 2452 1775 2509 mi-

54 2548 239 2609 nime
266 2546 590 2603 suffecerit
617 2546 799 2607 tantis
827 2545 890 2602 in
908 2548 1100 2603 Deum
1127 2543 1529 2617 blasphemiis
1565 2558 1781 2615 proru-.

56 2639 261 2711 pisse,
295 2635 802 2697 anathemandos
826 2648 850 2676 ι
907 2636 1043 2707 ejus
1105 2634 1325 2691 electos
1376 2649 1517 2690 cum
1545 2634 1681 2706 ipso
1708 2632 1773 2688 in

60 2732 308 2789 aeterna
340 2725 729 2783 beatitudine
760 2724 1107 2794 gloriantes,
1128 2724 1255 2781 imo
1275 2723 1478 2795 ipsum
1494 2722 1772 2779 omnium

62 2820 271 2875 Deum
299 2820 364 2875 et
398 2814 729 2873 Dominum
755 2812 1783 2886 hnpudentissimapervicaciaperm

88 2904 639 2977 vieacissimaque
667 2903 1073 2975 impudentia,
1100 2919 1244 2959 cum
1265 2902 1459 2959 bestia
1509 2918 1647 2974 quin
1697 2900 1774 2956 de

67 2995 319 3068 abysso
347 2993 689 3052 ascendere
736 2991 1039 3059 scribitur,
1070 3008 1141 3048 os
1191 2991 1427 3065 aperire
1492 2989 1774 3062 blasphe-

69 3086 448 3145 missimum
473 3081 817 3140 nullatenus
842 3081 1201 3139 iormidasti.
1222 3083 1440 3136 Verum
1470 3083 1535 3136 ut
1559 3084 1777 3136 cratera

73 3175 320 3234 facilius
351 3170 653 3230 omnibus
682 3170 919 3228 viribus
940 3170 1276 3241 eﬁetentm,
1298 3170 1497 3242 prima
1523 3168 1775 3225 insaniae

76 3263 321 3325 falsitas
348 3262 703 3319 denotetur.
736 3259 1000 3332 ideoque
1034 3257 1431 3316 falsissimum
1472 3273 1600 3314 esse
1648 3274 1776 3314 non

79 3353 440 3421 dubitatur,
476 3348 646 3422 quod
666 3354 868 3406 tecum
893 3348 1181 3406 omnibus
1204 3348 1559 3405 orthodoxis
1580 3347 1777 3404 ﬁdeli-

78 3441 199 3499 bus
229 3438 766 3503 amthelratizare
809 3437 1225 3510 blasphemas.
1279 3437 1489 3494 Nullus
1551 3438 1785 3510 quippe

83 3532 589 3595 orthodoxorum
618 3527 887 3586 ﬁdelium
916 3528 981 3584 in
1013 3532 1115 3584 tua
1144 3528 1293 3585 scita
1330 3527 1624 3595 concedit,
1647 3526 1782 3582 nul-

83 3620 181 3679 lus
207 3620 333 3678 tuis
353 3618 786 3692 impietatibus
801 3617 1099 3689 indulget,
1124 3616 1335 3675 nullus
1362 3616 1482 3674 tuis
1530 3616 1791 3673 insaniit

90 3709 453 3783 acquiescit.

162 3800 284 3859 Sed
302 3798 549 3859 mirum
574 3796 759 3856 valde
779 3802 869 3855 est
909 3797 1080 3871 quod
1116 3797 1306 3854 homo
1358 3798 1781 3855 anathematus

97 3892 442 3962 antequam
487 3891 673 3947 natus
723 3887 789 3947 in
837 3904 1217 3961 quamquam
1268 3889 1595 3946 anathema
1628 3888 1783 3945 ferre

96 3979 564 4052 praesumpserit
622 3994 638 4035 :
686 3978 977 4036 nimirum
1001 3978 1077 4034 de
1122 3978 1367 4035 itlorum
1418 3983 1477 4035 te
1525 3995 1791 4035 numero

101 4083 230 4129 esse
258 4070 681 4137 demonstras,
707 4069 815 4141 qui
823 4075 1159 4139 posuerunt
1181 4070 1249 4126 in
1277 4071 1426 4126 mlo
1443 4068 1566 4140 [al.,
1589 4070 1653 4125 in
1674 4084 1786 4125 cce-

105 4158 251 4232 tumj
278 4176 343 4218 os
364 4176 577 4231 suum,
603 4165 659 4217 et
688 4175 947 4232 quorum
977 4161 1190 4231 lingua
1219 4160 1507 4217 transivit
1551 4160 1613 4215 in
1669 4166 1787 4231 ter-

106 4262 237 4306 ram
270 4252 471 4318 (Psal‘.
491 4266 676 4315 Lm,
699 4250 773 4323 9).
797 4249 1263 4322 Necessarioque
1282 4248 1786 4322 perpendendum

1879 1849 2275 1909 nequaquam
2312 1837 2639 1894 metuimus
2695 1838 2893 1895 dicere
2953 1840 3548 1913 prcedestinationem

1879 1925 2209 1994 geminam,
2238 1940 2349 1982 nec
2378 1943 2513 1983 eam
2542 1927 2852 1999 pluraliter
2895 1929 3209 1986 enuntiare
3267 1929 3547 1988 formida.

1879 2030 2037 2082 mus,
2065 2016 2473 2090 approbantes
2495 2019 3083 2088 argumentationem
3104 2024 3275 2079 tuam
3303 2036 3428 2094 qua
3454 2019 3547 2076 di-

1880 2104 1965 2159 cis
1996 2122 2009 2159 :
2046 2106 2101 2162 Si
2130 2107 2291 2162 enim
2322 2106 2459 2163 dure
2492 2112 2651 2174 sunt,
2682 2124 2807 2165 non
2833 2112 2919 2165 est
2968 2126 3093 2167 una
3140 2109 3349 2166 divina
3406 2108 3548 2165 sub-

1882 2196 2100 2251 stantia
2134 2212 2151 2250 :
2178 2212 2392 2252 verum
2413 2200 2501 2252 est
2528 2197 2755 2271 quippe
2775 2214 2898 2255 non
2928 2215 3057 2254 esse
3077 2198 3551 2271 predestinatio-

1879 2301 2019 2341 nem
2038 2285 2308 2342 divinam
2330 2287 2751 2360 substantiam,
2777 2288 2882 2345 sed
2909 2289 3040 2361 ejus
3059 2288 3548 2362 dispositionem,

1881 2376 2324 2433 ordinationem
2356 2381 2536 2451 atque
2558 2378 2804 2449 judicia.
2857 2379 3136 2436 Similiter
3166 2397 3180 2435 :
3217 2380 3275 2437 Si
3306 2379 3550 2450 gemina

1880 2471 1988 2532 est,
2021 2465 2242 2541 inquis,
2270 2483 2395 2523 non
2426 2471 2512 2523 est
2542 2467 2892 2538 individua;
2918 2468 2967 2525 si
2990 2468 3295 2542 bipertita,
3315 2484 3441 2526 non
3461 2472 3551 2526 est

1881 2554 2135 2628 simplex
2161 2574 2173 2623 ;
2209 2556 2260 2612 si
2280 2555 2469 2629 dupla
2498 2561 2605 2627 est,
2628 2558 2991 2631 complicata
3013 2561 3123 2614 est.
3154 2557 3329 2627 Quod
3348 2557 3396 2613 si
3412 2572 3549 2631 pro-
3657 2616 3661 2620 _

1878 2644 2163 2701 hibemur
2206 2646 2480 2703 divinam
2524 2647 2818 2704 unitatem
2876 2648 3073 2705 dicere
3130 2646 3394 2721 triplam,
3426 2661 3550 2719 qua

1880 2734 2186 2792 dementia
2216 2736 2398 2791 audet
2417 2736 2732 2793 haereticus
2764 2753 2901 2794 eam
2945 2753 3212 2795 asserere
3239 2737 3491 2809 duplam
3520 2736 3553 2791 ‘l

1884 2826 2037 2882 Licet
2067 2825 2169 2882 Del
2194 2825 2646 2902 praedestinatio
2660 2844 2783 2884 non
2806 2827 3100 2899 signiﬁcet
3123 2829 3254 2899 ejus
3276 2827 3554 2883 substan-

1880 2915 2027 2971 tiam
2061 2934 2074 2983 ;
2103 2931 2229 2971 non
2252 2916 2413 2971 enim
2440 2933 2590 2985 esse,
2624 2917 2731 2973 sed
2761 2918 3082 2990 disponere
3105 2921 3436 2975 monstrat:
3467 2916 3554 2973 di-

1884 3019 2137 3077 sponere
2167 3010 2391 3073 autem,
2427 3004 2583 3061 sicut
2606 3004 3057 3077 prmdestinare,
3117 3005 3197 3062 ad
3242 3010 3553 3063 creaturas

1812 3094 2012 3183 cejus
2034 3093 2275 3183 relative
2327 3092 2581 3183 dicitur;
2634 3093 3159 3183 quemadmodum
3229 3097 3439 3183 tamen
3489 3094 3553 3150 in

1883 3182 2093 3256 primis
2123 3181 2305 3253 hujus
2328 3181 2526 3254 operis
2581 3182 2877 3254 partibus,
2929 3182 3219 3252 largiente
3272 3182 3551 3253 Domino,

1884 3272 2111 3329 dictum
2144 3275 2272 3341 est;
2300 3272 2493 3328 multa
2517 3272 2592 3328 de
2626 3276 2745 3329 Deo
2775 3272 3168 3329 essentialiter
3214 3272 3549 3346 praedican-

1885 3366 2001 3435 tur,
2024 3378 2161 3435 quae
2182 3362 2491 3435 pluraliter
2515 3362 2711 3419 efferri
2732 3362 2930 3420 unitas
2957 3362 3116 3419 illius
3141 3363 3415 3420 essentiae
3427 3377 3555 3420 non

1884 3452 2259 3526 praejudicat.
2295 3452 2547 3522 Quibus,
2576 3468 2652 3510 ne
2682 3451 2903 3510 fastidii
2928 3453 3121 3525 gratia
3182 3457 3553 3527 repetantur,

1886 3543 2152 3614 omissis,
2177 3558 2368 3599 unum
2390 3542 2499 3599 tibi
2526 3559 2597 3599 ex
2622 3542 2944 3614 Evangelio
2971 3543 3359 3617 proferimus,
3386 3542 3557 3618 quod

1888 3636 2242 3688 czeterorum
2274 3631 2718 3688 conﬁrmationi
2741 3648 2867 3690 non
2897 3633 3071 3689 obsit.
3098 3632 3390 3690 Dominus
3420 3647 3555 3688 con-

1890 3720 2053 3777 ditor
2074 3719 2479 3776 universitatis
2511 3724 2692 3793 atque
2714 3720 3040 3793 dispositor
3063 3720 3206 3776 dicit
3239 3737 3252 3775 :
3276 3720 3404 3790 Ego
3424 3735 3557 3775 sum

1889 3811 2248 3867 resurrectio
2281 3815 2338 3867 et
2368 3810 2493 3866 vita
2524 3809 2723 3880 (Joan.
2755 3826 2831 3878 xi,
2862 3810 2975 3881 25),
3036 3825 3301 3883 cumque
3355 3824 3565 3864 resur~

1887 3900 2215 3957 rectionem
2239 3903 2406 3956 tanta
2431 3898 2732 3955 evidentia
2762 3898 3148 3969 intimaverit,
3180 3898 3324 3955 alibi
3351 3902 3559 3955 tamen

1888 3989 1950 4045 in
1972 3986 2187 4045 eodem
2219 3986 2539 4056 Evangelia
2557 3987 2640 4042 ait
2698 4005 2711 4043 :
2761 3988 2967 4043 Nolite
2998 3988 3220 4043 mirari
3242 3987 3373 4055 hoc,
3415 3990 3559 4059 quia

1890 4079 2051 4135 venit
2082 4078 2233 4133 hora
2258 4092 2379 4148 qua
2400 4091 2600 4133 omnes
2630 4077 2817 4148 quiin
2845 4077 3244 4133 monumentis
3263 4081 3429 4143 sunt,
3454 4091 3561 4133 au-

1892 4167 2057 4224 dient
2087 4181 2283 4222 vocem
2300 4168 2470 4237 ejus;
2510 4171 2565 4222 et
2577 4166 2927 4239 precedent,
2951 4166 3057 4238 qui
3077 4166 3230 4223 bona
3254 4166 3558 4236 fecerunt,

1895 4258 1958 4313 in
1982 4256 2477 4313 resurrectionem
2490 4257 2626 4312 vitae
2634 4269 2657 4326 ;
2687 4257 2801 4328 qui
2811 4271 2843 4313 υ
2854 4271 2953 4313 ero
2966 4257 3151 4325 mala,
3178 4256 3243 4312 in
3256 4270 3561 4313 resurrec-

107 4354 347 4411 censeo,
377 4341 443 4399 in
469 4357 633 4416 quos
664 4342 990 4401 anathema
1017 4344 1187 4398 tanta
1228 4340 1533 4413 impietate
1586 4344 1793 4413 protu~
1898 4348 2115 4403 tionem
2125 4345 2547 4415 judiciiJoan.
2578 4361 2640 4415 v,
2661 4346 2773 4419 28).
2802 4345 3144 4403 Secundum
3176 4345 3309 4403 haec
3324 4343 3564 4402 Domini

110 4427 246 4488 leris
273 4450 296 4495 ς
320 4448 553 4507 nempe
574 4432 637 4489 in
684 4447 917 4506 papam
964 4431 1402 4503 Innocentium,
1457 4431 1784 4501 Zosimum,

1896 4436 2259 4506 testimonia,
2290 4438 2348 4492 et
2365 4438 2564 4493 Patres
2596 4426 2932 4510 exponunt,
2965 4440 3023 4492 et
3076 4434 3299 4492 veritas
3329 4434 3560 4505 edocet,

114 4519 517 4597 Bonifacium,
528 4522 786 4591 Sixtum,
811 4524 1091 4591 Leonem,
1113 4520 1522 4593 Ccelestiuum,
1572 4524 1787 4593 Grego-
1825 4511 1871 4565 Ῑ)
1898 4524 2053 4582 duas
2074 4541 2205 4582 esse
2220 4527 2705 4596 resurrectiones,
2722 4540 2908 4582 unam
2930 4528 3297 4592 sanctorum,
3313 4523 3563 4580 alteram

338 4628 687 4687 omnesque
732 4618 859 4670 tam
906 4615 1196 4669 Romanas
1246 4611 1414 4668 urbis
1463 4612 1787 4685 pontiﬁces

116 4712 301 4770 quam
323 4704 721 4778 sequentium
745 4702 1035 4760 ordinum
1058 4701 1285 4773 gradus
1313 4706 1371 4758 et
1387 4704 1654 4775 populos
1684 4721 1698 4761 :
1720 4704 1787 4760 in

119 4784 511 4853 Ambrosium
532 4792 898 4867 episcopum
920 4808 1062 4850 eum
1119 4792 1407 4850 omnibus
1464 4793 1673 4864 Italis;
1722 4794 1786 4850 in

121 4873 555 4951 Augustinum,
584 4882 970 4954 Primasium,
1007 4881 1505 4956 Fulgentiumque
1559 4883 1793 4957 episco-

41 5006 45 5017 .
128 4980 237 5036 pos
261 4987 401 5029 cum
428 4973 729 5031 omnibus
750 4972 1085 5042 Africanis;
1114 4973 1177 5029 in
1203 4973 1640 5047 Hieronymum
1660 4991 1797 5048 pre-

132 5054 437 5129 sbyterum
466 5080 611 5121 cum
636 5063 922 5121 omnibus
976 5062 1376 5119 Orientalibus
1424 5067 1481 5121 et
1532 5065 1792 5135 Graecis;

46 5196 47 5203 η
133 5142 195 5203 in
218 5148 584 5224 Prosperum
606 5158 668 5211 et
690 5152 984 5211 Hilarium
1010 5169 1151 5209 cum
1171 5152 1459 5210 omnibus
1485 5153 1709 5223 Gallis;
1730 5155 1799 5211 in

137 5233 449 5315 Isidorum,
500 5260 643 5301 cum
693 5242 981 5306 omnibus
1030 5241 1314 5301 ﬁdelibus
1362 5242 1683 5319 Hispanis;
1732 5243 1801 5305 in:

141 5320 561 5388 Cassiodorum
591 5347 838 5405 quoque
859 5346 999 5388 cum
1019 5330 1113 5387 his
1134 5330 1420 5388 omnibus
1452 5346 1465 5401 ;
1483 5331 1547 5388 in
1569 5330 1794 5389 Bedam

140 5413 555 5507 presbyterum
570 5438 713 5478 cum
732 5421 1018 5479 omnibus
1038 5421 1248 5494 Anglis
1267 5426 1446 5496 atque
1463 5422 1791 5494 Britannis;

51 5532 57 5569 e
145 5504 205 5586 in
226 5504 595 5569 Bonifacium
609 5512 964 5586 episcopum
987 5528 1127 5569 cum
1143 5513 1429 5570 omnibus
1447 5515 1756 5573 Germanis
1778 5533 1792 5585 ;

1897 4616 2246 4689 impiorum,
2270 4632 2424 4691 quas
2440 4615 2732 4672 Dominus
2756 4615 2892 4672 vitae
2914 4618 3094 4690 atque
3105 4613 3316 4688 judicii
3330 4628 3563 4669 nuncu-

1897 4705 2065 4779 pavit
2090 4723 2105 4761 :
2134 4704 2432 4777 judicium
2458 4707 2661 4761 autem
2687 4704 2805 4761 hoc
2828 4702 2963 4760 loco
3004 4718 3116 4776 pro
3172 4700 3563 4759 damnatione

1898 4795 2163 4868 positum
2192 4796 2391 4851 Patres
2410 4792 2764 4863 intelligunt.
2796 4795 2863 4849 Et
2882 4791 3068 4849 veluti
3092 4790 3211 4849 alia
3234 4794 3325 4849 est
3363 4805 3564 4846 resur-

1897 4884 2081 4942 rectio
2102 4883 2341 4954 animae,
2365 4899 2491 4960 qua
2517 4882 2735 4940 relictis
2777 4882 2938 4939 vitiis
2986 4898 3097 4959 per
3152 4881 3256 4938 Dei
3306 4879 3569 4953 gratiam

1899 4974 2221 5032 virtutibus
2241 4974 2437 5030 vivere
2466 4973 2695 5047 incipit,
2725 4972 2801 5031 de
2831 4989 2954 5049 qua
2971 4972 3133 5030 idem
3164 4972 3455 5033 Dominus
3480 4970 3568 5028 di-

1901 5065 2010 5121 cit:
2041 5066 2256 5137 Amen,
2281 5079 2455 5122 amen
2483 5065 2618 5120 dico
2648 5063 2832 5132 vobis,
2869 5064 3013 5136 quia
3058 5064 3220 5121 venit
3274 5064 3447 5131 hora,
3508 5065 3567 5117 et

1900 5171 2066 5212 nunc
2088 5160 2193 5227 est,
2217 5156 2458 5228 quando
2478 5154 2704 5211 mortui
2721 5153 2977 5211 audient
3008 5168 3208 5211 vocem
3235 5154 3385 5210 Filii
3434 5152 3573 5219 Dei,

1900 5250 1957 5307 et
1985 5246 2096 5321 qui
2108 5245 2415 5305 audierint
2436 5245 2636 5303 vivent
2665 5242 2871 5315 (Ibid,
2899 5259 3060 5300 vers.
3092 5244 3180 5315 25)
3215 5261 3229 5313 ;
3290 5240 3563 5305 audient,

1900 5334 1964 5391 id
1989 5338 2080 5394 est
2110 5334 2444 5392 obaudient
2471 5337 2653 5407 atque
2683 5331 3096 5406 obsequentur
3153 5351 3177 5391 :
3228 5334 3286 5388 et
3313 5329 3434 5389 alia
3478 5332 3568 5388 est

1898 5424 2253 5483 resurrectio
2282 5439 2639 5498 corporum,
2656 5421 2732 5479 de
2764 5436 2890 5495 qua
2938 5420 3115 5499 quod
3159 5418 3565 5497 praemisimus

1899 5514 2108 5575 itidem
2135 5514 2421 5588 loquitur,
2452 5514 2595 5588 quia
2619 5512 2776 5569 venit
2808 5510 2980 5581 hora,
3015 5509 3257 5584 quando
3288 5509 3354 5566 hi
3383 5509 3489 5582 qui
3502 5508 3565 5565 in

149 5584 207 5678 lu
235 5591 393 5665 ipsos
420 5584 666 5677 insuper
691 5584 996 5676 apostolos
1025 5603 1472 5678 prophetasque
1497 5624 1509 5662 :
1545 5610 1601 5663 et
1628 5584 1799 5678 quod
1901 5584 2295 5661 monumentis
2315 5584 2743 5673 sunt;audient_
2761 5615 2957 5658 vocem
2975 5602 3102 5672 ejus
3114 5605 3201 5670 ;et
3215 5598 3577 5673 procedent,

150 5674 242 5734 his
263 5690 539 5749 omnibus
558 5674 770 5767 majus
795 5696 904 5762 est,
934 5692 998 5749 in
1019 5674 1224 5765 ipsum
1269 5674 1460 5751 Deum
1516 5674 1790 5765 deorum,

1903 5697 2009 5768 qui
2029 5697 2180 5754 bona
2206 5699 2472 5767 egerant,
2504 5694 2567 5752 in
2587 5691 3083 5751 resurrectionem
3098 5691 3233 5753 vitae
3246 5703 3278 5765 ,1
3293 5690 3400 5765 qui
3428 5702 3567 5749 vero

57 5800 65 5839 ι
222 5781 245 5809 ⁸
277 5774 391 5835 Hoc
414 5783 598 5842 verbo
626 5784 852 5858 saepius
876 5798 1024 5839 usus
1053 5785 1145 5841 est
1168 5783 1235 5842 D.
1264 5784 1660 5857 Augustinus,
1692 5785 1948 5859 epistola
1967 5790 2034 5844 95
2062 5785 2147 5844 ad
2164 5783 2604 5858 Innocentium,
2633 5780 2711 5839 de
2741 5780 2961 5850 Gratia,
2991 5796 3041 5839 c.
3064 5784 3117 5837 2.

1226 6081 1249 6121 ῒ
