3950 6378
365 277 493 336 1351

1453 260 1512 317 S.
1550 254 1917 315 PRUDENTII
1953 251 2336 309 τηεοεΝειδ
2373 250 2686 308 EPISCOPI

3659 248 3814 305 I352

362 401 551 469 mala,
582 397 646 453 in
675 388 1167 451 resurrectionem
1183 383 1424 455 judicii.
1457 383 1543 438 Ita
1570 378 1690 436 alia
1716 379 1805 434 est
1823 391 2022 434 resur-
2049 378 2097 432 Α
2129 392 2191 433 se
2220 375 2353 445 ipso
2373 377 2401 433 ?
2431 377 2561 442 Quo
2586 374 2790 447 judice
2822 373 2936 430 illis
2966 387 3246 444 regnum,
3277 336 3407 429 istis
3446 370 3816 429 retribuitur

365 466 546 546 rectio
588 499 712 558 qua
752 478 900 553 justi
947 473 1380 532 beatitudinem
1425 469 1663 543 capient
1716 466 2027 558 sempiter-

366 594 534 640 nam,
558 554 759 631 et—alia
787 584 911 641 qua
945 562 1152 637 injusti
1199 562 1506 617 mittentur
1548 558 1612 614 in
1658 554 2023 629 supplicium

368 665 831 738 sempiternum:
862 671 987 713 non
1010 668 1135 726 quo
1155 651 1399 709 diverso
1427 652 1701 720 tempore
1725 644 1893 712 ﬁant,
1918 642 2025 699 sed

367 733 754 833 quo-diverso
801 746 1008 803 fomite
1054 743 1332 815 gestiant.
1367 740 1539 833 Hanc
1550 733 2024 833 resurrectionis

367 822 772 906 diversitatem
800 835 1052 907 angelus
1077 847 1322 907 quoque
1338 826 1567 886 Danieli
1595 826 1904 900 prophetae
1920 822 2025 879 de-

365 935 671 1000 nuntians,
715 930 798 986 ita
841 922 1262 983 com‘mendat:
1314 920 1396 975 Et
1442 917 1623 974 multi
1661 915 1736 972 de
1785 914 1878 971 his
1922 911 2030 985 qui

367 1024 673 1084 dormiunt
703 1020 767 1075 in
793 1022 970 1074 terra:
984 1013 1259 1083 pulvere,
1281 1006 1676 1078 evigilabunt,
1707 1003 1823 1060 alii
1849 1002 1915 1057 in
1945 1000 2029 1057 vi-

370 1123 492 1173 tam
545 1117 854 1175 aeternam,
883 1109 936 1160 et
988 1102 1099 1159 alii
1137 1101 1201 1155 in
1245 1092 1659 1167 opprobrium,
1687 1096 1755 1147 ut
1784 1089 2028 1147 videant

368 1217 599 1274 semper
621 1200 801 1272 (Dan.
833 1209 936 1264 xu,
966 1190 1043 1260 2).
1077 1186 1234 1255 Quid
1260 1200 1405 1242 vero
1444 1182 1763 1274 secretius,
1792 1177 2029 1274 dulcius

368 1266 949 1357 desiderabiliusque
973 1280 1035 1336 in
1063 1276 1349 1348 religione
1376 1270 1711 1329 Christiana
1727 1266 2031 1357 vocabulo

370 1384 570 1458 potest
596 1376 716 1435 dici
740 1355 1310 1458 resurrectionis._Et_
1337 1366 1542 1458 tamen
1584 1355 2032 1458 tanta‘diversi-

372 1444 491 1531 tate
514 1466 831 1543 profertur,
859 1463 928 1516 ut
972 1456 1048 1513 de
1096 1470 1169 1511 ea
1208 1451 1485 1543 dubitare
1516 1449 1699 1506 solius
1737 1444 2034 1543 dementis

375 1563 470 1619 sit.
505 1533 636 1632 ipse
664 1553 844 1624 igitur
865 1547 970 1622 qui
1016 1561 1080 1602 se
1109 1539 1559 1600 resurrectionis
1586 1537 1834 1595 nomine
1876 1533 2035 1591 desi-

375 1627 603 1723 gnavit,
634 1654 893 1712 eamque
920 1635 1154 1710 primus
1173 1631 1237 1688 in
1263 1634 1557 1687 aeternum
1583 1627 1871 1723 victurus,
1892 1638 2034 1723 pro-

2127 465 2284 537 ignis
2318 465 2707 538 supplicium.

2200 556 2336 612 Haec
2364 560 2454 611 est
2477 559 2683 611 nostra
2710 553 2898 609 ﬁdes:
2927 552 3074 626 quia
3101 552 3228 609 haec
3258 555 3351 609 est
3378 567 3519 608 vera
3538 551 3818 624 prophe-

2128 644 2266 713 tica,
2298 643 2653 717 apostolica,
2679 642 3018 700 orthodoxa
3064 645 3247 715 atque
3292 640 3589 699 catholica
3616 638 3811 696 ﬁdes.

2130 736 2404 790 Poteram
2432 732 2679 805 quidem
2709 736 2767 788 et
2795 731 2924 804 ipse
2946 729 3053 788 tibi
3083 730 3281 787 dicere
3310 730 3662 797 anathema,
3685 727 3817 783 nisi

2132 826 2564 896 exspectarem,
2596 826 2656 879 et
2681 820 2948 891 mallem,
2972 825 3028 877 et
3058 825 3336 894 optarem
3368 820 3455 876 tui
3485 817 3820 876 correctio-

2131 928 2275 969 nem
2317 928 2506 985 quam
2550 910 2968 984 perditionem.
3003 909 3257 966 Proinde
3305 908 3581 966 nondum
3631 907 3699 963 in
3755 910 3818 961 te

2135 1001 2511 1058 severitatem
2562 999 2965 1058 anathematis
3019 998 3277 1071 jaculor,
3322 997 3617 1072 quoniam
3667 996 3821 1052 bor-

2138 1095 2248 1158 tor,
2279 1105 2523 1160 moneo,
2556 1094 2613 1146 et
2657 1089 2790 1145 totis
2837 1089 3035 1145 cordis
3076 1087 3390 1145 affectibus
3423 1077 3591 1158 rogo,
3621 1089 3691 1142 ut
3720 1100 3822 1141 re—

2138 1183 2346 1253 spectu
2370 1194 2647 1252 supernae
2675 1177 2880 1249 gratiae
2923 1177 3263 1251 resipisces,
3295 1180 3353 1234 et
3380 1192 3417 1234 a
3444 1179 3570 1232 tam
3596 1172 3818 1231 lethali

2136 1272 2378 1325 veterno
2403 1267 2652 1324 tandem
2677 1266 2957 1337 evigiles;
2991 1270 3047 1323 et
3074 1266 3224 1339 quid
3262 1264 3599 1323 Christiana
3634 1261 3819 1336 puri-

2139 1362 2232 1415 tas
2270 1357 2503 1425 sentiat,
2561 1356 2841 1429 exquiras
2892 1355 3241 1427 benevolus,
3287 1354 3534 1412 humilis
3590 1367 3824 1426 appre-

2138 1446 2393 1511 hendas,
2426 1445 2586 1502 mitis
2615 1445 2986 1517 acquiescas,
3017 1447 3375 1500 mansuetus
3407 1441 3673 1510 secteris,
3707 1440 3822 1497 de-

2139 1540 2313 1593 votus
2342 1539 2568 1603 teneas,
2595 1538 2652 1590 et
2679 1532 2872 1588 ﬁdelis
2909 1533 2973 1588 in
3003 1532 3290 1589 omnibus
3321 1530 3698 1605 exsequeris.

2212 1623 2499 1697 Relinque
2546 1622 2954 1696 quadruvium
2994 1621 3294 1689 vanitatis,
3322 1621 3491 1694 quod
3542 1635 3821 1694 sequens

374 1708 509 1815 pria
548 1708 1163 1801 resurgendo—virtute
1188 1720 1251 1776 in
1300 1734 1366 1775 se
1395 1717 1586 1774 Victor
1626 1713 1836 1771 mortis
1876 1711 2039 1769 exhi-
2073 1729 2115 1785 Β
2143 1713 2393 1773 extorris
2439 1712 2552 1768 vite
2603 1711 2796 1767 factus
2842 1726 2907 1767 es
2958 1710 3249 1767 veritatis.
3295 1711 3529 1775 Quanto
3566 1708 3818 1777 melius,

375 1801 527 1896 buit,
552 1825 670 1882 hoc
712 1822 851 1877 ante
881 1812 1105 1872 saecula
1150 1826 1213 1868 se
1241 1809 1542 1866 facturum
1565 1801 2037 1896 praedestinavit,

375 1919 438 1976 id
463 1892 552 1974 est
593 1907 907 1984 disposuit,
938 1901 1104 1977 quod
1131 1901 1197 1957 in
1230 1894 1683 1957 resurrectionis
1710 1892 1955 1984 veritate
1979 1896 2039 1947 et

377 1982 719 2067 diversitate
747 2002 806 2055 et
825 2012 891 2053 se
911 1991 1256 2051 faciendum
1276 1986 1578 2062 praescivit
1600 1989 1657 2041 et
1683 1986 1821 2057 post
1844 1982 2035 2039 factu-

375 2113 514 2157 rum
538 2091 761 2150 eduxit.
797 2086 947 2154 Quia
980 2081 1254 2139 videlicet
1292 2079 1428 2152 ipso
1470 2079 1714 2132 auctore
1743 2089 1814 2130 ac
1832 2071 2038 2144 judice

377 2187 711 2257 resurgent,
742 2178 848 2252 qui
891 2176 1044 2232 bona
1084 2172 1381 2243 fecerunt,
1429 2167 1495 2223 in
1542 2163 2038 2257 resurrectionem

379 2282 517 2336 vitae
535 2250 573 2346 ξ
603 2272 709 2344 qui
751 2250 893 2324 vero
934 2263 1122 2328 mala,
1153 2261 1217 2315 in
1261 2255 1754 2315 resurrectionem
1791 2250 2037 2346 judicii.

380 2367 507 2422 Hoc
535 2339 930 2418 ise—facturum
957 2345 1424 2424 praedestinavit,
1455 2343 1560 2417 qui
1596 2343 1713 2398 hoc
1748 2356 1810 2397 se
1853 2339 2042 2395 factu-

379 2470 518 2513 rum
555 2445 866 2524 praenovit,
891 2435 1373 2497 misericordiam
1413 2431 1690 2489 videlicet
1727 2432 1909 2524 atque
1950 2427 2046 2524 ju-

381 2514 631 2609 dicium,
663 2534 889 2610 quibus
919 2526 1120 2586 omnis
1141 2521 1451 2582 rationalis
1481 2524 1767 2577 creaturie
1792 2514 2046 2610 disposi-

383 2633 464 2691 tio
494 2605 1044 2700 comprehenditur,
1075 2630 1188 2672 nec
1231 2616 1401 2670 extra
1428 2609 1589 2666 valet
1611 2605 1929 2681 quippiam
1956 2620 2046 2660 re-

427 2735 584 2778 erm.
1132 2762 1137 2765 ,

383 2738 1090 2880 peIlt'lltflquemadmodum
1131 2762 1596 2880 dispositiones,
1611 2783 2041 2880 ordinationes,

384 2873 1357 2972 dispensationes,gubernationes
1369 2873 2044 2944 administrationesque

384 2964 605 3048 divinte
629 2993 1021 3057 nequaquam
1050 2975 1182 3047 ejus
1228 2967 1574 3040 essentiam,
1605 2964 1714 3022 sed
1765 2964 2044 3021 effectum

2143 1807 2493 1878 quantoque
2522 1799 2825 1857 salubrius
2850 1814 3080 1870 ageres,
3113 1798 3163 1853 si
3192 1798 3298 1854 uni
3320 1813 3476 1878 verae
3502 1797 3825 1869 sempiter-

2143 1868 2361 1966 necque
2385 1890 2493 1946 viae
2522 1889 2805 1957 innitens,
2833 1868 3131 1961 quadriga
3179 1868 3347 1942 illius
3370 1886 3616 1943 humilis
3636 1868 3819 1951 vehi,

2143 1998 2331 2057 quam
2360 1978 2682 2054 quadruvii
2712 1978 2797 2035 tui
2824 1977 3069 2034 inﬂatus
3106 1978 3300 2050 typho
3341 1980 3585 2049 raptum
3629 1975 3716 2031 ire
3750 1974 3817 2031 in

2144 2072 2383 2129 diversa
2410 2067 2714 2139 diligeres!
2749 2067 3054 2137 Quadriga
3094 2065 3278 2137 hujus
3325 2065 3435 2121 vite
3478 2068 3619 2120 sunt
3663 2080 3819 2139 qua-

2145 2166 2283 2219 tuor
2296 2157 2766 2228 Evangelia,uno
2784 2155 3053 2229 paradisi
3065 2155 3228 2211 fonte
3240 2154 3550 2211 manantia
3559 2197 3572 2223 ,
3586 2153 3820 2226 quibus

2146 2248 2324 2307 nobis
2352 2248 2456 2305 via
2482 2244 2770 2320 panditur
2810 2244 3111 2301 salutaris.
3147 2243 3452 2313 Quadnga
3489 2243 3672 2314 hujus
3700 2241 3822 2298 viie

2147 2343 2409 2414 quatuor
2423 2340 2564 2393 sunt
2580 2335 2849 2404 virtutes,
2864 2332 3630 2407 prudentia,temperantia,
3655 2331 3824 2388 forti-

2147 2428 2315 2497 tudo,
2352 2426 2601 2500 justitia,
2633 2424 2854 2497 quibus
2883 2423 3082 2480 omnis
3124 2438 3367 2480 morum
3415 2421 3689 2495 probitas
3717 2436 3821 2476 ve-

2146 2519 2442 2576 nustatur.
2475 2513 2781 2586 Quadriga
2806 2513 2990 2585 hujus
3035 2513 3148 2569 viae
3194 2517 3333 2569 sunt
3376 2516 3639 2585 quatuor
3668 2510 3820 2566 divi-

2146 2623 2367 2666 norum
2393 2604 2773 2677 eloquiorum
2816 2602 3045 2676 species
3093 2601 3397 2671 historica,
3431 2601 3645 2670 ethica,
3678 2599 3824 2656 alle—

2150 2695 2373 2769 gorica,
2418 2692 2776 2764 anagogica,
2815 2691 3043 2765 quibus
3084 2690 3166 2748 ad
3206 2707 3455 2747 omnem
3503 2704 3816 2746 sacrarum

2148 2785 2481 2843 litterarum
2505 2781 2890 2849 intellectum,
2921 2779 3297 2837 illuminante
3325 2779 3520 2849 gratia
3544 2779 3700 2850 ejus,
3726 2777 3817 2833 in-

2150 2873 2467 2930 ducimur:
2495 2886 2634 2944 quae
2657 2869 2709 2926 si
2735 2868 3040 2925 humiliter
3063 2867 3436 2941 ﬁdeliterque
3458 2867 3671 2923 sectari
3691 2870 3819 2923 stu-

2151 2963 2409 3030 duisses,
2440 2975 2760 3033 nunquam
2780 2959 2844 3015 in
2872 2963 3041 3016 tanta
3068 2974 3341 3015 errorum
3373 2961 3555 3031 atque
3584 2955 3820 3014 abomi-

384 3045 778 3137 clamitantes.
806 3045 1114 3143 pluraliter
1140 3061 1468 3118 efferuntur
1490 3073 1505 3112 :
1530 3056 1613 3113 sic
1632 3054 2047 3111 incunctanter
2080 3081 2122 3136 ο
2150 3053 2487 3120 nationum,
2543 3050 2668 3107 imo
2716 3048 3237 3122 blasphemarium
3295 3047 3627 3121 praecipitia
3670 3045 3818 3104 inci-

382 3158 941 3246 praedestinationes
985 3154 1180 3246 ipsius
1209 3149 1517 3246 liberrima
1544 3145 1884 3246 pluralitate
1910 3158 2046 3200 cen-

384 3236 626 3317 sentur:
657 3268 812 3326 quas
841 3248 994 3305 sicut
1021 3245 1110 3302 ais
1139 3242 1201 3299 in
1227 3240 1342 3309 his,
1375 3242 1434 3295 et
1458 3253 1571 3293 nos
1599 3236 1882 3303 dicimus,
1910 3250 2045 3307 quae

385 3353 546 3419 sunt,
571 3345 637 3402 id
677 3321 779 3400 est
836 3339 900 3395 in
941 3330 1355 3392 misericordia
1405 3331 1462 3384 et
1486 3325 1737 3400 judicio,
1763 3324 1826 3380 in
1857 3321 2049 3394 gloria

384 3444 444 3497 et
483 3415 838 3508 ignominia,
867 3426 932 3483 id
962 3429 1051 3481 est
1087 3422 1208 3479 vita
1251 3423 1494 3489 aeterna,
1536 3419 1596 3473 et
1629 3415 1769 3487 igne
1799 3418 2044 3508 aeterno,

385 3501 539 3601 qua;
554 3540 592 3581 a
616 3523 738 3577 Deo
775 3532 904 3574 esse
934 3510 1367 3570 catholicorum
1410 3504 1662 3601 ambigit
1707 3518 1925 3601 nemo:

385 3590 461 3674 ea
485 3628 630 3671 vero
650 3625 786 3683 quae
809 3621 933 3662 non
965 3604 1108 3658 sunt
1130 3597 1424 3672 pertinere
1455 3593 1556 3649 Dei
1579 3590 2050 3665 praedestinatio-

387 3720 518 3776 nes,
548 3679 690 3774 quis
734 3694 852 3752 nisi
897 3690 1005 3765 qui
1045 3704 1172 3746 non
1197 3690 1304 3755 est,
1338 3682 1659 3740 arbitretur
1678 3679 1705 3734 ’ἲ
1728 3684 1858 3737 Non
1885 3679 2047 3735 enim

386 3770 851 3870 prsidestinatur
877 3786 1057 3854 atque
1084 3774 1443 3870 disponitur,
1657 3783 2050 3870 nequaquam

388 3859 517 3942 est:
550 3884 638 3938 est
660 3880 863 3935 autem
890 3872 1011 3929 vita
1039 3871 1283 3935 aeterna,
1315 3866 1404 3921 est
1448 3865 1505 3918 et
1549 3859 1706 3931 ignis
1749 3862 2042 3928 aeternus;

388 3973 494 4031 illa
521 3969 601 4028 ad
629 3965 906 4039 gloriam,
936 3962 1045 4016 iste
1095 3955 1174 4014 ad
1199 3967 1488 4028 poenam;
1536 3949 1639 4039 illa
1661 3948 1748 4039 ad!
1770 3962 2049 4039 regnum,

388 4062 498 4119 iste
526 4057 608 4117 ad
632 4035 1019 4114 tormentum.
1046 4045 1140 4103 Ad
1177 4044 1308 4102 htec
1348 4037 1902 4115 praedestinationes
1949 4035 2054 4092 Dei

390 4148 685 4224 pertinere
706 4141 985 4209 dicimus,
1015 4134 1163 4209 quia
1190 4147 1324 4189 esse
1371 4145 1443 4187 ea
1490 4126 1835 4224 nullatenus
1873 4123 2052 4181 dubi-

390 4216 614 4295 tamus.
644 4223 1088 4290 Prtedestinavit
1136 4221 1314 4292 igitur
1355 4219 1513 4274 Deus
1542 4216 1732 4273 vitam
1765 4219 2052 4272 aeternam

391 4324 594 4391 bonis,
622 4312 1075 4395 praedestinavit
1098 4310 1304 4382 ignem
1333 4310 1625 4395 teternum
1675 4303 1871 4395 malis,
1906 4318 2055 4375 prte—

2151 3143 2367 3200 disses.
2428 3144 2644 3198 Verum
2695 3139 2847 3196 dum
2901 3138 3241 3212 quadruvio
3305 3137 3580 3195 varicoso
3645 3140 3817 3193 tanta

2152 3231 2482 3308 pertinacia
2508 3229 2816 3298 inhaesisti,
2850 3244 3244 3302 nequaquam
3272 3226 3537 3299 elogium
3562 3225 3697 3283 libri
3715 3228 3816 3282 Ec-

2153 3319 2465 3378 clesiastici
2492 3317 2748 3376 evadere
2762 3317 3027 3385 valuisti,
3049 3332 3174 3390 quo
3202 3315 3455 3373 dicitur:
3486 3316 3602 3384 Qui
3611 3313 3814 3386 sophi-

2153 3414 2299 3469 stice
2329 3409 2620 3482 loquitur,
2650 3408 2890 3465 obidilis
2919 3413 3026 3478 est,
3048 3407 3210 3463 omni
3226 3421 3293 3463 re
3323 3405 3809 3477 defraudabitur.

2153 3502 2290 3558 Non
2333 3500 2490 3558 enim
2531 3499 2679 3555 data
2720 3502 2806 3554 est
2853 3498 2953 3553 illi
2987 3512 3026 3553 a
3075 3497 3331 3552 Domino
3372 3496 3597 3567 gratia.
3641 3494 3820 3551 Omni

2155 3590 2313 3648 enim
2340 3588 2640 3658 sapientia
2668 3585 3070 3655 defraudatus
3106 3589 3193 3641 est
3220 3584 3433 3655 (Eccli.
3457 3599 3677 3652 xxxvu,
3697 3582 3811 3654 23).

2156 3680 2225 3734 Et
2248 3675 2434 3733 illud:
2488 3678 2560 3732 In
2615 3674 2998 3745 multiloquio
3046 3689 3166 3730 non
3215 3674 3459 3745 effugies
3498 3677 3813 3743 peccatum

2156 3768 2362 3836 (Prov.
2390 3780 2453 3836 x,
2483 3764 2592 3836 19).
2623 3762 2852 3829 Quibus
2884 3761 2933 3817 si
2961 3760 3227 3834 expediri
3256 3761 3584 3830 desideras,
3614 3760 3813 3817 humi-

2155 3855 2305 3912 litati
2316 3852 2765 3911 sublimissimee
2776 3851 3054 3908 Cruciﬁxi
3070 3851 3325 3925 supplex
3339 3855 3731 3925 prosternere,
3748 3854 3814 3908 ut

2155 3961 2300 4003 cum
2349 3940 2636 4017 Apostolo
2677 3940 2874 3997 dicere
2903 3940 3142 3998 valeas:
3195 3941 3370 3998 Nihil
3410 3941 3678 3998 iudicavi
3723 3955 3813 3997 me

2157 4036 2311 4092 scire
2328 4035 2489 4090 inter
2511 4048 2611 4090 vos
2641 4031 2760 4087 nisi
2779 4031 3089 4087 Christum
3108 4032 3334 4102 Jesum,
3361 4036 3416 4088 et
3440 4031 3602 4088 hunc
3621 4030 3811 4087 cruci-

2156 4126 2350 4196 ﬁxum
2379 4123 2427 4196 (Ι
2459 4122 2597 4178 Cor.
2629 4136 2690 4189 ιι,
2718 4119 2798 4193 2).
2829 4122 2897 4176 Et
2925 4119 3105 4176 item:
3132 4119 3292 4176 Mihi
3306 4126 3506 4178 autem
3527 4119 3679 4177 absit
3690 4119 3813 4190 glo-

2159 4214 2319 4271 riari
2336 4212 2456 4269 nisi
2480 4212 2544 4268 in
2568 4225 2744 4268 cruce
2767 4210 3012 4266 Domini
3034 4211 3232 4267 nostri
3265 4212 3409 4268 Jesu
3438 4209 3685 4278 Christi,
3705 4223 3813 4279 per

2160 4319 2333 4377 quem
2375 4302 2527 4359 mihi
2570 4301 2827 4358 mandas
2869 4301 3196 4371 cruciﬁxus
3224 4305 3331 4372 est,
3362 4306 3419 4359 et
3446 4315 3551 4372 ego
3595 4298 3811 4356 mundo

392 4388 720 4474 destinavit
746 4408 929 4466 vitam
975 4406 1264 4492 aeternam
1288 4396 1428 4492 piis,
1457 4393 1904 4492 praedestinavit
1930 4407 2056 4492 pce-
2087 4436 2133 4492 Β
2162 4394 2324 4467 (Gal.
2356 4409 2437 4463 v1,
2473 4390 2712 4492 14)..liis
2757 4389 2820 4447 in
2860 4388 3195 4492 nomine‘et
3230 4389 3540 4490 adjutorio.
3559 4389 3677 4492 Dei.
3705 4402 3811 4461 pro

393 4521 540 4564 nam
568 4500 725 4573 ignis
765 4493 971 4555 aeterni
1000 4490 1223 4565 impiis.
1260 4486 1426 4544 Unde
1456 4489 1514 4542 et
1555 4500 1621 4542 se
1662 4483 1965 4540 dicturum
1992 4481 2057 4537 in

394 4593 673 4655 examine
702 4588 913 4647 ultimo
940 4581 1219 4659 preedixit
1245 4577 1407 4635 istis:
1441 4576 1530 4632 Ile
1559 4575 1623 4630 in
1654 4574 1851 4645 ignem
1882 4577 2055 4628 aater-
2079 4585 2085 4590 ‘

393 4702 561 4750 num,
592 4681 698 4755 qui
716 4670 978 4750 'paratus
1007 4678 1093 4731 est
1134 4668 1373 4727 diabolo
1408 4671 1463 4723 et
1506 4664 1740 4755 angelis
1770 4664 1936 4733 ejus;
1985 4661 2056 4717 i1-

394 4775 470 4833 lis
495 4791 509 4831 :
552 4754 774 4839 Venite,
798 4764 1091 4824 benedicti
1115 4758 1324 4818 Patris
1346 4755 1482 4827 mei,
1494 4754 1784 4825 percipite
1801 4766 2056 4823 regnum

398 4863 559 4939 quod
583 4860 746 4919 vobis
788 4860 1075 4928 paratum
1105 4855 1190 4908 est
1213 4847 1290 4906 ab
1315 4845 1560 4939 origine
1576 4842 1792 4939 mundi
1810 4840 2053 4913 (Matth.

397 4933 516 5017 xu,
549 4951 658 5023 34).
688 4949 766 5005 Et
812 4960 1064 5018 regnum
1102 4944 1397 5012 paratum
1441 4933 1590 4990 dixit
1632 4936 1688 4989 et
1717 4933 1922 5023 ignem
1941 4945 2057 5023 pa-

400 5019 896 5110 ratum-adaeque
934 5048 1061 5091 non
1090 5028 1294 5088 tacuit.
1334 5027 1385 5080 A
1427 5040 1573 5098 quo,
1600 5036 1831 5096 quaso,
1863 5019 1983 5076 nisi
2023 5035 2062 5077 a

2161 4486 2344 4556 captu
2391 4484 2451 4538 et
2503 4479 2734 4537 viribus
2788 4495 2941 4536 meae
2977 4478 3338 4552 pusillitatis,
3378 4479 3579 4549 magis
3607 4477 3811 4534 devote

2162 4588 2351 4646 quam
2372 4570 2565 4637 docte,
2589 4573 2706 4626 tute
2736 4585 2981 4643 quoque
3011 4567 3413 4637 correctionis,
3432 4568 3615 4626 frater
3638 4567 3810 4625 Joan-

2162 4678 2292 4733 nes,
2323 4661 2518 4733 gratia
2542 4659 2820 4729 exaratis,
2850 4658 2994 4715 libet
3017 4675 3202 4730 quam
3227 4658 3486 4716 breviter
3513 4671 3811 4732 quamque

2164 4740 2464 4808 succincte
2521 4747 2890 4822 capitulatim
2943 4746 3183 4819 singula
3229 4747 3542 4818 adnotare,
3585 4763 3705 4820 quo
3739 4745 3815 4803 le-

2167 4838 2361 4912 gentis
2391 4836 2763 4896 audientisve
2783 4836 3031 4893 intentio
3059 4835 3214 4894 lecta
3242 4836 3338 4894 vel
3366 4836 3573 4895 audita
3594 4850 3814 4893 memo~

2164 4928 2269 4987 rite
2302 4926 2570 4985 tenacius
2595 4926 2791 4986 valeat
2817 4925 3265 4984 commendare.

407 5152 2342 5190 _________________..._———~———————

1199 5241 2078 5340 RECAPITULATIO

2160 5241 2552 5331 TOTIUS
2634 5239 3041 5335 OPERIS

787 5483 908 5526 per.
938 5481 978 5536 ι,
1010 5478 1135 5521 car.
1171 5465 1193 5520 1
1225 5475 1278 5517 r.
1310 5472 1377 5515 er
1406 5471 1557 5514 secr.
1591 5458 1671 5512 1⁸.

477 5569 518 5621 Θ
543 5561 738 5621 Dicis:
784 5555 1132 5628 Quadruvio
1183 5550 1538 5622 regularum
1576 5549 1837 5619 quatuor
1883 5545 2063 5601 totius

407 5651 801 5720 philosophiae
823 5660 1053 5704 omnem
1080 5641 1464 5716 qumstionem
1492 5635 1664 5693 solvi.

484 5753 510 5781 ι
535 5745 681 5803 Vide
705 5742 1016 5803 Cellotium
1043 5740 1108 5798 in
1134 5735 1572 5806 Gottescalcho,
1598 5747 1739 5808 pag.
1775 5732 1895 5791 133.

2236 5450 2281 5524 -ι-
2300 5448 2786 5525 Respondemus:
2809 5452 2925 5508 Nec
2945 5448 3094 5507 illud
3109 5447 3655 5523 quadruvium,nec
3670 5443 3805 5501 ullas

2170 5540 2499 5599 mundanae
2521 5541 2827 5616 sapientiae
2844 5540 3073 5615 species
3083 5540 3164 5597 ad
3175 5554 3420 5596 omnem
3432 5535 3805 5611 quaestionem

2167 5630 2625 5693 dissolvendam
2640 5629 2913 5689 sufﬁcere
2924 5629 3157 5704 absque
3167 5627 3360 5702 gratia
3372 5624 3679 5699 Dei,etﬁde
3690 5636 3805 5697 qua:
