3950 6378
172 192 199 246 l
214 189 337 245 353

168 406 429 460 ctarum
456 401 705 459 scientia
737 401 1202 476 Seripturarum.

299 561 421 601 per.
447 561 644 613 n,CAP.
669 550 722 616 2,
748 560 901 605 secr.
933 549 967 601 2
998 563 1062 601 ar
1093 549 1144 615 6,
1168 562 1236 602 ur
1263 562 1384 603 CAP.
1420 551 1473 619 3,
1503 564 1660 604 sacr.
1703 547 1747 603 ι.

257 659 310 704 Θ
342 652 528 709 dicis:
562 654 1155 711 Praadestinationem
1190 660 1243 710 et
1271 656 1856 727 praascicntiamDei,

170 744 321 815 ejus
351 759 471 800 esse
500 745 812 801 essentiam
866 744 1020 801 sicut
1066 745 1456 816 voluntatem,
1501 745 1858 817 sapientiam

171 837 239 888 et
274 834 608 889 veritatem.

257 923 307 992 -Χ-
338 923 833 995 Respondemus:
900 923 1287 993 Sapientiam,
1322 923 1637 980 veritatem
1672 926 1729 980 et
1756 940 1859 980 vo-

171 1010 482 1067 luntatem
512 1013 576 1067 in
610 1014 727 1068 Deo
759 1012 1148 1068 essentialiter
1173 1012 1511 1086 praedicari,
1558 1014 1859 1086 praedesti-

171 1101 499 1158 nationem
529 1118 669 1158 vero
700 1106 757 1158 et
784 1102 1223 1175 praescientiam
1251 1102 1520 1172 relative,
1569 1103 1854 1176 proinde-

171 1206 305 1263 que
326 1208 452 1248 non
476 1208 608 1249 esse
636 1193 737 1248 Dei
765 1191 1187 1250 substantiam.

338 1351 460 1395 nar.
493 1351 575 1404 ιιι,
606 1351 735 1396 CAP.
763 1339 819 1407 2,
851 1352 999 1393 SECT.
1026 1340 1078 1399 2,
1114 1353 1179 1392 er
1212 1354 1335 1395 CAP.
1372 1342 1459 1408 15,
1491 1353 1638 1396 sscr.
1662 1341 1715 1393 4.

252 1465 295 1514 6
324 1460 501 1518 Dicis:
529 1461 951 1519 Pravcientiam
979 1468 1035 1518 et
1060 1464 1645 1531 praedestznationem
1665 1478 1852 1521 unum

172 1549 342 1606 idem
369 1565 508 1606 esse.

250 1641 297 1709 -ί-
327 1638 820 1711 Respondemus:
867 1639 1195 1695 Plurimum
1246 1640 1505 1713 ditierre,
1539 1640 1836 1714 quoniam

171 1727 377 1784 multa
407 1728 805 1799 praeseiuntur
835 1744 970 1801 quas
994 1745 1120 1785 non
1151 1730 1691 1801 praedestinantur;
1715 1731 1848 1787 nul-

168 1817 237 1876 la
266 1831 411 1874 vero
434 1817 958 1890 praedestinantur,
985 1818 1099 1873 nisi
1130 1819 1545 1891 prtesciantur.

650 1978 768 2017 nas.
797 1977 875 2035 iv,
906 1976 1031 2019 CAP.
1053 1966 1107 2031 2,
1137 1978 1285 2019 secr.
1330 1967 1383 2021 3.

253 2072 298 2124 Θ
325 2068 509 2127 Dicis:
531 2070 851 2129 Hominem
869 2069 952 2127 ad
982 2070 1171 2126 Deum
1187 2086 1359 2141 quem
1382 2070 1567 2127 libero
1598 2070 1850 2129 arbitrio

177 2160 314 2219 sine
335 2160 540 2217 labore
566 2160 933 2223 deseruerat,
964 2161 1093 2216 sine
1126 2160 1349 2217 laboris
1401 2161 1598 2217 studio
1641 2166 1696 2218 et
1727 2176 1853 2219 coo-

171 2251 457 2321 perantis
481 2252 697 2320 gratia:
710 2249 867 2306 dono
889 2250 1207 2318 pervenire
1237 2266 1356 2306 non
1381 2266 1572 2319 posse.

255 2340 299 2409 -ι-
326 2338 785 2411 Respondemus
811 2355 823 2394 :
858 2337 1100 2393 Nullum
1131 2338 1247 2395 nisi
1295 2340 1716 2412 praevenientis
1748 2341 1850 2396 Dei

177 2427 391 2500 gratias
417 2427 843 2502 aspirationem
876 2427 1091 2483 saltem
1110 2426 1338 2485 laboris
1363 2429 1631 2486 studium
1670 2444 1850 2502 posse

176 2532 521 2593 conCipere.

651 2659 770 2699 nes.
805 2661 859 2713 ν,
904 2659 1028 2699 CAP.
1062 2648 1117 2711 2,
1151 2647 1292 2702 sect.
1326 2648 1384 2702 3.

255 2754 299 2804 Θ
319 2749 472 2805 Dicis
489 2767 502 2805 :
518 2749 1118 2809 Prcedestinationem
1146 2753 1208 2807 in
1228 2754 1347 2808 Deo
1369 2753 1695 2810 secundum
1710 2753 1847 2812 sub-

179 2842 470 2899 otantiam
496 2854 639 2901 esse,
670 2842 926 2897 relative
954 2848 1155 2899 autem
1183 2843 1323 2912 ﬁeri
1350 2859 1470 2899 non
1510 2860 1703 2913 posse.

252 2930 291 2996 'l'
319 2930 776 3003 Respondemus
804 2946 817 2985 :
847 2930 1047 2987 Cuivis
1077 2930 1358 2988 facillime
1384 2938 1587 3005 patere
1612 2933 1846 3006 praede-

181 3018 572 3077 stinationem
596 3019 661 3075 in
689 3019 811 3074 Deo
834 3035 1075 3092 semper
1094 3020 1356 3089 relative,
1393 3022 1498 3078 sed
1528 3039 1845 3096 nunquam
1877 3043 1917 3096 ο

180 3109 521 3166 secundum
553 3107 958 3165 substantiam
979 3110 1117 3180 dici,
1150 3126 1282 3166 esse
1329 3112 1557 3184 quippe
1597 3112 1675 3169 ad
1698 3113 1847 3169 nihil

180 3198 350 3256 aliud
369 3197 662 3267 refertur;
698 3198 1126 3270 praedestinare
1159 3215 1303 3257 vero
1331 3216 1669 3274 nunquam,
1728 3202 1846 3258 nisi

179 3287 263 3349 ad
290 3285 522 3361 aliquid
551 3286 668 3345 dici
696 3290 912 3362 potest.

628 3446 758 3486 nes.
792 3446 877 3502 vr,
910 3446 1034 3485 CAP.
1068 3435 1124 3503 2,
1159 3446 1310 3487 SECT.
1342 3431 1395 3487 6.

252 3541 292 3591 Θ
324 3536 511 3593 Dicis:
544 3538 719 3595 Sicut
756 3538 909 3594 duas
938 3539 1219 3595 essentias
1267 3543 1602 3611 cceteraque
1643 3541 1846 3598 omnia

180 3642 313 3700 quae
328 3627 401 3683 de
428 3628 548 3683 Deo
569 3628 878 3695 dicuntur,
909 3628 1228 3700 geminari,
1270 3629 1365 3684 vel
1388 3630 1716 3702 triplicari,
1750 3631 1846 3688 vel

181 3716 599 3784 multiplicari,
648 3716 896 3788 impium
956 3732 1097 3785 esse,
1150 3718 1237 3773 ita
1278 3718 1841 3787 praedestinationes

182 3804 333 3861 duas
362 3810 720 3863 asserentem
768 3812 941 3862 reatu
981 3808 1319 3878 impietatis.

251 3894 294 3964 -ξ-
322 3893 821 3967 Respondemus:
854 3897 1189 3954 Essentiam
1220 3896 1321 3953 Dei
1366 3897 1713 3955 nullatenus
1740 3913 1843 3969 ge-

183 3981 668 4055 minandum,vel
698 3984 1141 4057 triplicandam,
1171 3986 1266 4042 vel
1293 3987 1840 4059 multiplicandam.

184 4072 357 4130 Multa
384 4075 588 4128 tamen
619 4089 829 4129 eorum
873 4090 1009 4145 quae
1058 4075 1133 4129 de
1190 4074 1325 4146 ipso
1371 4076 1845 4133 substantialiter

182 4161 602 4236 praedicantur,
645 4161 955 4233 pluraliter
984 4162 1213 4218 efferri:
1271 4180 1473 4236 neque
1525 4164 1664 4221 ideo
1712 4166 1844 4236 ejus

184 4251 502 4308 essentiam
534 4250 848 4321 geminari,
884 4251 977 4307 vel
1006 4251 1306 4323 triplicari,
1338 4253 1436 4311 vel
1486 4253 1844 4326 multiplica-

182 4342 250 4411 ri,
281 4342 572 4414 quoniam
594 4340 696 4396 tali
727 4340 1065 4413 pluralitate
1094 4357 1219 4397 non
1245 4342 1373 4413 jam
1405 4343 1534 4414 ejus
1563 4345 1841 4413 essentia,

187 4430 288 4489 sed
317 4430 561 4510 effectus
589 4429 781 4506 ipsius
812 4429 1334 4501 demonstrantur;
1363 4448 1434 4490 ac
1454 4448 1561 4504 per
1585 4432 1701 4488 hoc
1720 4449 1846 4489 non

184 4523 348 4580 reatu
405 4519 726 4594 impietatis
757 4518 931 4591 ligari
963 4524 1335 4576 asserentem
1376 4521 1848 4594 praedestinatio—

183 4625 289 4669 nes
316 4609 644 4685 pluraliter,
701 4609 847 4685 quia
890 4625 1016 4668 non
1064 4610 1324 4667 essentia
1372 4610 1522 4683 ejus,
1588 4611 1695 4668 sed
1723 4610 1845 4668 efﬁ-

187 4700 408 4759 cientiaa
428 4699 617 4775 ipsius
642 4700 745 4758 tali
771 4700 1070 4759 vocabulo
1101 4700 1451 4758 efferuntur.

358 4860 479 4902 nar.
504 4860 603 4917 vn,
637 4860 763 4902 CAP.
793 4848 851 4915 2,
890 4860 1046 4901 sror.
1075 4848 1147 4913 2;
1176 4862 1300 4903 CAP.
1334 4850 1389 4916 3,
1422 4863 1581 4904 εισι.
1616 4851 1663 4903 l.

254 4974 293 5027 Θ
312 4970 499 5027 Dicis:
532 4972 1129 5030 Pravdestinationem
1158 4972 1273 5028 Dei
1295 4987 1482 5029 unam
1522 4987 1661 5041 esse,
1693 4972 1849 5029 sicut

187 5077 362 5120 unam
391 5062 660 5119 divinam
699 5064 1130 5135 operationem,
1156 5063 1539 5133 sapientiam.
1570 5062 1844 5119 substan-

189 5153 346 5223 tiam,
377 5153 769 5213 voluntatem.

254 5244 292 5316 πίη
317 5243 807 5317 Respondemus:
869 5242 1490 5314 Praedestinationem,
1521 5246 1580 5299 et
1631 5255 1845 5316 opera-

190 5333 405 5397 tionem
448 5333 721 5397 divinam
750 5332 995 5392 relative
1043 5333 1122 5390 ad
1178 5333 1371 5390 multa
1399 5332 1552 5405 dici;
1607 5333 1847 5407 sapien-

192 5423 326 5480 tiam
351 5440 513 5494 vero,
546 5423 951 5480 substantiam
1006 5426 1062 5478 et
1104 5422 1503 5490 voluntatem,
1548 5423 1629 5480 ad
1668 5425 1846 5479 natu-

191 5530 315 5571 ram
344 5514 679 5589 simplicem
713 5513 1154 5582 tantummodo,
1205 5514 1484 5586 quamvis
1543 5518 1599 5571 et
1637 5513 1849 5571 volun-

194 5608 331 5661 tates
380 5605 484 5662 Dei
529 5620 639 5679 pro
697 5603 1031 5662 efﬁcientiis
1090 5602 1219 5675 ejus
1273 5603 1631 5661 creberrime
1688 5603 1849 5675 lega-

541 5787 794 5844 PAmOL.
830 5785 960 5841 CXV

820 188 908 242 DE
948 190 1606 249 PRzEDESTlNATIONE
1644 191 1927 253 CONTRA
1962 193 2015 248 J.
2055 195 2352 257 SCOTUH.
2378 226 2445 237 --
2468 196 3020 255 RECAPITULATIO

165 329 298 386 per
331 313 706 371 dilectionem
734 319 1041 383 operatur,
1071 330 1142 371 ac
1168 294 1370 375 veraci
1390 315 1610 384 studio,
1642 320 1700 374 et
1722 332 1859 373 san-
1889 319 1935 377 Α
2150 338 2269 378 oss.
2304 338 2425 386 vin,
2448 338 2572 379 CAP.
2600 326 2653 381 2.
2683 338 2837 385 sscr.
2862 328 2895 383 2

3488 205 3626 265 1356

2150 338 2269 378 uer.
2304 338 2425 388 vm,
2448 338 2572 379 CAP.
2600 326 2653 381 2.
2683 338 2837 385 sscr.
2862 328 2931 393 2;
2965 340 3087 385 CAP.
3122 328 3176 392 3,
3211 340 3361 385 sror.
3399 330 3448 384 l.

2037 414 2076 461 Θ
2108 410 2293 467 Dicis:
2348 412 2651 483 Quidquid
2676 413 2749 468 de
2766 412 2977 469 divina
3008 415 3318 472 voluntate
3342 415 3630 492 intelligi-

1967 504 2069 555 tur
2097 501 2169 557 de
2193 502 2730 572 praedestinasione
2748 504 2863 562 Dei
2888 505 3105 563 sentiri
3130 505 3360 567 debere.

2037 591 2079 662 ’ί-
2108 591 2600 664 Respondemus:
2633 592 2922 659 Quamvis
2968 591 3174 653 nullus
3205 593 3321 653 nisi
3368 596 3630 659 volando

1966 678 2194 751 aliquid
2223 682 2456 753 pandas
2468 682 2627 753 tinet,
2656 687 2859 741 tamen
2884 682 3051 743 aliud
3075 699 3206 743 esse
3230 683 3489 745 dicimus
3509 687 3632 746 vel-

1965 767 2041 839 le,
2074 768 2236 825 aliud
2267 771 2694 843 przedestinare
2722 788 2734 826 :
2765 771 2912 828 velle
2942 772 3103 829 enim
3144 773 3225 830 ad
3275 790 3338 831 se
3392 778 3631 834 tantum

1966 858 2104 927 dici,
2131 860 2560 934 praedestinare
2589 876 2733 919 vero
2762 861 2969 919 referri
2995 860 3076 920 ad
3105 863 3243 930 alia,
3280 880 3351 922 ac
3380 881 3489 941 per
3510 867 3629 925 hoc

1968 962 2089 1005 ΠοΠ
2121 965 2313 1006 unum
2342 967 2496 1007 esse.

2002 1111 2006 1115 4
2429 1057 2549 1097 mar.
2576 1058 2655 1112 IX,
2681 1058 2802 1099 CAP.
2834 1047 2887 1112 3,
2918 1057 3071 1100 sscr.
3107 1047 3159 1100 Β.

2038 1134 2076 1183 Θ
2102 1130 2927 1202 DiciszPreedestinationem,
2977 1139 3044 1189 ut
3084 1133 3466 1205 charitatem,
3505 1149 3628 1192 non

1965 1235 2085 1276 esse
2102 1221 2422 1293 geminam,
2456 1223 2548 1279 vel
2568 1222 2845 1295 duplam,
2869 1224 2963 1280 vel
2977 1223 3395 1294 multiplicem,
3422 1229 3479 1283 et
3488 1226 3630 1296 plu-

1964 1313 2211 1368 ralitate
2240 1328 2462 1370 carere.

2033 1403 2074 1471 -ι-
2095 1401 2572 1474 Respondemus:
2588 1402 3261 1476 Praedestinationem,et
3273 1401 3628 1463 charitatem

1962 1506 1998 1545 a
2030 1491 2322 1561 Palribus,
2354 1496 2412 1547 et
2440 1492 2766 1562 geminam,
2812 1496 2872 1549 et
2906 1492 3251 1566 bipertitam
3283 1493 3627 1568 frequenter

1958 1580 2209 1653 positas,
2236 1584 2292 1638 et
2316 1580 2882 1654 prasdestinationes
2909 1581 3219 1655 pluraliter
3259 1582 3551 1655 prolatas.

2424 1706 2545 1746 DEF.
2579 1706 2638 1758 Χ,
2672 1706 2798 1758 CAP,
2831 1691 2888 1762 4,
2921 1704 3076 1747 sscr.
3109 1692 3158 1747 l.

2034 1782 2073 1831 6
2105 1776 2289 1834 Dicis:
2322 1779 2463 1835 Tres
2485 1777 2755 1847 haereses,
2779 1794 2963 1835 unam
2979 1779 3455 1851 Pelagianorum
3482 1779 3628 1838 libe-

1960 1868 2022 1925 ri
2056 1868 2300 1925 arbitrii
2337 1869 2846 1925 commendatione
2895 1868 3026 1924 sine
3064 1870 3312 1941 gratia;
3344 1870 3625 1938 alteram,

1959 1963 2176 2030 gratia:
2204 1959 2425 2030 solius;
2454 1956 2716 2022 tertiam,
2754 1955 3345 2024 Gottescalcltanam,
3360 1957 3627 2030 praedes-

1963 2048 2355 2106 tinationibus
2394 2047 2771 2104 necessitates
2801 2051 2858 2104 et
2884 2047 3001 2105 vim
3036 2046 3415 2118 inferentem.

2034 2140 2075 2210 -§-
2095 2138 2549 2211 Respondemus
2572 2154 2586 2193 :
2623 2134 2913 2193 Detestari
2934 2152 3049 2192 nos
3081 2135 3437 2209 Pelagianos
3455 2150 3626 2196 asse-

1961 2231 2157 2284 rentes
2183 2226 2413 2299 aliquid
2468 2226 2614 2282 boni
2673 2241 2783 2298 per
2831 2225 3095 2281 liberum
3133 2226 3453 2284 arbitrium
3494 2226 3627 2283 ﬂeri

1961 2332 2139 2389 posse
2193 2315 2318 2371 sine
2375 2313 2678 2387 adjutorio
2708 2313 2940 2385 gratias,
2995 2316 3054 2370 et
3081 2328 3206 2381 eos,
3240 2313 3290 2369 si
3338 2313 3445 2387 qui
3484 2317 3626 2370 sunt

1963 2415 2141 2479 (quos
2171 2409 2370 2463 tamen
2423 2417 2744 2477 nunquam
2801 2402 3194 2475 audivimus),
3235 2402 3343 2476 qui
3369 2403 3627 2475 gratiam

1961 2495 2156 2553 solam
2180 2496 2262 2551 ita
2291 2491 2744 2557 commendant,
2772 2496 2837 2550 ut
2863 2491 3138 2549 funditus
3161 2491 3505 2551 libertatem
3530 2507 3628 2553 ar-

1959 2584 2118 2641 bitrii
2144 2585 2417 2642 auferant
2445 2602 2458 2653 ;
2485 2583 2593 2639 sed
2621 2583 2704 2640 ita
2721 2581 2983 2638 liberum
3010 2580 3328 2640 arbitrium
3356 2581 3628 2641 vitiatum

1960 2678 2017 2731 et
2042 2673 2417 2731 inﬁrmatum
2448 2671 2924 2743 transgressione
2942 2671 3283 2744 primorum
3309 2670 3503 2731 nostri
3522 2685 3625 2742 ge-

1957 2765 2140 2837 neris,
2171 2768 2237 2822 ut
2265 2780 2373 2838 per
2420 2780 2485 2820 se
2522 2778 2774 2837 prorsus
2807 2762 2887 2819 ad
2914 2760 3066 2818 nihil
3110 2761 3265 2819 boni
3308 2774 3625 2833 assurgere

1956 2854 2175 2925 valeat,
2200 2854 2316 2910 nisi
2342 2852 2744 2927 praeveniatur
2761 2851 3063 2925 aspirante
3088 2850 3303 2922 gratia,
3334 2854 3396 2910 et
3421 2850 3626 2909 subse-

1957 2948 2179 3016 quatur
2208 2944 2571 3000 auxiliante:
2604 2956 2716 2997 nec
2738 2942 2942 2997 minus
2968 2955 3072 2999 eos
3099 2939 3210 3012 qui
3229 2938 3623 3013 praedestina-

1960 3031 2221 3088 tionibus
2261 3031 2363 3088 Dei
2398 3028 2782 3089 necessitates
2810 3031 2870 3091 et
2912 3027 3038 3086 vim
3077 3026 3280 3085 inferri
3334 3026 3623 3084 creaturis

1958 3122 2280 3179 somniant.
2332 3119 2620 3187 Quamvis
2641 3118 2807 3176 enim
2846 3117 3004 3174 Deus
3032 3119 3250 3174 cuncta
3271 3116 3620 3189 praescierit,

1956 3216 2015 3269 et
2047 3212 2123 3268 de
2144 3211 2433 3268 omnibus
2458 3208 2749 3267 creaturis
2792 3207 3135 3266 secundum
3182 3206 3624 3281 praescientiam

1957 3318 2131 3358 suam
2162 3298 2699 3376 praedestinaverit,
2726 3297 2966 3355 nullum
2993 3300 3199 3355 tamen
3224 3295 3443 3354 eadem
3468 3311 3621 3370 pra:-

1955 3391 2268 3449 scientiam
2307 3407 2484 3447 suam
2535 3385 3078 3463 praedestinaverit,
3133 3384 3371 3443 nullum
3417 3388 3622 3445 tamen

1953 3480 2169 3539 eadem
2222 3480 2606 3556 prsescientia
2657 3481 2720 3539 et
2762 3475 3208 3551 praedestinatio
3263 3475 3347 3535 ad
3391 3473 3623 3553 aliquid

1951 3572 2223 3645 impellit.

2418 3678 2543 3719 oss.
2569 3676 2653 3733 x1,
2676 3674 2802 3717 CAP.
2835 3660 2892 3725 .4,
2934 3672 3091 3743 sror.
3123 3659 3156 3712 ϐ

2025 3758 2064 3810 Θ
2086 3753 2241 3812 Dicis
2281 3770 2295 3811 :
2361 3753 2777 3812 Substantiam
2827 3747 3084 3806 hominis
3114 3760 3236 3807 esse
3266 3744 3409 3819 tria,
3442 3744 3507 3801 id
3534 3750 3621 3801 est

1950 3859 2092 3914 esse,
2125 3845 2278 3902 velle
2333 3848 2387 3903 et
2415 3843 2592 3914 seire,
2620 3847 2677 3899 et
2726 3840 2885 3900 hanc
2935 3835 3243 3913 peccando
3293 3847 3419 3892 non
3466 3834 3619 3892 ami-

1949 3949 2583 4097 m-iellespondemus:
2609 4021 2737 4076 Non
2764 4031 2895 4073 esse
2924 4009 3332 4071 substantiam
3350 4008 3617 4070 hominis

1951 4111 2103 4168 velle
2134 4117 2190 4169 et
2237 4112 2419 4167 scire:
2455 4107 2774 4184 quoniam,
2807 4122 2948 4163 cum
2995 4117 3234 4178 semper
3257 4100 3482 4160 habeat
3510 4100 3619 4159 ho-

1952 4216 2056 4258 mo
2082 4217 2236 4274 esse,
2264 4215 2390 4258 non
2422 4214 2661 4274 semper
2684 4196 2870 4254 habet
2888 4192 3039 4251 velle
3088 4196 3145 4249 et
3175 4191 3344 4249 scire.
3379 4193 3531 4250 Nam
3561 4193 3621 4248 et

1952 4292 2184 4350 bonum
2209 4292 2383 4361 velle,
2405 4295 2463 4350 et
2487 4291 2722 4348 bonum
2754 4287 2904 4346 scire
2933 4282 3249 4362 peccando
3281 4282 3619 4356 amisit,nec

1873 4406 1927 4463 ι)
1951 4399 2061 4458 per
2087 4400 2150 4441 se
2180 4382 2395 4441 eadem
2422 4381 2537 4440 nisi
2565 4396 2673 4455 per
2716 4377 3185 4455 praevenientem
3212 4372 3317 4431 Dei
3359 4370 3618 4447 gratiam

1954 4474 2203 4549 assequi
2228 4472 2529 4533 ullatenus
2556 4473 2773 4547 potest.

2381 4578 2502 4620 nar.
2526 4576 2650 4628 xm,
2681 4575 2806 4615 CAP.
2836 4557 2893 4624 4,
2943 4569 3095 4611 secr.
3129 4554 3182 4608 6.

2023 4658 2063 4708 Θ
2098 4652 2282 4711 Dicis:
2314 4651 2571 4709 Nullam
2600 4652 2893 4705 naturam
2908 4657 3084 4715 posse
3114 4638 3338 4711 pen’re.

2022 4744 2066 4815 +
2095 4740 2585 4817 Respondemus:
2618 4732 2957 4795 Rationales
2987 4733 3294 4788 creaturas
3332 4725 3397 4785 in
3423 4724 3618 4784 totum

1953 4850 2081 4895 non
2102 4848 2285 4909 posse
2303 4830 2522 4906 perire,
2548 4823 2926 4887 irrationales
2956 4835 3099 4879 vero
3126 4833 3326 4896 posse.

2400 4953 2525 4997 nar.
2556 4952 2657 5009 xu,
2681 4950 2807 4992 CAP.
2836 4934 2893 5000 4,
2927 4944 3081 4988 secr.
3121 4928 3177 4987 6.
3304 5009 3311 5015 .

2026 5039 2068 5090 Θ
2096 5031 2293 5090 Dicis:
2325 5028 2644 5088 Hominem
2692 5024 2945 5082 liberam
2989 5012 3385 5085 voluntatem,
3433 5012 3503 5071 id
3530 5018 3617 5072 est

1953 5132 2244 5185 naturam
2271 5136 2469 5191 suam,
2489 5134 2612 5175 non
2636 5114 2989 5187 perdidisse.

2026 5219 2072 5288 -ι-
2099 5210 2599 5287 Respondemus:
2632 5210 2920 5264 Naturam
2967 5200 3099 5275 ejus
3130 5212 3258 5288 non
3312 5210 3444 5252 esse
3471 5192 3618 5251 libe-

1952 5284 2088 5365 ram
2115 5284 2503 5368 voluntatem,
2536 5312 2674 5355 eam
2701 5298 2910 5352 tamen
2961 5290 3043 5347 ad
3088 5284 3322 5345 malum
3372 5296 3619 5358 semper

1954 5395 2275 5455 habuisse:
2303 5391 2385 5449 ad
2411 5389 2650 5446 bonum
2687 5399 2830 5441 vero
2877 5382 2960 5439 ita
2986 5374 3348 5454 perdidisse,
3390 5375 3456 5431 ut
3484 5369 3621 5429 abs-

1957 5505 2075 5564 que
2106 5484 2310 5559 gratim
2335 5477 2735 5557 praeventione
2765 5471 2937 5529 nulla
2972 5470 3065 5525 sit.

2413 5606 2539 5647 nes.
2562 5602 2682 5658 xw,
2706 5600 2828 5642 CAP.
2861 5585 2913 5646 4,
2942 5594 3096 5637 sscr.
3122 5581 3175 5632 5.

2030 5694 2071 5744 Θ
2099 5684 2288 5744 Dicis:
2335 5680 2695 5741 Libertatem
2728 5671 2953 5733 homini
3002 5673 3139 5743 post
3166 5667 3484 5813 pgcatmn
3537 5673 3626 5717 re-
