3950 6456
360 297 525 356 ’1385

1508 293 1566 349 8.
1593 291 1967 349 PRUDENTII
1993 292 2368 356 TRECENSIS
2398 241 2719 360 EPlSCOPI

3687 323 3822 378 1356

390 423 700 492 mansisse,
724 422 987 494 vigorem
1030 434 1170 477 vero
1199 423 1257 476 et
1268 421 1624 489 potestatem
1662 419 1790 489 ejus
1846 417 2048 488 perdi-
2083 420 2133 474 A
2162 423 2292 491 ejus
2325 423 2620 497 libertate,
2651 429 2776 487 sive
2804 431 2868 488 in
2891 437 3056 488 motu
3087 434 3294 493 liberae
3320 441 3694 500 naturaliter
3720 459 3823 502 vo-

383 514 1031 676 dzfl-seRespondemus:
1065 597 1306 655 Nullam
1325 613 1455 655 esse
1493 596 1848 661 libertatem,
1879 595 1927 652 si
1951 613 2045 653 ca-

378 696 511 749 reat
527 692 733 763 vigore
755 693 812 747 et
837 690 1166 763 potestate:
1188 687 1548 744 remansisse
1573 689 1774 744 autem
1802 685 2042 743 liberta-

378 783 501 839 tem
518 780 750 838 homini
779 778 859 837 ad
882 777 1117 835 malum
1145 777 1590 835 tantummodo.

829 911 955 952 mar.
989 911 1088 964 xv,
1119 910 1244 951 CAP.
1276 897 1331 962 4,
1356 910 1504 950 sacr.
1539 897 1594 950 8.

447 992 488 1041 Θ
513 985 706 1044 Dicis:
757 986 922 1043 Velle
946 985 1179 1043 homini
1204 1000 1244 1042 a
1297 999 1359 1041 se
1410 999 1541 1054 per,
1575 987 1864 1039 naturam
1898 996 2037 1052 esse,

372 1076 661 1135 inchoare
710 1091 855 1135 voro
896 1090 1073 1146 posse
1129 1079 1186 1131 et
1230 1074 1537 1144 perﬁcere,
1588 1088 1711 1129 non
1767 1072 1889 1128 nisi
1931 1086 2041 1142 per

413 1169 658 1225 ratiam.

413 1183 658 1225 ranam.

367 1183 408 1240 g
441 1257 486 1327 -ῐ-
509 1253 1003 1329 Respondemus:
1054 1256 1171 1310 Nec
1209 1250 1382 1315 velle,
1417 1266 1530 1307 nec
1585 1249 1893 1314 inchoare,
1926 1265 2038 1306 nec

366 1361 573 1420 posse,
602 1360 716 1402 nec
743 1343 1029 1416 perﬁcere
1051 1341 1374 1399 hominum
1398 1340 1717 1414 quippiam
1745 1339 2037 1409 boni,nisi

367 1435 774 1510 praeveniente
800 1437 859 1489 et
882 1432 1289 1504 subsequente
1320 1430 1515 1501 gratia
1554 1429 1674 1486 Dei.

727 1565 847 1606 nar.
881 1564 1003 1619 xvi,
1033 1563 1160 1604 CAP.
1192 1552 1247 1614 5,
1281 1562 1432 1603 sacr.
1459 1549 1493 1602 4
1523 1562 1590 1602 ετ
1620 1551 1673 1602 5.

441 1640 662 1698 6Dicis
684 1656 698 1696 :
721 1642 930 1707 Deum,
956 1639 1111 1694 sicut
1131 1637 1426 1694 neminem
1453 1635 1776 1705 compellat
1817 1649 2029 1705 pecca-

368 1744 456 1798 re,
487 1729 578 1786 ita
602 1743 713 1785 nec
743 1728 887 1785 bene
913 1727 1128 1783 vivere.

437 1778 482 1890 :1-
510 1815 1008 1891 Respondemus:
1033 1817 1224 1872 Deum
1262 1813 1568 1871 neminem
1596 1811 1901 1885 impellere
1949 1808 2030 1866 ad
2059 1778 2099 1833 Β

365 1906 773 1980 peccandum,
795 1905 876 1962 ad
896 1905 1053 1962 bene
1079 1903 1410 1961 vivendum
1436 1918 1580 1960 vero
1600 1901 1806 1958 multis
1837 1914 2028 1956 corre-

362 1997 643 2070 ptionum
675 1995 998 2068 generibus
1035 1995 1311 2066 invitare,
1344 1994 1469 2050 imo
1501 1991 1880 2065 compellere,
1940 1989 2026 2046 di-

362 2089 533 2143 cente
557 2086 692 2158 ipso
717 2103 731 2142 :
766 2086 1020 2143 Faciam
1045 2089 1113 2140 ut
1139 2085 1203 2140 in
1221 2083 1544 2154 praeceptis
1573 2082 1718 2138 meis
1763 2080 2026 2137 ambule-

363 2176 439 2232 tis
469 2174 710 2246 (Ezeeh.
743 2189 819 2244 x1,
849 2173 961 2246 20).
980 2175 1048 2231 Et
1077 2172 1246 2229 item:
1269 2171 1574 2242 Compelle
1601 2171 1835 2226 intrare
1854 2169 2018 2240 (Luc.

356 2279 472 2336 nv,
492 2264 604 2336 23).

786 2385 908 2427 nar.
942 2384 1084 2434 XVII,
1109 2384 1231 2425 CAP.
1266 2372 1318 2438 5,
1350 2383 1501 2424 sacr.
1533 2370 1588 2424 4.

429 2465 470 2516 Θ
501 2459 689 2518 Dicis:
717 2461 786 2517 Si
813 2474 935 2532 qua
964 2474 1149 2516 causa
1195 2458 1499 2530 praecedat
1539 2458 1931 2524 voluntatem,
1954 2455 2019 2511 id

355 2555 444 2609 est
461 2555 751 2607 naturam
781 2549 864 2606 ad
895 2548 1071 2616 bona,
1099 2548 1192 2604 vel
1216 2549 1382 2605 mala
1411 2546 1757 2619 cogitanda,
1787 2545 1882 2602 vel
1920 2545 2016 2614 fa-

355 2641 590 2709 cienda,
622 2655 743 2697 non
775 2654 896 2697 esse
916 2644 1226 2700 naturam.

424 2728 966 2802 +Respondemus:
987 2727 1365 2784 Voluntatem
1396 2742 1520 2782 non
1550 2741 1678 2782 esse
1707 2726 2009 2781 naturam.

350 2819 612 2876 Praecedi
641 2823 850 2876 tamen
874 2817 1104 2874 eamad
1131 2816 1299 2873 bona
1326 2815 1575 2889 quidem
1602 2812 1850 2869 diversis
1867 2829 2011 2869 cau-

349 2908 433 2964 sis
463 2908 759 2964 medentis
789 2911 848 2965 et
871 2907 1210 2964 miserentis
1242 2905 1376 2974 Dei;
1410 2905 1490 2961 ad
1509 2906 1672 2961 mala
1699 2918 1862 2970 vero,
1881 2901 2012 2958 nul-

347 2997 423 3056 lis
451 2997 568 3055 nisi
595 2997 852 3073 proprise
876 2996 1282 3071 perversitatis
1315 2995 1545 3052 meritis
1573 2992 1970 3065 exigentibus.

775 3122 896 3162 DEF.
929 3120 1095 3175 xvni,
1125 3119 1254 3160 CAP.
1284 3107 1338 3174 6,
1371 3118 1529 3158 sncr.
1563 3101 1613 3156 1.

415 3200 456 3252 Θ
477 3194 670 3253 Dicis:
719 3195 977 3251 Nullum
1004 3192 1698 3264 peccatumjnullamque
1738 3189 1865 3258 ejus
1891 3201 2008 3257 pte-

341 3300 487 3343 nam
509 3283 760 3343 aliunde
786 3283 979 3354 nasci,
1001 3283 1122 3339 nisi
1133 3282 1391 3353 propria
1421 3281 1675 3338 hominis
1697 3279 2009 3336 voluntate

342 3375 531 3433 libero
554 3375 716 3432 male
742 3374 966 3431 utentis
1004 3372 1285 3430 arbitrio.

410 3467 454 3537 +
501 3463 960 3538 Respondemus
996 3477 1011 3518 :
1067 3465 1394 3518 Peccamus
1449 3460 1697 3533 propria
1740 3458 2003 3515 hominis

337 3553 648 3611 voluntate
676 3552 878 3611 nasci:
905 3566 1154 3625 pcenam
1178 3566 1325 3608 vero
1357 3550 1488 3622 ejus
1518 3553 1638 3607 Deo
1653 3549 1817 3621 justo
1847 3546 2005 3620 judi-

338 3658 408 3701 ce
435 3642 709 3716 irrogari.

767 3766 891 3810 DEF.
916 3763 1041 3820 xxx,
1072 3764 1203 3806 CAP.
1231 3750 1285 3818 8,
1333 3763 1486 3805 sacr.
1514 3753 1566 3804 5.

406 3861 447 3913 Θ
481 3856 679 3914 Dicis:
712 3855 886 3913 Sicut
927 3853 1195 3912 animale
1241 3867 1458 3923 corpus
1507 3851 1774 3922 potuisse
1821 3855 1994 3923 mori,

333 3947 481 4020 quia
510 3947 713 4004 adhuc
763 3960 886 4001 non
920 3949 1052 4001 erat
1096 3943 1454 4014 perfectum,
1485 3941 1550 3998 id
1575 3947 1659 3999 est
1685 3943 1993 4011 spiritale:

332 4037 422 4095 ita
447 4038 816 4094 voluntatem
849 4034 1098 4092 liberam
1143 4031 1346 4090 adhuc
1392 4032 1715 4089 animalem
1762 4033 1994 4105 merito,

332 4128 478 4200 quia
501 4127 821 4184 mortalem
856 4125 1127 4195 potuisse
1153 4136 1437 4195 peccare:
1479 4122 1764 4194 quoniam
1793 4123 1996 4180 adhuc

331 4231 455 4273 non
487 4222 632 4274 esset
646 4215 945 4285 perfecta.
1265 4289 1271 4296 _

400 4307 446 4376 σι-
474 4303 973 4376 Respondemus:
1007 4304 1140 4358 Non
1181 4300 1319 4357 ideo
1341 4315 1630 4374 peccasse
1658 4301 1992 4370 hominem,

330 4393 476 4466 quia
500 4391 777 4449 nondum
794 4395 922 4448 erat
949 4389 1368 4465 spiritalis,sed
1387 4390 1531 4463 quia
1542 4390 1618 4446 de
1647 4391 1836 4448 nihilo
1855 4407 1994 4448 con-

329 4483 512 4554 ditus,
535 4498 661 4540 non
689 4482 765 4539 de
783 4481 1048 4538 Factoris
1065 4480 1402 4537 substantia
1420 4480 1614 4538 fuerat
1633 4481 1990 4556 editus,pro-
2017 4488 2063 4546 D

325 4571 463 4644 pria
489 4570 800 4629 voluntate
831 4585 960 4627 sese
1013 4585 1051 4626 a
1096 4585 1338 4626 summo
1365 4569 1531 4626 bono
1561 4570 1772 4628 avertit
1803 4575 1984 4644 atque

325 4660 654 4720 avertendo
691 4659 993 4718 intumuit.
1047 4662 1199 4717 Nam
1256 4662 1314 4715 et
1361 4658 1643 4716 diabolus
1686 4675 1812 4717 non
1849 4660 1986 4718 ideo

322 4751 596 4827 peccavit
615 4750 760 4825 quia
803 4749 1080 4808 nondum
1109 4752 1267 4806 esset
1295 4748 1596 4821 spiritalis,
1655 4749 1831 4822 cujus
1861 4752 1986 4810 tota

321 4846 542 4900 natura
572 4839 874 4915 spiritalis,
906 4839 1028 4896 imo
1058 4838 1303 4912 spiritus
1335 4836 1579 4895 condita
1621 4838 1844 4910 fuerat;
1877 4840 1985 4898 sed

319 4930 466 5004 quia
487 4935 544 4988 et
567 4931 694 5003 ipse
725 4929 801 4986 de
828 4927 1015 4985 nihilo
1039 4927 1252 4998 factus,
1281 4925 1471 4982 voluit
1497 4927 1664 5000 quod
1683 4928 1830 4986 velle
1857 4945 1984 4986 non

319 5021 548 5080 debuit.
581 5019 874 5077 Voluntas
894 5032 1140 5092 quoque
1168 5032 1294 5073 non
1321 5016 1457 5074 ideo
1482 5033 1734 5090 peccare
1762 5019 1978 5093 potuit,

2162 512 2434 582 luntatis,
2467 519 2590 574 sive
2617 520 2682 576 in
2711 537 2958 580 munere
2985 525 3402 597 intelligentiae
3431 529 3693 589 dicatur.

2225 602 2269 672 -ι-
2300 605 2795 678 Respondemus:
2850 612 3263 672 Falsissimam
3301 633 3431 675 esse
3455 619 3632 678 talem
3653 623 3822 681 diffe-

2153 691 2407 748 rentiam
2439 712 2452 751 :
2478 696 2772 768 quoniam
2787 699 3065 758 voluntas
3090 703 3356 761 hominis
3382 723 3507 764 non
3535 713 3624 766 est
3642 717 3818 769 natu-

2151 783 2395 873 ra-ejus,
2426 781 2685 842 liberum
2713 803 2857 845 vero
2883 790 3200 848 arbitrium
3229 794 3380 850 nihil
3423 795 3590 854 aliud
3627 816 3818 873 quam

2149 868 2522 930 voluntatem
2564 873 2875 948 libertatis,
2921 878 2986 935 id
3035 885 3125 938 est
3153 881 3505 943 electionem
3545 868 3694 945 boui
3721 891 3818 948 vel

2149 959 2318 1032 mali,
2350 963 2574 1021 vocari.

2566 1088 2687 1130 nar.
2720 1091 2834 1144 xxi,
2871 1092 2996 1134 CAP.
3027 1077 3112 1145 10,
3145 1095 3297 1136 sscr.
3333 1084 3382 1137 1.

2219 1163 2264 1209 Θ
2296 1157 2476 1217 Dicis:
2544 1162 2660 1219 Dei
2696 1166 2987 1234 praescire
3042 1174 3148 1224 aut
3188 1170 3623 1240 praedestinare
3675 1191 3813 1246 pec-

2146 1251 2305 1338 cata,
2337 1251 2434 1306 vel
2462 1257 2731 1324 mortem,
2767 1257 2860 1312 vel
2882 1270 3099 1325 poenas
3122 1271 3147 1331 ,'
3167 1260 3474 1318 hominum
3503 1263 3599 1320 vel
3625 1281 3810 1338 ange-

2147 1334 2365 1403 lorum,
2396 1353 2434 1395 a
2464 1343 2773 1398 contrario
2799 1344 3279 1416 intelligendum.

2213 1425 2256 1495 -κε
2285 1429 2742 1500 Respendemus
2765 1450 2779 1488 :
2806 1432 2994 1491 Dcum
3023 1438 3306 1508 prwscire
3338 1444 3572 1501 tantum
3600 1459 3812 1518 pecca-

2143 1517 2223 1608 ta,
2263 1521 2520 1608 mortem
2549 1535 2689 1577 vero
2721 1521 2816 1577 vel
2845 1539 3082 1596 poenas,
3113 1530 3170 1583 et
3209 1532 3544 1602 prmscisse,
3585 1517 3812 1608 pariter

2140 1606 2198 1659 et
2216 1605 2674 1676 praedestinasse
2694 1629 2706 1666 :
2726 1626 2924 1685 neque
2958 1629 2996 1670 a
3025 1618 3326 1676 contrario
3354 1605 3656 1681 ullatenus
3677 1639 3811 1681 sen-

2136 1693 2428 1752 tiendum.

2549 1823 2670 1864 DIF.
2705 1825 2836 1880 xxn,
2869 1827 2994 1870 CAP.
3038 1816 3128 1886 10,
3159 1829 3312 1875 BEC‘I‘.
3339 1823 3396 1876 3.

2209 1896 2248 1945 6
2282 1892 2474 1951 Dicis:
2500 1895 2685 1955 Omne
2707 1901 2938 1958 malum
2960 1909 3303 1977 peccatum,
3334 1912 3391 1965 et
3409 1909 3540 1980 eius
3552 1925 3804 1981 paenam

2135 1995 2276 2052 esse,
2308 1988 2365 2039 et
2394 1983 2518 2040 have
2537 1986 2696 2042 nihil
2724 2003 2864 2045 esse.

2204 2071 2247 2140 -Ξ-
2272 2074 2732 2161 Respondemus
2755 2094 2769 2134 :
2789 2080 3106 2138 Peccatum
3131 2083 3278 2140 nihil
3298 2101 3450 2159 esse,
3472 2090 3533 2144 at
3545 2103 3797 2161 pcenam

2132 2159 2264 2250 ejus
2283 2160 2508 2234 aliquid
2540 2179 2673 2220 esse
2695 2183 2708 2217 :
2732 2165 2791 2222 id
2824 2172 2912 2224 est
2940 2174 3246 2228 creaturas
3274 2175 3376 2230 Dei
3401 2159 3794 2250 quasﬁpecca-

2130 2249 2363 2307 toribus
2412 2253 2684 2340 poenales
2713 2255 3069 2325 efﬁciuntur,
3099 2264 3361 2335 exceptis
3390 2266 3477 2322 eis
3526 2249 3791 2340 peccatis

2127 2351 2264 2408 quae
2293 2352 2490 2410 pcente
2520 2338 2802 2397 dicuntur
2824 2344 3297 2415 praecedentium
3316 2338 3725 2422 peccatorum.

2538 2463 2659 2503 nar.
2690 2464 2850 2520 mu,
2883 2468 3011 2510 CAP.
3043 2452 3129 2524 10,
3163 2470 3283 2513 ssc.
3314 2461 3368 2514 5.

2195 2557 2235 2607 Θ
2266 2553 2447 2612 Dicis:
2470 2556 2722 2616 Mortem
2737 2560 3155 2636 miseriamque
3165 2567 3602 2637 suppliciorum
3621 2576 3789 2628 mter-

2122 2645 2357 2702 nalium
2388 2648 2630 2704 omnino
2660 2649 2817 2706 nihil
2846 2666 3004 2709 esse:
3038 2668 3110 2711 ac
3130 2670 3244 2726 per
3265 2657 3377 2715 hoc
3400 2675 3509 2717 nec
3531 2663 3784 2731 praesci-

2124 2734 2197 2801 ri,
2229 2750 2337 2791 nec
2364 2737 2814 2806 prcedestinari.

2191 2824 2233 2894 -ι-
2255 2823 2746 2897 Respondemus:
2779 2831 3022 2888 Mortem
3044 2832 3292 2905 quidem
3320 2851 3429 2908 per
3458 2853 3520 2894 se
3549 2853 3675 2896 non
3693 2855 3787 2897 es-

2119 2926 2182 2966 se
2213 2915 2527 2969 naturam:
2563 2917 3008 2988 separationem
3036 2924 3242 2979 tamen
3272 2923 3512 2998 animae,
3554 2931 3612 2983 et
3648 2944 3785 2985 cor-

2118 2999 2301 3071 poris,
2330 3005 2386 3058 et
2437 3019 2649 3076 pinnas
2697 3007 3124 3075 gehennalium
3166 3015 3624 3085 tormentorum,
3653 3032 3785 3074 non

2117 3087 2232 3143 nisi
2255 3090 2374 3146 Deo
2392 3091 2596 3161 judice
2625 3092 2773 3164 ﬁeri,
2802 3111 2873 3152 ac
2898 3113 3008 3170 per
3033 3098 3152 3156 hoc
3170 3103 3228 3158 et
3256 3102 3518 3174 praesciri
3537 3103 3617 3162 ab
3644 3103 3784 3178 ipso

2116 3180 2174 3234 et
2190 3178 2630 3251 prmdestinari.

2436 3302 2556 3344 nar.
2576 3305 2727 3360 xx1v,
2751 3305 2881 3351 CAP.
2917 3292 3002 3351 ll.
3034 3310 3087 3352 τ.
3115 3311 3182 3352 ετ
3213 3312 3364 3355 sac'r.
3402 3303 3452 3357 1.

2185 3397 2224 3447 Θ
2256 3394 2447 3451 Dicis:
2480 3397 2616 3453 Non
2644 3413 2766 3455 esse
2807 3400 2924 3457 Dei
2946 3403 3530 3471 praedestinationem
3556 3409 3677 3466 nisi
3701 3411 3780 3470 de

2116 3481 2207 3539 his
2236 3486 2343 3554 qui
2362 3488 2706 3555 praeparati
2727 3495 2867 3545 sunt
2897 3491 2980 3546 ad
3009 3498 3298 3552 arternam
3321 3497 3697 3566 felicitatem.

2185 3574 2228 3643 -ι-
2257 3574 2760 3647 Respondemus:
2799 3579 2855 3636 Si
2881 3579 2965 3637 ita
3009 3586 3117 3651 est,
3147 3599 3261 3641 nec
3308 3586 3412 3642 Dei
3449 3588 3774 3660 judicium,

2109 3661 2226 3719 nisi
2251 3664 2325 3720 de
2351 3664 2444 3721 his
2474 3682 2604 3722 esse
2649 3668 2756 3741 qui
2784 3673 3108 3744 praeparati
3160 3680 3300 3732 sunt
3356 3677 3436 3733 ad
3482 3682 3775 3736 aeternam

2106 3751 2489 3812 felicitatem:
2524 3758 2722 3814 omnis
2775 3760 3003 3834 quippe
3042 3763 3146 3820 Dei
3195 3766 3642 3838 praedestinatio
3690 3771 3774 3829 ad

2107 3842 2235 3913 ejus
2259 3843 2665 3916 justissimum
2675 3847 2972 3920 judicium
2991 3853 3265 3925 pertinet.

2522 3971 2642 4012 nar.
2674 3972 2818 4029 xxv,
2849 3973 2974 4015 CAP.
3005 3959 3089 4032 11,
3122 3977 3274 4021 secr.
3303 3966 3354 4020 1.

2175 4070 2214 4120 Θ
2229 4067 2404 4126 Dicis:
2433 4069 2692 4128 Abusive
2721 4074 3135 4147 translataque
3152 4075 3276 4133 dici
3285 4072 3570 4148 praescire
3580 4083 3768 4140 Deum

2103 4161 2159 4213 et
2183 4159 2644 4227 praedestinare.

2174 4247 2218 4317 -ι-
2244 4248 2736 4321 Respondemus:
2773 4250 2997 4308 Verum
3027 4269 3158 4312 esse
3196 4256 3304 4313 sed
3349 4257 3665 4329 abusione,
3705 4263 3767 4317 et

2103 4337 2498 4395 translatione
2518 4338 2688 4409 nulli,
2715 4345 2931 4414 printer
2957 4342 3162 4419 ipsum
3185 4347 3426 4421 proprie
3455 4353 3513 4407 et
3537 4349 3764 4423 princi-

2099 4425 2314 4499 paliter
2343 4428 2683 4486 convenire.

2493 4561 2614 4602 nar.
2644 4561 2806 4618 xm,
2839 4562 2966 4605 CAP.
3007 4549 3094 4617 11,
3127 4565 3286 4609 sacr.
3311 4553 3368 4615 1.

2169 4663 2210 4714 Θ
2239 4659 2396 4716 Dicis
2423 4678 2438 4717 :
2472 4662 2710 4730 Quoties
2731 4663 2957 4719 dicitur
2981 4665 3142 4720 Deus
3183 4667 3498 4735 praescisse
3520 4675 3577 4726 et
3600 4685 3764 4741 pras-

2097 4749 2426 4807 destinasse
2478 4752 2690 4820 impios
2739 4751 2822 4807 ad
2893 4752 3203 4810 interitum
3250 4756 3346 4812 vel
3391 4759 3762 4829 supplicium

2094 4844 2407 4909 aeternum,
2429 4855 2547 4907 pro
2575 4853 2697 4893 non
2713 4840 3026 4908 praescisse
3054 4847 3108 4898 et
3139 4859 3260 4900 non
3279 4847 3757 4914 praedestinasse.

2163 4927 2207 4996 -ι-
2259 4925 2758 4998 Respondemus:
2816 4926 3056 4985 Nullum
3109 4936 3458 4989 sanctorum
3509 4937 3760 4994 Patrum

2088 5020 2250 5070 hanc
2281 5015 2688 5088 perversxtatis
2713 5016 3015 5074 insaniam
3037 5017 3358 5077 admisisse
3378 5039 3392 5089 ;
3410 5021 3610 5079 sedita
3623 5039 3760 5082 om-

316 5111 612 5185 quoniam
641 5110 841 5167 adhuc
865 5125 991 5166 non
1006 5111 1133 5164 erat
1150 5106 1434 5180 perfecta,
1467 5107 1574 5164 sed
1601 5109 1746 5182 quia
1765 5113 1979 5182 sponte
2085 5119 2194 5160 nes
2223 5108 2431 5162 sancto
2466 5121 2711 5179 quoque
2757 5107 3065 5178 Fulgentio
3092 5113 3430 5183 exponente
3471 5112 3753 5186 sensisse,

315 5218 382 5259 se
412 5218 451 5259 a
478 5217 619 5258 vero
645 5199 964 5256 liberatore
993 5201 1051 5254 et
1071 5196 1364 5255 salvatore
1395 5199 1606 5256 avertit
1642 5202 1853 5257 auctor
1875 5215 1978 5257 vo-

309 5291 580 5361 luntatis,
607 5305 796 5364 quam
825 5287 1142 5346 mortalem
1161 5287 1339 5362 quasi
1363 5291 1645 5347 naturam
1672 5287 1975 5364 ineptissi-

306 5399 408 5442 me
435 5395 780 5455 nuncupas.

770 5504 892 5545 nar.
923 5503 1024 5557 xx,
1054 5502 1180 5544 CAP.
1213 5491 1270 5560 8,.
1290 5502 1446 5548 SECT.
1471 5490 1504 5546 9

374 5605 416 5653 Θ
447 5599 603 5656 Dicis
630 5616 644 5656 :
683 5600 885 5657 Talem
914 5613 1035 5654 esse
1063 5598 1468 5668 di/ferentiam
1521 5598 1680 5655 inter
1713 5599 1964 5658 liberum

301 5689 557 5746 hominis
582 5689 925 5757 arbitrium,
955 5693 1010 5745 et
1042 5689 1171 5758 ejus
1199 5687 1620 5757 substantiam,
1644 5695 1711 5744 ut
1736 5697 1963 5749 natura

299 5776 364 5829 in
386 5778 693 5833 voluntate
722 5776 1047 5834 rationali:
1085 5775 1337 5834 liberum
1371 5791 1508 5836 vero
1531 5778 1855 5838 arbitrium
1885 5782 1945 5838 in

2085 5194 2612 5266 quemadmodum
2649 5196 2954 5271 hodieque
2993 5198 3291 5257 catholica
3334 5201 3520 5258 sensit
3557 5204 3754 5260 Eccle—

2084 5282 2208 5341 sia:
2267 5284 2414 5357 quia
2445 5283 2600 5341 sicut
2630 5285 2922 5344 veraciter
2955 5285 3174 5344 dicitur
3197 5287 3506 5360 judicasse
3549 5288 3750 5346 bonos

2080 5373 2162 5431 ad
2191 5373 2471 5447 gloriam,
2494 5373 2691 5432 malos
2722 5375 2804 5432 ad
2839 5389 3091 5448 poenam
3116 5393 3130 5446 ;
3157 5376 3241 5434 ita
3286 5376 3577 5436 veraciter
3603 5376 3750 5434 dici-

2080 5466 2178 5522 tur
2201 5463 2671 5538 prwdestinasse
2710 5464 2911 5523 bonos
2963 5464 3045 5524 ad
3097 5480 3377 5538 regnum,
3421 5465 3620 5525 malos
3661 5464 3746 5525 ad

2077 5559 2473 5614 tormentum.

2463 5683 2583 5725 nar.
2614 5682 2797 5735 xxvu,
2831 5682 2957 5727 CAP.
2991 5667 3051 5723 11
3063 5710 3080 5740 ,
3109 5683 3259 5724 sacr.
3291 5667 3342 5722 1.

2145 5787 2185 5839 Θ
2215 5783 2404 5842 Dicis:
2435 5783 2506 5841 Si
2555 5784 2713 5842 enim
2747 5783 3168 5856 praedestinati
3208 5788 3370 5852 sunt,
3401 5783 3733 5844 necessario
