3950 6400
152 270 289 324 1357

868 269 959 323 DE
999 266 1376 326 PRIEDEST.
1420 266 1707 325 CONTRA
1743 266 1792 320 1.
1834 263 2127 321 SCOTUM.
2171 295 2239 304 —
2279 263 2861 323 RECAPITULATIO.

3446 267 3587 322 1358

144 391 452 461 peribunt,
476 404 806 463 paruosque
838 393 1154 461 patientur
1194 391 1609 449 inevitabiles:
1654 387 1817 462 quod
1845 394 1894 447 Α
1929 388 2195 461 primum
2238 389 2460 446 electus
2501 394 2611 462 est,
2639 389 2777 446 licet
2821 389 2961 461 post
3011 386 3276 445 avaritiae
3323 389 3593 461 pondere

147 482 204 536 si
252 481 342 537 ita
387 485 493 547 est,
543 481 833 553 quomodo
875 483 1043 551 juste
1098 481 1486 551 judicabitur
1534 479 1818 544 mundus,

147 585 323 641 quem
352 570 670 627 necessitas
697 570 1247 639 praedestinationis
1282 572 1439 642 cogit
1461 570 1669 641 perire
1688 571 1717 624 ?

223 659 266 730 τ’
314 656 807 730 Respondemus:
885 658 1107 715 Eadem
1165 657 1690 729 argumentatione
1748 653 1825 711 de

153 746 377 805 sanctis
423 763 602 820 posse
639 747 777 804 dici.
812 747 870 804 Si
901 747 1063 804 enim
1090 746 1500 820 praedestinati
1531 750 1693 813 sunt,
1719 759 1827 801 ne-

154 836 416 894 cessario
446 836 867 908 salvabuntur,
900 852 1279 910 regnumque
1325 836 1660 910 percipient
1699 834 1827 890 ine-

155 926 421 984 vitabile.
452 926 625 993 Quod
677 926 726 983 si
769 926 854 983 ita
895 931 1001 995 est,
1034 927 1345 999 quomodo
1393 926 1555 998 juste
1596 923 1829 997 judica-

157 1015 322 1072 bitur
358 1014 651 1087 mundus,
679 1031 864 1088 quem
911 1016 1237 1072 necessitas
1285 1010 1828 1088 prmdestinationis

158 1105 322 1176 cogit
368 1104 633 1161 salvari?
677 1103 787 1160 Ubi
836 1103 998 1161 enim
1048 1104 1375 1161 necessitas
1418 1103 1687 1170 infertur,
1740 1100 1831 1157 vis

157 1193 622 1267 quodammodo
649 1190 1040 1265 impenditur,
1065 1209 1188 1249 non
1220 1192 1412 1264 gratia
1437 1195 1828 1265 praerogatur.

554 1316 677 1355 nar.
702 1315 903 1368 xxvm,
933 1315 1059 1356 CAP.
1089 1303 1175 1371 11,
1208 1315 1363 1356 ΒΕΟΤ.
1397 1302 1451 1355 3.

235 1412 277 1461 8
327 1407 514 1464 Dicis:
566 1407 826 1464 Sanctus
882 1407 1237 1478 Scripturas
1288 1406 1729 1477 praescientiam
1780 1408 1837 1460 et

161 1497 753 1568 praedestinationem
773 1511 895 1552 non
926 1496 1046 1551 nisi
1072 1496 1136 1552 in
1165 1496 1309 1552 solis
1337 1496 1564 1552 sanctis
1588 1506 1833 1566 ponere.

237 1586 282 1655 -ι-
312 1583 811 1657 Respondemus:
848 1586 969 1640 Deo
997 1599 1112 1641 nos
1143 1584 1347 1657 potius
1378 1583 1620 1641 credere
1649 1597 1839 1656 quam

165 1673 297 1731 tibi.
351 1674 485 1746 Ipse
531 1673 694 1729 enim
739 1671 803 1728 in
859 1671 1014 1729 libro
1059 1674 1133 1729 1V
1182 1676 1414 1744 Regum
1461 1687 1570 1745 per
1617 1670 1843 1728 Isaiam

1929 477 2121 535 factus
2151 479 2223 534 sit
2246 478 2546 547 inimicus,
2576 483 2755 553 teque
2786 477 3195 535 contradicere
3224 478 3345 534 Deo
3373 477 3597 535 dicenti

1929 582 2038 641 per
2063 567 2480 625 Psalmistam:
2525 569 2604 624 Et
2642 571 2696 625 si
2732 568 3011 624 inimicus
3048 567 3455 624 maledixisset
3484 568 3596 624 mi-

1933 659 2017 727 hi,
2044 659 2454 716 sustinuissem
2499 660 2725 731 utique.
2764 659 2844 715 Et
2887 659 2941 714 si
2980 659 3030 714 is
3076 658 3181 729 qui
3227 658 3438 716 oderat
3482 672 3598 728 me,

1932 763 2113 819 super
2140 763 2233 805 me
2273 763 2498 820 magna
2524 750 2757 806 locutus
2784 748 3021 819 fuisset,
3047 747 3484 804 absco’ndissem
3509 761 3604 804 me

1930 836 2197 907 forsitan
2245 838 2321 895 ab
2363 853 2449 896 eo.
2489 839 2576 893 Tu
2625 852 2764 894 vero
2803 836 3132 903 unanimis,
3164 836 3294 894 duo:
3334 851 3519 906 meus,
3546 840 3604 893 et

1936 933 2112 984 notus
2141 942 2325 996 meus,
2354 928 2464 1000 qui
2497 928 2679 984 simul
2706 942 2934 984 mecum
2980 926 3184 983 dulces
3214 926 3490 997 cupiebas
3520 927 3605 983 ci-

1941 1016 2078 1087 bos;
2123 1018 2188 1072 in
2230 1017 2403 1073 domo
2455 1017 2567 1073 Dei
2620 1016 3064 1073 ambulavimus
3124 1031 3257 1072 cum
3317 1029 3607 1073 consensu

1940 1107 2066 1173 (Ps.
2100 1122 2211 1172 LIV,
2249 1106 2458 1177 13-15).
2492 1108 2556 1162 Et
2578 1104 2759 1162 item:
2791 1106 3034 1162 Etenim
3056 1105 3229 1162 homo
3242 1105 3415 1176 pacis
3441 1119 3606 1174 mea,

1940 1195 2006 1250 in
2033 1210 2148 1265 quo
2173 1195 2444 1264 speravi:
2473 1194 2580 1265 qui
2616 1194 2822 1252 edebat
2838 1209 3026 1265 panes
3050 1209 3226 1262 meos,
3260 1195 3612 1267 magniﬁca-

1942 1283 2026 1340 vit
2054 1297 2238 1352 super
2262 1299 2356 1341 me
2382 1284 2938 1353 supplantationem
2970 1282 3090 1355 (Ps.
3122 1299 3219 1353 XL,
3258 1282 3364 1355 10).

2327 1406 2447 1446 ηερ.
2475 1406 2678 1459 xxxrv,
2708 1406 2832 1447 CAP.
2869 1394 2954 1459 l3,
2986 1406 3136 1447 SECT.
3167 1392 3223 1445 4.

2016 1501 2057 1550 Θ
2083 1495 2268 1553 Dicis:
2297 1498 2644 1554 Peccatores
2674 1497 2914 1554 relictos
2949 1501 3172 1555 κίενηο
3192 1497 3324 1568 igni
3350 1497 3613 1568 plecten-

1946 1585 2073 1643 dos.

2020 1676 2062 1745 -ι-
2082 1674 2543 1749 Respondemus
2571 1691 2585 1731 :
2618 1677 2748 1731 Non
2777 1673 3012 1731 relictos
3041 1673 3262 1742 solum,
3294 1672 3403 1730 sed
3431 1673 3616 1730 etiam

167 1763 533 1838 prophetam
562 1765 773 1819 contra
810 1761 1216 1819 Sennacherib
1262 1762 1530 1835 loquitur
1555 1761 1709 1818 inter
1734 1775 1844 1817 cae-
1871 1750 1914 1806 Β
1947 1764 2427 1837 praedestinatos,
2472 1765 2775 1837 judicatos
2815 1781 2887 1822 ac
2929 1764 3179 1822 traditos
3222 1769 3445 1822 aeterno
3491 1763 3619 1837 igni

171 1857 300 1910 tera
328 1870 341 1908 :
373 1851 808 1908 Habitaculum
834 1857 1023 1918 tuum,
1047 1856 1106 1909 et
1129 1866 1429 1923 egressum
1452 1856 1646 1923 tuum,
1673 1856 1728 1908 et
1754 1850 1843 1906 in-

174 1943 423 1999 troitum
454 1945 646 2013 tuum,
677 1947 734 1997 et
780 1941 941 1998 viam
971 1945 1137 1998 tuam
1164 1956 1269 2012 ego
1290 1941 1598 2012 praescivi,
1655 1945 1713 1998 et
1736 1940 1842 2011 fu-

173 2047 375 2089 rorem
422 2036 590 2088 tuum
635 2035 850 2087 contra
899 2045 1010 2087 me.
1062 2032 1354 2087 Insanisti
1393 2032 1459 2087 in
1500 2045 1612 2101 me,
1653 2035 1708 2086 et
1751 2043 1845 2085 su-

163 2122 383 2194 perbia
425 2127 532 2179 tua
580 2119 848 2178 ascendit
891 2121 957 2177 in
999 2135 1178 2178 aures
1209 2135 1370 2178 meas
1403 2121 1518 2193 (IV
1537 2121 1682 2192 Reg.
1725 2134 1845 2184 xxx,

167 2213 283 2278 27).
328 2212 476 2268 Item
530 2223 639 2281 per
679 2208 1041 2265 Jeremiam:
1092 2208 1454 2265 Audiuimus
1498 2207 1843 2278 superbiam

166 2299 386 2356 Moab:
417 2297 707 2368 superbus
755 2302 841 2354 est
888 2297 1104 2367 valde;
1153 2298 1575 2354 sublimitatem
1609 2298 1757 2367 ejus,
1790 2301 1845 2353 et

168 2388 611 2460 arrogantiam,
638 2392 695 2444 et
725 2386 1094 2458 superbiam,
1123 2394 1177 2443 et
1215 2387 1597 2444 altitudinem
1645 2385 1843 2443 cordis

168 2478 343 2534 illius
380 2492 487 2549 ego
523 2477 666 2542 scio,
699 2477 787 2534 ait
834 2477 1148 2548 Dominus,
1189 2476 1561 2547 jactantiam
1606 2476 1758 2546 eius,
1790 2478 1847 2532 et

169 2567 334 2639 quod
382 2580 505 2622 non
551 2566 627 2621 sit
665 2567 859 2636 juxta
905 2580 1035 2622 eam
1081 2566 1274 2621 virtus
1323 2565 1474 2634 ejus,
1507 2578 1616 2620 nec
1653 2565 1847 2634 juxta

173 2655 600 2728 quodpoterat
628 2659 848 2712 conata
875 2655 953 2712 sit
980 2655 1186 2725 facere
1210 2654 1357 2727 (Jer.
1379 2670 1582 2721 vam,
1605 2657 1696 2724 29,
1729 2652 1842 2723 30).

172 2747 243 2801 Et
269 2744 634 2818 Apostolus:
673 2745 798 2802 Nos
841 2744 1001 2800 Deus
1032 2745 1211 2815 elegit
1252 2744 1495 2801 ultimos
1522 2743 1842 2814 apostolos,

174 2835 342 2891 velut
362 2835 543 2890 morti
559 2834 887 2891 destinatos
914 2833 974 2902 (I
990 2834 1134 2891 Cor.
1158 2848 1234 2901 ιν,
1267 2833 1344 2905 9).

247 2957 367 2998 nar.
400 2957 563 3010 xxix,
598 2957 722 2997 CAP.
760 2945 846 3009 11,
880 2955 1034 2997 an'r.
1061 2943 1126 3009 2;
1156 2956 1221 2995 nr
1248 2955 1375 2996 CAP.
1412 2939 1498 3008 l2,
1532 2955 1683 2995 secr.
1715 2940 1771 2994 2.

245 3056 287 3105 8
319 3049 476 3106 Dicis
500 3066 527 3104 ε-
547 3049 955 3120 Augustinum
972 3048 1288 3120 aliquoties
1319 3048 1383 3104 in
1404 3047 1674 3118 reprobis
1684 3061 1845 3116 pra:-

173 3140 635 3199 destinationem
666 3153 705 3195 a
734 3139 1042 3195 contrario
1065 3139 1352 3208 posuisse.

243 3232 287 3302 -ι-
316 3226 818 3302 Respondemus:
870 3229 927 3282 8.
967 3226 1259 3298 Fulgentii
1297 3226 1700 3284 voracissimte
1747 3241 1844 3282 ex-

172 3318 465 3395 positioni
492 3333 605 3374 nos
635 3316 929 3384 assentiri,
958 3331 1081 3374 non
1126 3322 1240 3373 tuae
1268 3315 1605 3373 falsissimm
1634 3315 1846 3389 depra-

172 3408 427 3468 vationi.

259 3532 383 3572 nar.
414 3531 557 3584 xxx,
584 3529 708 3571 CAP.
743 3513 831 3585 12,
863 3529 1013 3571 βεστ.
1044 3518 1075 3570 5
1103 3531 1117 3582 ;
1150 3530 1220 3569 ET
1248 3529 1374 3570 CAP.
1406 3517 1492 3584 15,
1521 3528 1670 3569 sncr.
1703 3514 1757 3568 4.

246 3620 288 3670 8
314 3613 505 3671 Dicis:
553 3612 797 3670 Omnem
839 3613 1282 3683 pra’scientiam
1311 3612 1423 3668 Dei
1444 3611 1846 3681 praedestina-

173 3708 399 3763 tionem
446 3719 587 3775 esse,
642 3708 696 3760 et
750 3718 982 3761 omnem
1042 3703 1635 3773 prwdestinationem
1691 3716 1845 3772 prz-

171 3796 508 3855 scientiam.

248 3889 293 3959 ιι-
316 3884 810 3960 Respondemus:
845 3883 1087 3941 Falsum
1112 3899 1263 3954 esse,
1287 3883 1582 3958 quoniam
1607 3882 1848 3958 praescit

175 3981 337 4037 Deus
359 3978 613 4050 peccata
634 3990 773 4047 quae
800 3989 927 4030 non
954 3972 1364 4047 praedestinat.

490 4099 610 4140 per.
636 4098 802 4151 xxxx,
832 4097 957 4138 CAP.
990 4085 1078 4152 12,
1106 4097 1158 4136 r.
1191 4097 1256 4137 nr
1288 4097 1440 4138 secr.
1473 4083 1529 4136 4.

250 4191 298 4237 Θ
323 4181 516 4240 Dicis:
554 4183 797 4238 Omnem
825 4179 1414 4251 prwdestinationem
1462 4179 1574 4237 Dei
1602 4179 1846 4236 omnino

174 4288 302 4334 esse
322 4272 832 4345 praeparationem
859 4269 1087 4341 gratia.

192 4374 202 4381 ‘
249 4366 295 4435 -ι-
324 4360 815 4436 Respondemus:
851 4362 919 4416 Et
943 4359 1061 4415 hoc
1084 4357 1311 4415 falsum
1335 4373 1486 4430 esse,
1519 4357 1666 4431 quia
1694 4373 1847 4431 prae-

1948 1853 2318 1927 plectendos.

2344 1960 2467 2000 per.
2487 1959 2669 2012 xxxv,
2702 1958 2826 1999 CAP.
2867 1945 2953 2011 14,
2983 1956 3139 2001 εεετ.
3173 1943 3221 1999 1.

2024 2038 2064 2087 8
2088 2032 2277 2089 Dicis:
2309 2033 2410 2089 Ea:
2438 2033 2633 2090 verbis
2668 2033 2999 2103 Augustini
3014 2031 3277 2103 probari
3320 2031 3622 2103 praedesti-

1951 2129 2126 2180 natos
2155 2138 2276 2179 non
2297 2124 2419 2179 nisi
2443 2123 2516 2180 de
2534 2124 2718 2193 justis
2742 2122 2882 2179 dici.
3580 2190 3593 2201 ν

2023 2214 2066 2283 -ι-
2091 2212 2586 2285 Respondemus:
2620 2215 2946 2285 Nunquam
2992 2212 3076 2270 ita
3118 2210 3383 2269 sensisse
3417 2216 3620 2283 Augu-

1955 2302 2204 2374 stinum,
2236 2318 2557 2375 nunquam
2581 2301 2829 2359 dixisse.

2340 2426 2462 2465 per.
2486 2424 2688 2480 xxxvx,
2719 2425 2846 2466 CAP.
2886 2409 2969 2478 14,
3003 2425 3153 2466 sscr.
3183 2410 3237 2465 4.

2026 2522 2066 2571 8
2096 2516 2287 2574 Dicis:
2320 2516 2552 2574 Contra
2583 2516 2837 2587 teipsum
2861 2531 3105 2586 poenam
3127 2515 3623 2596 praedestinatum

1949 2607 2388 2678 peccatoribus,
2446 2607 2605 2677 ipsos
2649 2621 2787 2663 vero
2829 2607 3137 2676 praescitcs
3185 2610 3446 2679 tantum,
3496 2622 3621 2662 non

1949 2698 2431 2768 przdestinatos.

2025 2790 2068 2860 -ί-
2096 2787 2590 2861 Respondemus:
2635 2787 2790 2845 Licet
2838 2787 2946 2844 tibi
2976 2787 3278 2845 contraria
3327 2786 3620 2861 proferas,

1952 2883 2368 2935 verumtamen
2411 2876 2637 2933 dixisse
2680 2893 2928 2950 pmnam
2957 2877 3451 2951 praedestinatum
3480 2891 3623 2950 pec-

1956 2968 2281 3036 caloribus,
2307 2968 2596 3040 ipsosque
2623 2983 2749 3023 non
2776 2970 3012 3024 tantum
3054 2967 3386 3040 praescitos,
3411 2982 3623 3023 verum

1872 3106 1917 3160 ο
1956 3058 2137 3116 etiam
2170 3055 2654 3130 praedestinatos.

2324 3180 2445 3220 nar.
2479 3179 2698 3231 xxxvu,
2734 3178 2867 3235 cap.
2906 3162 2991 3235 l5,
3024 3178 3176 3218 δερ-ι’.
3208 3165 3259 3217 8.

2024 3268 2065 3316 Θ
2095 3261 2284 3317 Dicis:
2315 3262 2536 3318 Ptenas
2564 3262 2729 3317 mala
2759 3276 2900 3331 esse,
2923 3260 3172 3333 ideoque
3197 3275 3320 3317 non
3343 3274 3382 3318 a
3410 3260 3552 3329 Deo,
3584 3272 3624 3315 α

1956 3368 2075 3426 quo
2095 3368 2217 3408 non
2248 3353 2325 3408 sit
2346 3352 2596 3408 malum.

2023 3444 2065 3514 σι’
2096 3440 2552 3515 Respondemus
2578 3457 2590 3496 :
2626 3440 2816 3497 Deum
2839 3439 3063 3497 dixisse
3091 3456 3200 3514 per
3214 3439 3579 3513 prophetam
3604 3456 3618 3494 :

1951 3532 2079 3603 Ego
2108 3531 2400 3587 Dominus
2420 3530 2698 3599 formans
2726 3530 2937 3598 lucem,
2969 3533 3024 3585 et
3072 3543 3283 3586 creans
3306 3526 3625 3596 tenebras;

1948 3621 2183 3692 faciens
2201 3635 2438 3690 pacem,
2471 3623 2526 3675 et
2569 3633 2783 3675 creans
2828 3619 3016 3676 mala.
3046 3619 3178 3690 Ego
3205 3618 3498 3676 Dominus
3526 3616 3624 3686 fa-

1952 3710 2111 3767 ciens
2140 3710 2342 3766 omnia
2373 3708 2499 3764 hmc
2530 3708 2674 3778 (Isa.
2698 3724 2835 3773 XLV,
2866 3711 2946 3776 7).

2312 3832 2433 3872 per.
2458 3831 2707 3880 xxxvm,
2741 3831 2863 3870 CAP.
2899 3814 2985 3882 15,
3021 3829 3174 3871 secr.
3205 3818 3260 3870 8.

2026 3921 2065 3970 8
2094 3914 2281 3971 Dicis:
2310 3914 2499 3970 Deum
2520 3927 2641 3968 non
2656 3912 2883 3982 punire
2911 3926 3044 3983 qua?
3066 3912 3236 3981 fecit.

2023 4006 2067 4076 -ξ-
2096 4001 2590 4076 Respondemus:
2642 4000 2793 4056 Nihil
2836 4000 3002 4057 aliud
3056 4002 3246 4056 Deum
3297 3997 3623 4073 p1mire,id

1953 4098 2042 4150 est
2071 4091 2267 4166 pcnnis
2300 4089 2598 4159 addicere,
2630 4104 2818 4162 quam
2864 4088 3034 4162 quod
3063 4088 3237 4145 fecit:
3272 4087 3379 4144 sed
3409 4086 3621 4143 merito

1952 4182 2202 4258 peccati,
2233 4179 2402 4255 quod
2435 4179 2567 4252 ipse
2614 4195 2740 4235 non
2778 4179 2951 4236 fecit:
3001 4194 3126 4235 non
3152 4177 3314 4235 enim
3342 4178 3405 4234 in
3442 4177 3622 4234 beato

1951 4271 2062 4330 Job
2113 4274 2432 4344 peccatum
2484 4268 2733 4343 aliquod
2775 4268 3161 4342 puniebatur,
3223 4267 3331 4325 sed
3386 4270 3625 4325 tantum

1957 4376 2121 4433 caro,
2151 4375 2342 4434 quam
2392 4360 2549 4415 Deus
2594 4357 2751 4428 fecit,
2784 4363 2842 4415 et
2877 4358 3047 4432 quod
3085 4357 3373 4414 omnibus
3420 4355 3625 4426 majus
3738 4404 3745 4411 ,

174 4451 498 4513 destinavit
524 4454 681 4509 Deus
706 4446 1126 4525 peccatoribus
1169 4463 1408 4521 pmnas,
1440 4464 1580 4521 quae
1610 4463 1737 4505 non
1767 4447 1848 4506 ad
1877 4460 1925 4519 ι)
1960 4455 2067 4511 est.
2115 4455 2183 4508 In
2230 4448 2486 4507 Domino
2537 4451 2745 4505 nostro
2789 4450 2929 4504 Jesu
2978 4446 3209 4503 Christo
3264 4444 3415 4501 nihil
3458 4440 3627 4500 aliud

174 4542 459 4618 gratiam,
490 4540 597 4598 sed
627 4539 709 4599 ad
731 4537 1027 4611 justitiam
1051 4536 1212 4594 illius
1242 4536 1561 4612 pertinent.

494 4666 615 4706 nar.
646 4664 833 4712 xxxn,
865 4663 989 4704 CAP.
1028 4649 1114 4716 12,
1142 4660 1296 4703 sncr.
1331 4650 1363 4701 5
1394 4647 1454 4702 et
1476 4648 1530 4701 6.

256 4754 297 4803 8
326 4746 517 4806 Dicis:
544 4747 784 4805 Electos
812 4760 931 4817 pro
960 4759 1081 4801 non
1125 4744 1349 4815 electis,
1374 4743 1536 4813 ﬁlios
1584 4743 1698 4801 Dei
1730 4757 1850 4815 pro

181 4856 308 5000 ηοξ
324 4839 822 5003 gaudemus:
873 4928 1200 4999 Nunquam
1244 4924 1309 4982 id
1359 4927 1558 4983 Patres
1604 4924 1688 4985 ita
1724 4940 1855 4984 sen-

184 5035 358 5077 81880.

296 5143 418 5186 nar.
444 5140 651 5197 mm,
677 5140 801 5181 CAP.
839 5122 926 5193 l3,
958 5137 1110 5180 secr.
1148 5120 1169 5176 1
1200 5137 1266 5177 er
1294 5124 1329 5179 2
1357 5137 1372 5190 ;
1402 5137 1469 5178 nr
1499 5136 1624 5179 CAP.
1658 5120 1744 5191 15,

902 5228 1055 5270 sacr.
1081 5214 1140 5269 ι.

260 5314 302 5363 Θ
328 5306 523 5365 Dicis:
554 5306 829 5363 Electum
854 5302 1080 5361 Judam
1101 5317 1220 5373 pro
1245 5316 1368 5359 non
1397 5303 1603 5373 electo,
1626 5304 1681 5357 et
1712 5300 1858 5357 ami-

186 5415 348 5469 cum,
369 5398 478 5470 qui
499 5409 814 5467 nunquam
838 5408 961 5450 non
985 5391 1176 5463 fuerit
1218 5390 1519 5463 inimicus,
1552 5404 1592 5447 a
1620 5394 1857 5447 contra-

187 5490 284 5545 rio
314 5487 529 5558 accipi.

262 5579 305 5649 ’ί-
327 5575 783 5649 Respondemus
807 5591 820 5629 :
854 5572 1123 5629 Electum
1144 5569 1362 5626 ludam
1383 5568 1464 5625 ad
1484 5568 1858 5642 apostolatus

190 5666 485 5734 ofﬁcium,
542 5668 603 5722 et
648 5664 729 5721 ad
776 5679 932 5737 opus
987 5660 1085 5718 cui
1135 5659 1527 5731 congruebat,
1578 5657 1860 5731 quamvis

186 5770 319 5815 non
334 5755 681 5828 adregnum
697 5758 989 5813 aeternum
1005 5768 1018 5807 :
1044 5748 1315 5807 similiter
1331 5748 1599 5808 amicum
1610 5746 1860 5821 quando

1958 4542 2242 4618 punitum
2283 4544 2393 4607 est,
2438 4538 2555 4596 nisi
2597 4536 2765 4612 quod
2792 4537 2922 4610 ipse
2971 4535 3210 4605 fecerat,
3241 4533 3306 4592 id
3344 4536 3434 4590 est
3483 4546 3626 4591 caro

1957 4633 2169 4708 ipsius.

2345 4735 2465 4775 per.
2496 4732 2705 4788 xxxrx,
2732 4731 2854 4773 CAP.
2893 4715 2977 4784 l5,
3012 4729 3163 4771 ssc'r.
3187 4717 3242 4770 8.

2033 4826 2073 4875 8
2103 4818 2295 4876 Dicis:
2332 4819 2524 4875 Deum
2567 4816 2643 4873 ab
2688 4815 2771 4873 eis
2813 4827 2948 4885 quas
2972 4812 3119 4882 fecit
3148 4809 3467 4869 naturalia
3494 4823 3626 4865 mu-

1962 4925 2114 4968 nera
2135 4924 2257 4965 non
2283 4907 2515 4964 tollere.
2817 4907 2819 4909 ’

2033 5003 2076 5073 ιι-
2097 4996 2596 5073 Respondemus:
2647 4996 2838 5052 Deum
2886 5007 3078 5050 caecos
3120 4991 3337 5061 facere,
3386 4988 3627 5058 surdos,

1963 5094 2186 5161 mutos,
2218 5092 2277 5148 et
2301 5086 2572 5150 claudos,
2603 5087 2662 5143 et
2691 5082 2940 5152 steriles,
2971 5086 3029 5140 et
3066 5086 3282 5141 caetera
3314 5080 3554 5138 similia.

2507 5210 2629 5250 per.
2660 5209 2756 5262 xL,
2787 5208 2911 5250 CAP.
2943 5193 3010 5248 16
3037 5208 3090 5248 r.

2038 5304 2078 5352 8
2107 5295 2262 5354 Dicis
2287 5312 2300 5351 :
2331 5294 2526 5352 Nulla
2563 5297 2790 5350 natura
2814 5297 3102 5349 naturam
3124 5290 3359 5360 puniri.

2037 5390 2081 5459 -ι-
2105 5383 2605 5458 Respondemus:
2657 5379 2894 5437 Nullam
2921 5383 3203 5437 naturam
3232 5377 3348 5434 nisi
3393 5375 3473 5433 ab
3516 5374 3639 5432 alia

1967 5481 2187 5535 natura
2227 5472 2448 5548 puniri,
2479 5470 2755 5528 videlicet
2781 5473 3046 5526 creatam
3096 5470 3379 5522 naturam
3411 5481 3447 5521 a
3470 5480 3637 5520 crea-

1972 5568 2112 5625 trice
2164 5569 2401 5630 natura,
2448 5565 2516 5618 ut
2560 5562 2689 5633 ipse
2741 5559 2849 5632 qui
2904 5560 3095 5615 factor
3149 5561 3242 5614 cst
3284 5559 3639 5614 naturarum

1971 5660 2330 5723 creatarum,
2358 5652 2487 5726 ipse
2513 5651 2586 5708 sit
2606 5649 2817 5723 judex,
2846 5647 2975 5721 ipse
3002 5648 3269 5724 punitor,
3295 5646 3388 5705 vel
3409 5650 3641 5706 creatas

1976 5748 2226 5806 naturas
2255 5760 2292 5800 a
2320 5742 2538 5798 creatis
2565 5738 2815 5797 naturis.
