3950 6388
150 295 294 354 1361

945 295 1037 348 DE
1076 291 1430 348 PBEDEST.
1473 286 1766 346 CONTRA
1801 294 1808 337 4‘

1994 280 2188 342 )TUM.
2227 308 2297 326 ά-
2335 283 2892 344 REGAPITULATIO

3454 283 3588 348 136!

135 421 209 476 in
238 420 608 476 malevotam
640 420 907 475 animam
928 434 1051 474 non
1075 417 1351 480 introibit
1372 415 1690 485 sapientia,
1717 425 1824 467 nec
1854 410 1899 463 A
1938 418 2382 481 nam;mortcm
2405 418 2712 480 aeternam,
2730 413 2851 468 nisi
2861 413 3130 470 veritatis
3143 415 3590 491 ignorantiam;

141 509 456 568 habitabit
486 511 550 566 in
575 525 822 580 corpore
851 510 1087 566 subdito
1108 509 1370 579 peccatis
1389 507 1551 578 (Sap.
1584 520 1622 570 ι,
1654 504 1730 574 4).

583 634 703 673 nes.
727 633 844 683 Lm,
877 633 1001 673 car.
1030 621 1114 684 t7,
1148 630 1302 672 sscr.
1337 617 1391 670 4.

219 711 264 760 Θ
298 706 453 764 Dicis
483 707 914 764 :Przesentiam
939 712 994 762 et
1028 706 1457 762 habitatione»:
1504 703 1618 759 Dei
1634 702 1696 758 in
1731 701 1822 756 his

147 813 288 870 quae
313 812 420 854 nec
449 797 526 853 ab
541 812 606 854 eo
625 800 788 867 sunt,
815 811 923 854 nec
954 811 1022 853 ea
1051 796 1219 866 fecit,
1253 811 1287 850 α
1345 793 1651 850 contrario
1679 792 1819 856 dici,

147 901 292 943 cum
312 887 377 942 in
403 887 484 943 eis
512 903 633 942 non
662 887 800 943 sint.

223 977 738 1050 :l-Respondemus
771 995 785 1034 :
819 979 884 1033 In
933 975 1152 1033 divinis
1203 975 1458 1048 eloquiis
1505 989 1820 1046 nusquam

149 1067 258 1124 Dei
287 1067 726 1125 habitationem
754 1067 818 1123 in
868 1067 960 1122 his
1003 1083 1140 1139 quae
1195 1082 1318 1121 non
1353 1069 1491 1121 sunt
1522 1064 1817 1137 positam;

145 1157 594 1231 praescientiam
625 1173 769 1214 vero
801 1157 932 1229 ejus
963 1157 1144 1214 etiam
1186 1155 1428 1212 malitiae
1460 1158 1517 1211 et
1559 1153 1822 1227 peccatis

143 1249 378 1305 nostris
411 1263 536 1305 non
566 1248 799 1304 abesse.

584 1373 702 1412 nne.
736 1373 845 1412 LIV.
877 1371 1005 1411 oar.
1042 1355 1126 1424 17,
1151 1369 1304 1410 secr.
1337 1359 1389 1411 5.

217 1451 264 1500 Θ
286 1445 474 1502 Dicis:
522 1445 994 1503 Similitudinem
1021 1443 1229 1500 domus
1259 1443 1573 1514 cujusdam
1601 1443 1820 1514 patris-

141 1535 426 1606 familias
455 1536 624 1591 intra
672 1535 830 1591 hanc
887 1535 1128 1590 domum
1159 1535 1295 1590 creti
1315 1539 1370 1589 et
1394 1540 1588 1600 terrae,
1627 1533 1819 1588 malos

146 1627 217 1683 in
243 1640 401 1693 aere,
432 1625 610 1681 bonos
638 1626 702 1680 in
731 1625 954 1681 tet/tere
979 1625 1279 1679 constitui.

219 1713 730 1788 fRespondemus
752 1731 763 1768 :
784 1713 970 1770 Malos
1001 1711 1116 1767 sub
1146 1711 1317 1768 terris
1347 1711 1406 1766 in
1429 1711 1666 1767 inferno
1693 1709 1817 1780 igni

147 1809 449 1878 perpetuo
493 1801 850 1876 mancipari,
881 1802 1078 1858 bonos
1133 1817 1319 1874 supra
1347 1816 1531 1857 omne
1588 1801 1704 1856 hoc
1736 1799 1820 1855 vi-

149 1893 326 1950 sibile
355 1893 594 1963 caelum,
623 1891 791 1965 quod
818 1891 1268 1948 ﬁrmamentum
1295 1895 1518 1946 sanctae
1552 1889 1815 1961 Scriptu-

146 1999 235 2041 rm
255 1986 630 2056 nuncupant,
654 1981 1024 2055 sempiterna
1050 1981 1424 2038 beatitudine
1467 1979 1811 2052 gloriﬁcari.

584 2107 703 2147 per.
747 2107 834 2158 Lv,
876 2089 1296 2158 car.17,sscr.
1331 2093 1383 2144 7.

225 2186 266 2237 Θ
297 2181 452 2240 Dicis
483 2199 497 2238 :
533 2182 736 2252 Ignem
765 2186 1056 2238 internum
1082 2180 1165 2237 ad
1193 2179 1489 2236 urendum
1511 2178 1816 2234 diabolum

151 2279 206 2330 et
238 2273 484 2344 angelos
499 2273 651 2343 ejus,
673 2286 792 2327 non
817 2271 1082 2327 homines
1093 2270 1349 2340 factum.

223 2361 262 2428 -1-
288 2359 780 2433 Respondemus:
821 2358 1046 2414 Dixisse
1076 2360 1298 2413 Deum:
1331 2357 1402 2413 Si
1446 2357 1654 2413 oculus
1681 2361 1818 2411 tuas

151 2451 534 2508 scandalizat
565 2455 640 2516 te,
673 2463 815 2507 erue
832 2463 966 2506 eum
992 2454 1046 2505 et
1073 2448 1306 2518 projice
1332 2447 1438 2502 abs
1463 2451 1520 2503 te
1550 2464 1563 2502 :
1603 2445 1818 2502 melius

151 2545 239 2598 est
269 2539 379 2597 tibi
407 2540 639 2596 luscum
671 2539 925 2595 introire
963 2538 1029 2593 in
1074 2537 1258 2593 vitam
1298 2541 1606 2604 asternam,
1639 2550 1820 2606 quam

145 2631 298 2688 duos
335 2630 538 2687 oculos
566 2629 877 2686 habentem
906 2629 1068 2684 mitti
1093 2628 1158 2683 in
1180 2628 1377 2696 ignem
1395 2623 1823 2694 inextinguibi-

149 2721 290 2790 lem,
339 2719 442 2775 ubi
469 2719 685 2776 vermis
729 2733 934 2775 eorum
985 2733 1107 2774 non
1139 2717 1398 2772 moritur
1429 2720 1483 2770 et
1513 2714 1668 2784 ignis
1699 2729 1820 2770 non

149 2809 560 2880 exstinguitur
587 2808 804 2880 (Marc.
832 2823 910 2874 Ix,
937 2809 1028 2876 46-,
1075 2806 1187 2878 47).
1225 2804 1504 2863 Similiter
1533 2803 1609 2860 de
1629 2818 1822 2860 manu

155 2903 212 2957 et
240 2899 416 2974 pede.

571 3019 692 3060 nar.
724 3017 841 3072 va,
865 3017 993 3060 CAP.
1040 3005 1124 3072 l7,
1162 3017 1315 3060 sec'r.
1345 3010 1401 3059 7.

226 3105 273 3150 Θ
302 3095 496 3152 Dicis:
530 3093 807 3161 Diabolo,
832 3099 1152 3166 postquam
1175 3092 1394 3150 aethere
1413 3093 1691 3148 detmtsus
1721 3091 1816 3160 sit,
1851 3120 1891 3175 Γ
2121 3153 2133 3172 δ
2179 3159 2190 3171 ι
2428 3091 2546 3173 νυτς
2571 3091 2820 3172 “‘“f’”:
2857 3091 3105 3120 “”°“““
3142 3091 3194 3105 "
3240 3151 3252 3172 .
3548 3151 3587 3170 Ἴ

226 3188 263 3230 n'
281 3191 347 3230 in
379 3185 633 3230 mthprnn
673 3198 921 3230 (mmora
945 3199 1064 3230 mm
1088 3188 1326 3230 notarat
1349 3197 1556 3230 nmnrzs
1577 3181 1817 3230 sentire-
1879 3156 1892 3176 ι
2001 3161 2040 3215 θ
2070 3161 2226 3217 D1013
2257 3175 2268 3216 ἶ
2291 3153 2412 3217 Eas
2428 3160 2538 3218 D33
2555 3161 2916 3230 εαῘΠθηίῖαΤη
2934 3171 3073 3216 suas
3097 3162 3338 3216 “mutes
3369 3151 3604 3215 δηυθδίν

157 3187 263 3244 ubi
281 3191 347 3243 in
379 3185 633 3242 wthereo
673 3198 921 3253 corpore
945 3199 1064 3240 non
1088 3188 1326 3253 poterat
1345 3197 1556 3252 poenas
1577 3181 1817 3248 sentire,

154 3277 433 3336 additum
455 3289 672 3344 corpus
702 3288 963 3342 aereum,
986 3275 1050 3329 in
1081 3288 1197 3344 quo
1228 3273 1424 3342 ignem
1453 3271 1719 3327 sentiret.

225 3369 268 3438 -ι-
291 3363 779 3438 Respondemus:
826 3362 891 3418 1d
929 3361 1280 3418 auctoritate
1343 3360 1658 3432 Scripturae
1689 3375 1825 3432 pro-

153 3453 408 3529 pheticus
442 3456 625 3525 atque
679 3450 1023 3524 apostolicae
1057 3449 1306 3506 minime
1351 3464 1530 3522 posse
1556 3443 1821 3522 probari.

565 3576 687 3615 nes.
727 3575 862 3626 Lvu,
905 3572 1030 3614 CAP.
1068 3563 1154 3622 l7,
1189 3573 1340 3615 δεον.
1366 3560 1419 3612 8.

224 3658 272 3704 Θ
297 3649 486 3706 Dicis:
518 3651 653 3706 Non
695 3664 817 3706 esse
859 3650 1037 3705 illum
1097 3649 1293 3718 ignem
1345 3661 1612 3717 pwnam,
1638 3660 1828 3716 neque

152 3741 236 3799 ad
264 3755 393 3796 eam
416 3744 838 3808 prwparatum
872 3738 967 3794 vel
979 3736 1498 3807 praedestinatum.

226 3830 265 3896 1'
287 3828 746 3902 Respondemus
780 3845 793 3882 :
847 3827 1076 3884 Dixisse
1107 3825 1454 3895 Dominum,
1487 3840 1626 3880 cum
1652 3838 1824 3896 para-

153 3918 365 3978 bolam
395 3917 656 3990 piscium
687 3916 991 3973 bonorum
1015 3919 1195 3988 atque
1226 3915 1529 3971 malorum
1559 3929 1825 3987 pronun-

153 4009 360 4066 tiasset
391 4024 404 4062 :
438 4007 690 4064 exibunt
727 3997 953 4076 angeli,
986 4008 1042 4061 et
1093 4003 1461 4073 separabunl
1510 4004 1702 4058 malos
1750 3995 1825 4056 de

155 4099 350 4156 medio
363 4099 694 4168 justorum,
728 4101 784 4152 et
807 4097 1044 4151 mittent
1070 4107 1165 4150 eo:
1195 4093 1260 4148 in
1281 4093 1584 4148 caminum
1616 4089 1817 4161 ignis':

155 4190 242 4247 ibi
255 4175 368 4245 erit
379 4187 555 4258 ﬂetus
573 4192 627 4245 et
644 4183 873 4242 stridor
893 4183 1162 4242 dentium
1187 4179 1424 4255 (Matth.
1445 4183 1572 4252 xiu,
1591 4183 1681 4251 49,
1701 4181 1818 4248 50).

157 4277 330 4342 Quod
358 4280 412 4334 te
442 4276 737 4334 adversus
769 4275 1027 4347 teipsum
1059 4275 1334 4344 patenter
1363 4270 1584 4326 dixisse
1612 4285 1820 4325 mons-

160 4371 364 4434 tratur,
394 4366 499 4439 qui
529 4366 696 4438 prius
719 4362 1003 4420 eumdem
1023 4362 1227 4432 ignem
1254 4361 1332 4416 ad
1358 4359 1659 4416 urendum
1688 4357 1818 4414 dia-

157 4456 370 4514 bolum
391 4459 447 4512 et
495 4454 744 4522 angelos
775 4453 906 4524 ejus
936 4451 1164 4508 factum
1208 4449 1466 4514 dixeras,
1507 4463 1632 4522 quo
1657 4447 1818 4505 enim
1857 4471 1904 4526 [ι

156 4549 336 4619 pacto
364 4544 502 4617 quis
533 4542 645 4610 uri,
679 4541 795 4598 nisi
847 4539 1166 4614 pcenaliter
1215 4541 1416 4611 queat,
1468 4553 1592 4594 non
1619 4536 1817 4594 video.

553 4669 674 4707 nar.
699 4665 864 4720 Lvm,
894 4665 1021 4707 car.
1060 4649 1142 4716 l7,
1179 4651 1416 4704 81:01.8.

231 4747 270 4797 Θ
297 4741 449 4798 Dicis
477 4757 490 4797 :
524 4740 815 4796 Eumdem
845 4740 1045 4810 ignem
1071 4737 1267 4796 sedem
1295 4738 1528 4808 factum
1549 4750 1670 4792 esse
1709 4735 1822 4791 im~

157 4833 421 4904 piorum,
465 4831 532 4886 in
561 4845 680 4903 quo
715 4845 837 4887 non
888 4829 1086 4884 minus
1133 4827 1402 4885 habitent
1443 4826 1601 4884 beati
1640 4840 1822 4896 quam

160 4936 384 4980 miseri.

231 5013 273 5082 1-
294 5009 752 5084 Respondemus
783 5023 798 5063 :
821 5011 950 5064 Non
981 5006 1189 5064 sedem
1213 5005 1520 5064 suavitatis
1548 5010 1606 5063 et
1631 5004 1824 5076 digni-

160 5099 316 5170 tatis,
348 5102 408 5156 ut
437 5097 684 5172 desipis,
735 5097 1064 5170 impiorum
1093 5095 1201 5152 sed
1230 5099 1520 5152 aeternum
1547 5110 1677 5151 esse
1703 5099 1821 5151 tor-

157 5193 452 5258 mentum,
479 5204 592 5245 uec
611 5190 672 5243 in
685 5203 757 5244 eo
796 5187 1174 5243 habitaturos
1203 5185 1414 5242 beatos
1445 5185 1680 5241 dicente
1713 5185 1824 5241 Do-

157 5279 326 5338 mino
351 5291 364 5334 :
385 5269 569 5335 Ibunt
591 5267 658 5334 hi
669 5277 733 5333 in
749 5273 1114 5346 supplicium
1142 5277 1432 5332 internum
1447 5275 1607 5345 justi
1623 5281 1822 5331 autem

157 5370 223 5427 in
252 5369 439 5426 vitam
465 5373 752 5424 ztemam
783 5365 1025 5438 (Matth.
1057 5380 1197 5436 xxv,
1229 5367 1344 5432 46).
1377 5366 1690 5437 Nusquam
1719 5377 1824 5420 au-

161 5461 282 5516 tem
333 5465 646 5513 sacrarum
697 5453 1031 5512 litterarum
1070 5451 1166 5510 ille
1222 5442 1377 5523 ignis
1428 5451 1549 5509 vita
1603 5456 1826 5510 interna

162 5549 574 5620 nuncupatur.

576 5657 694 5710 nsi.
730 5657 850 5723 m’x,
876 5666 1006 5710 cn.
1037 5654 1122 5720 l7,
1156 5663 1308 5706 βεστ.
1341 5653 1396 5709 9.

237 5767 279 5817 ο
295 5761 454 5821 Dicis
477 5777 492 5820 ε
517 5759 819 5823 atst
843 5761 1080 5820 nullam
1099 5769 1240 5830 esse,
1259 5760 1382 5817 nisi
1397 5762 1644 5817 mortem
1663 5763 1830 5818 atter-

1937 503 2292 574 nullamque
2346 503 2650 559 miseriam
2691 519 2830 571 esse,
2862 503 2985 559 nisi
3005 506 3275 561 veritatis
3305 505 3590 577 ignaram

1935 591 2078 646 tiam
2109 596 2165 646 et
2203 592 2310 647 ubi
2329 593 2645 662 ignoretur
2670 592 2914 659 veritas,
2963 591 3049 648 ibi
3094 593 3329 650 nullam
3379 596 3588 656 vitam.

2003 683 2046 750 -ι-
2075 681 2566 754 Respondemus:
2600 684 2974 738 Peccatorem
2999 680 3062 737 in
3087 681 3204 738 hac
3228 682 3353 741 vita
3373 685 3592 744 saluta-

1931 767 2072 827 riter
2087 771 2479 844 posnitentem
2495 771 2693 828 dicere
2714 791 2726 828 :
2755 768 2941 828 Miser
2969 769 3170 841 factus
3207 785 3359 840 sum,
3380 777 3437 830 et
3457 791 3591 832 cur-

1932 865 2106 917 vatus
2122 873 2251 918 sum
2276 875 2467 933 usque
2487 876 2549 918 νη
2578 861 2756 931 ﬁnem
2811 862 2934 932 (Ps.
2969 867 3188 928 xxxvii,
3217 857 3296 933 7),
3325 863 3382 919 et
3406 861 3592 937 Apos-

1931 944 2120 1006 tolum
2145 965 2159 1006 :
2183 947 2368 1007 Miser
2387 967 2492 1022 ego
2515 952 2686 1008 homo
2704 951 2894 1018 (Rom.
2922 963 3022 1018 vu,
3051 949 3140 1021 24)
3167 969 3181 1019 ;
3205 952 3262 1007 et
3288 949 3541 1010 alterum
3573 971 3586 1007 :

1929 1040 2139 1104 Miseri
2162 1047 2342 1099 estote
2371 1048 2423 1098 ct
2457 1043 2654 1112 lugete
2673 1039 2824 1112 (Jac.
2851 1055 2933 1107 1v,
2964 1040 3039 1111 9),
3073 1055 3230 1113 quos
3277 1037 3482 1114 utique
3514 1061 3591 1096 ee-

1929 1133 2108 1187 ternse
2128 1131 2304 1186 morti
2322 1131 2513 1197 gratia
2536 1130 2636 1185 Dei
2659 1132 2986 1204 exemptos,
3017 1129 3305 1203 nullaque
3325 1126 3590 1187 veritatis

1930 1219 2273 1288 ignorantia
2298 1219 2640 1276 tenebratos
2656 1217 2842 1276 libere
2859 1218 3234 1276 conﬁtemur.
3259 1217 3484 1276 Verum
3497 1230 3592 1276 re-

1929 1323 2204 1382 pugnare
2225 1307 2331 1366 tibi
2365 1325 2541 1366 sensa
2571 1313 2628 1366 et
2655 1309 2818 1366 dicta
2869 1311 2975 1366 tua
3026 1306 3303 1382 quisquis
3331 1315 3455 1366 non
3485 1309 3592 1370 ad-

1930 1399 2120 1468 vertit,
2151 1397 2454 1456 intellectu
2475 1402 2655 1456 caret.
2691 1399 2840 1455 Nam
2893 1413 3078 1472 supra
3107 1397 3348 1457 dixeras
3395 1399 3594 1456 inesse

1930 1484 2044 1546 illis
2089 1485 2500 1559 beatitudinis,
2552 1487 2850 1546 felicitatis
2882 1491 2938 1546 et
2965 1488 3226 1546 veritatis
3264 1488 3592 1560 notionem,

1931 1578 2241 1635 scientiam
2258 1582 2312 1636 et
2341 1577 2711 1635 desiderum.
2737 1582 2882 1635 Item
2903 1573 3006 1634 ubi
3029 1572 3339 1649 ignoretur
3355 1575 3593 1650 veritas,

1928 1665 2012 1724 ibi
2039 1665 2268 1725 nullam
2289 1669 2495 1726 vitam.
2520 1670 2578 1725 Si
2607 1667 2781 1742 impii
2813 1668 2873 1724 in
2901 1667 3002 1724 illo
3053 1668 3192 1738 igne
3224 1668 3432 1725 sedem
3463 1671 3596 1726 tan-

1849 1763 1888 1818 B
1929 1761 2058 1815 tum
2086 1759 2372 1827 habituri,
2403 1775 2528 1816 non
2554 1762 2611 1816 et
2643 1767 2893 1832 ptenani
2949 1757 3192 1832 passuri
3249 1762 3409 1828 sunt,
3441 1775 3595 1832 quo-

1928 1845 2112 1906 modo
2132 1848 2364 1906 nullam
2379 1850 2564 1906 vitam
2590 1847 2954 1905 habebunt?
2967 1846 3073 1903 sed
3099 1840 3322 1904 Veritas
3374 1847 3597 1907 clamat

1926 1939 2238 1996 habituros
2261 1939 2376 1995 illic
2403 1939 2624 2014 impios
2653 1939 2860 2008 vitam,
2889 1937 3001 1994 sed
3025 1937 3352 2010 pcenalem.

2289 2064 2405 2103 per.
2441 2064 2532 2116 ωε,
2564 2063 2687 2104 ΜΡ.
2716 2049 2797 2116 18,
2827 2062 2880 2102 τ.
2903 2063 2969 2102 ΕΤ
3002 2060 3156 2103 secr.
3193 2051 3245 2102 t.

1999 2161 2039 2210 Θ
2069 2155 2222 2212 Dicis
2251 2173 2264 2211 :
2295 2155 2583 2212 Errorem
2600 2153 3122 2226 praedestinationi
3143 2167 3222 2210 ea;
3241 2152 3589 2211 libemlium

1928 2247 2390 2315 disciplinarum
2420 2244 2790 2316 ignorantia,
2847 2244 3198 2300 Graecarum
3251 2243 3592 2300 litterarum

1928 2319 2169 2374 inscitia
2204 2322 2400 2374 ortam
2430 2332 2573 2374 esse.

2000 2411 2042 2478 -ια
2054 2405 2510 2480 Respondemus
2534 2424 2547 2464 :
2569 2409 2696 2462 Non
2713 2421 2844 2463 esse
2862 2419 3146 2471 errorem,
3162 2403 3272 2461 sed
3285 2404 3596 2463 veritatem

1928 2497 2482 2572 prsedestinationis
2512 2497 2771 2566 geminae
2804 2512 2842 2554 a
2869 2495 3147 2552 Patribus
3187 2494 3596 2568 approbatum

1928 2591 2238 2660 tantopere
2257 2603 2327 2644 ac
2350 2583 2744 2660 praedicatum
2767 2600 2992 2659 eosque
3008 2583 3339 2658 perfectam
3359 2599 3598 2641 earum-

1929 2677 2071 2734 dem
2125 2675 2442 2733 scientiam
2499 2675 2792 2732 habuisse
2845 2674 3193 2732 nullatenus
3223 2671 3597 2746 dubitamus,

1929 2771 2106 2840 teque
2132 2766 2335 2840 potius
2365 2765 2666 2823 tantillula
2693 2777 2906 2822 earum
2933 2761 3247 2820 scientiola
3268 2761 3426 2820 ultra
3442 2761 3601 2820 vires

1929 2860 2064 2912 tuas
2091 2856 2387 2913 tumuisso
2413 2859 2594 2929 atque
2625 2855 2688 2912 in
2716 2858 2918 2913 tantas
2966 2851 3385 2927 blasphemiae
3417 2851 3602 2926 imple

1939 2962 2314 3019 prorupisse.

2427 3063 2546 3109 Der.
2570 3059 2666 3108 th
2691 3065 2817 3108 cn.
2853 3055 3105 3120 t8,sscr.
3140 3047 3194 3105 ι.

1931 3251 2308 3324 galricesque
2331 3249 2470 3319 ﬁeri
2496 3249 2772 3307 voluisse.

2000 3341 2043 3411 -ι-
2073 3338 2537 3413 Respondemus
2571 3335 2782 3395 :Nullo
2813 3337 3031 3394 comite
3084 3335 3187 3392 Dei
3237 3328 3604 3410 sapientiam

1933 3427 2290 3500 indiguisse,
2320 3445 2430 3485 nec
2481 3445 2589 3503 per
2639 3444 2742 3484 eas
2797 3444 2860 3484 se
2913 3419 3285 3497 investigari.
3333 3427 3449 3483 Sed
3497 3441 3606 3500 per

1932 3517 2220 3593 Spiritum
2254 3535 2436 3576 suum
2467 3518 2541 3574 de
2572 3534 2695 3592 quo
2725 3507 2856 3590 ipse
2880 3516 3179 3591 promittit
3214 3533 3226 3572 :
3257 3512 3399 3572 Cum
3431 3531 3602 3573 vene-

1931 3609 2014 3664 rit
2048 3605 2153 3665 ille
2186 3607 2444 3678 Spiritus
2475 3607 2772 3673 veritatis,
2799 3603 3031 3663 docebit
3054 3622 3155 3664 vos
3187 3618 3419 3664 omnem
3450 3605 3605 3663 veri-

1934 3702 2115 3754 tatem
2140 3699 2342 3765 (Joan.
2367 3713 2489 3757 xu.
2522 3695 2627 3766 13);
2659 3694 2827 3770 quod
2850 3695 3083 3768 absque
3131 3685 3607 3752 contradictione

1931 3787 1994 3844 in
2022 3785 2334 3860 prophetis
2359 3785 2726 3859 pastoribus,
2757 3785 2820 3840 in
2863 3778 3154 3858 apostolis
3203 3773 3606 3856 piscatoribus

1931 3875 2263 3932 litterarum
2293 3873 2504 3931 insciis
2533 3873 2991 3946 comprobatur,
3020 3873 3257 3929 dicente
3286 3870 3600 3945 Apostolo:

1913 3963 2087 4022 'Nam
2120 3982 2253 4023 cum
2283 3979 2402 4020 non
2425 3965 2801 4034 cognovisset
2819 3963 3082 4020 mundus
3105 3977 3220 4032 per
3245 3961 3604 4032 sapientiam

1929 4057 2141 4119 Deum,
2181 4055 2421 4124 placuit
2468 4054 2592 4108 Deo
2620 4068 2732 4123 per
2779 4053 3107 4110 stultitiam
3149 4051 3604 4123 praedicationis

1932 4147 2132 4202 salvos
2171 4145 2378 4216 facere
2429 4143 2731 4202 credentes
2778 4145 2833 4218 (Ι
2887 4143 3026 4200 Cor.
3080 4159 3120 4213 ι,
3165 4141 3256 4214 2|)
3316 4143 3384 4199 Et
3419 4155 3604 4198 evan-

1931 4234 2178 4308 gelista:
2225 4234 2382 4291 Erat
2435 4235 2546 4296 tua
2601 4249 2762 4302 vera,
2806 4249 2938 4305 quas
2994 4232 3312 4290 illuminat
3371 4245 3605 4289 omnem

1931 4324 2227 4382 hominem
2261 4323 2586 4380 venientem
2613 4324 2677 4379 in
2709 4324 2872 4381 hunc
2899 4324 3194 4380 mundum
3223 4322 3422 4392 (Joan.
3458 4323 3600 4394 1,9)-

1932 4415 2001 4469 Et
2027 4412 2169 4468 item
2201 4411 2523 4484 Apostolo:
2572 4413 2982 4483 Evangelium
3012 4410 3177 4484 quod
3201 4411 3602 4482 pradicatum

1932 4507 2016 4558 est
2073 4519 2110 4558 a
2163 4518 2276 4567 me,
2331 4517 2451 4557 non
2509 4507 2594 4558 est
2654 4502 2982 4557 secundum
3023 4501 3355 4567 hominem;
3415 4512 3605 4570 neque

1931 4593 2088 4650 enim
2144 4591 2219 4648 ab
2265 4590 2502 4647 homine
2555 4591 2768 4660 accepi
2822 4589 3005 4656 illud,
3057 4604 3248 4660 neque
3275 4587 3461 4644 didict
3499 4587 3605 4644 sed

1924 4697 2041 4752 per
2087 4681 2513 4739 reuelationem
2559 4680 2703 4736 Jesu
2743 4678 2976 4736 Christi
2993 4677 3160 4748 (Gal.
3193 4693 3235 4746 ι,
3272 4675 3492 4747 “.12).

2325 4813 2444 4860 per.
2485 4815 2622 4868 LXII,
2663 4811 2786 4859 car.
2832 4804 2919 4874 18,
2962 4809 3115 4860 Sacr.
3151 4803 3203 4858 Β.

2003 4921 2049 4967 Θ
2082 4912 2272 4971 Dicis:
2307 4904 2917 4979 Praedestinatioenm,
2975 4911 3032 4967 et
3061 4907 3600 4982 prwdeﬂnttionem

1932 5004 2090 5061 nihil
2117 5002 2294 5060 aliud
2329 5015 2453 5059 esse
2478 5013 2662 5074 quam
2679 5001 3122 5072 praevisionem.

2003 5095 2047 5164 -ι-
2075 5091 2584 5164 Respondemus:
2642 5090 2882 5147 Falsum
2948 5105 3078 5146 esse
3129 5088 3322 5146 multa
3372 5087 3600 5162 quippe

1930 5181 2339 5256 praevidentur
2366 5196 2501 5256 quin
2532 5195 2645 5238 nec
2665 5179 3174 5255 praedestinantur
3199 5194 3312 5237 nec
3333 5176 3604 5252 prmdeﬁ-

1943 5271 2211 5330 niuntur.

2327 5393 2450 5434 nar.
2471 5377 2640 5448 uin,
2669 5391 2798 5446 cur,
2836 5377 2924 5444 18,
2966 5392 3120 5434 sum.
3150 5379 3208 5434 εί».

2008 5493 2054 5540 Θ
2085 5485 2239 5542 Dicis
2269 5503 2283 5542 :
2305 5487 2495 5544 Deum
2516 5499 2624 5544 nec
2647 5485 3118 5557 prwvidissenec
3131 5479 3607 5556 pradestinasse

1935 5581 2185 5635 mortem
2212 5581 2269 5634 et
2291 5583 2524 5648 pwnas,
2547 5577 2692 5648 quia
2719 5576 2877 5632 nihil
2904 5579 3063 5632 sunt.

2009 5667 2052 5740 -ι-
2081 5666 2575 5742 Respondemus:
2609 5668 2802 5723 Deum
2820 5669 2878 5724 et
2907 5661 3263 5740 proavidisse
3289 5667 3348 5723 et
3377 5661 3609 5739 praede-

1943 5757 2197 5818 stinasse
2209 5760 2465 5817 mortem
2475 5760 2532 5816 et
2541 5749 3609 5832 panasguipecoammmhominem
