3950 6434
287 341 418 397 1363

282 552 644 610 moriturum
677 551 843 607 illum
876 550 1170 622 praedixit.

666 691 787 730 DEF.
820 688 979 739 inv,
1012 690 1135 731 CAP.
1176 675 1262 744 18,
1296 691 1449 732 secr.
1489 680 1544 730 7.

355 807 395 855 6
424 800 614 857 Dicis:
663 799 774 856 Dei
818 800 1177 870 sapientiam
1223 801 1686 872 praedestinasse
1712 798 1781 856 in
1825 797 1946 854 suis

286 891 510 962 legibus
531 889 731 945 modos
753 889 921 947 ultra
937 906 1082 962 quos
1106 891 1424 963 impiorum
1440 889 1679 946 malitia
1693 902 1945 959 progre-

279 980 345 1036 di
371 994 492 1035 non
517 979 728 1048 possit,
761 994 868 1035 nec
897 979 1022 1035 sini
1043 981 1305 1050 alicujus
1327 980 1632 1036 malitiam
1660 979 1724 1034 in
1743 977 1945 1046 inﬁni-

282 1076 429 1138 tum,
446 1075 639 1137 prout
673 1069 835 1136 velit,
867 1070 1130 1138 extendi,
1183 1070 1395 1126 divinis
1446 1069 1671 1140 legibus
1696 1081 1946 1138 progre-

280 1158 489 1215 diendi
511 1159 752 1215 modum
783 1160 1240 1229 imponentibus,

351 1249 394 1319 -ι-
408 1246 867 1319 Respondemus
902 1264 915 1303 :
938 1250 1156 1304 Verum
1174 1263 1324 1319 esse,
1348 1248 1583 1304 dicente
1598 1246 1778 1302 beato
1798 1243 1907 1300 Job
1931 1261 1945 1300 :

285 1336 665 1394 Constituisti
693 1337 978 1393 terminos
1007 1339 1138 1407 ejus
1161 1338 1267 1409 qui
1309 1337 1619 1407 praeteriri
1647 1352 1769 1391 non
1790 1339 1952 1405 pote-

281 1430 432 1482 runt
460 1425 594 1494 (Job
624 1441 744 1496 xw,
775 1426 848 1499 5).
882 1428 1025 1493 Quae
1056 1426 1352 1483 sententia
1372 1430 1475 1483 tua
1504 1424 1823 1481 nobiscum
1848 1438 1954 1496 po-

282 1514 399 1571 tius
430 1530 617 1587 quam
643 1519 844 1571 tecum
865 1514 1010 1584 agit,
1037 1515 1125 1570 vis
1148 1515 1312 1572 enim
1351 1516 1511 1572 hanc
1541 1529 1671 1571 esse
1702 1527 1951 1586 poenam

284 1604 726 1677 peccatoribus,
751 1604 1001 1676 quando
1020 1620 1144 1662 non
1159 1609 1391 1661 tantum
1408 1620 1658 1678 peccare
1678 1603 1954 1659 sinuntur

286 1696 588 1766 quantum
615 1692 845 1749 volunt.
878 1694 935 1750 Si.
960 1709 1102 1763 ergo
1122 1694 1253 1750 haec
1278 1694 1392 1749 illis
1419 1710 1603 1766 paena
1622 1697 1729 1760 est,
1748 1708 1785 1749 a
1804 1705 1953 1764 quo-

287 1798 520 1855 quaeso,
575 1786 683 1847 est,
737 1782 857 1837 nisi
896 1782 976 1839 ab
1007 1782 1109 1839 illo
1165 1799 1202 1840 a
1230 1800 1354 1856 quo
1383 1780 1791 1856 praedestinati
1817 1782 1955 1835 sunt
1982 1814 2029 1869 Β

1416 339 1472 394 8.
1507 334 1878 392 PRUDENTII
1907 292 2283 397 TRECENSIS
2339 343 2650 401 EPISCOPI

278 462 638 538 praevidens,
663 463 717 520 ei
740 477 816 519 ne
834 466 1112 535 peccaret
1138 462 1463 530 interdixit,
1489 464 1546 518 et
1577 461 1623 516 si
1666 463 1945 532 peccaret
1973 463 2022 515 A

3574 346 3733 405 1364

2447 485 2547 523 DEF
2576 484 2775 535 LXVIII,
2807 485 2934 525 CAP.
2971 473 3057 538 l9,
3091 484 3244 525 βεστ.
3287 472 3337 527 1.

2126 560 2165 606 Θ
2188 555 2378 611 Dicis:
2407 559 2613 628 Ignem
2649 565 2941 615 aeternum
2972 560 3153 615 istum
3178 560 3373 630 ipsum
3425 567 3733 634 quartum

2054 644 2267 701 mundi
2289 647 2660 705 elementum.

2125 736 2168 805 -ι-
2196 734 2697 808 Respondemus:
2755 737 2953 794 Alium
2999 738 3203 811 potius
3256 738 3447 798 multo
3499 740 3732 812 videri,

2054 819 2346 892 quoniam
2365 825 2423 877 et
2449 821 2759 894 qualitatis
2788 822 3039 879 diversae
3073 823 3211 881 sint.

2476 946 2595 985 nar.
2621 947 2778 1003 inx,
2798 946 2924 987 CAP.
2964 934 3048 1002 l9,
3074 946 3225 987 SECT.
3272 931 3319 988 1.

2128 1040 2167 1089 Θ
2189 1034 2342 1091 Dicis
2373 1054 2386 1092 :
2411 1037 2482 1092 In
2505 1052 2570 1094 eo
2592 1052 2844 1108 corpma
2885 1045 3231 1095 sanctorum
3287 1039 3352 1095 in
3395 1041 3732 1098 aetheream

2055 1126 2289 1181 mutari
2306 1127 2679 1196 qualitatem,
2713 1128 3030 1198 impiorum
3052 1143 3191 1186 vero
3220 1128 3284 1185 in
3314 1143 3550 1187 aeream
3576 1145 3737 1202 qua—

2059 1214 2285 1271 litatem
2308 1216 2668 1272 transitura.

2129 1306 2171 1375 -ι-
2206 1305 2711 1378 Respondemus:
2773 1308 3131 1364 Sanctorum
3177 1322 3435 1381 corpora
3495 1323 3733 1380 nequa-

2058 1410 2243 1467 quam
2275 1394 2370 1451 vel
2396 1395 2458 1451 in
2506 1395 2607 1452 illo
2636 1396 2794 1467 igne,
2827 1396 3060 1471 absque
3109 1397 3243 1471 ipso
3295 1397 3358 1454 in
3398 1398 3733 1455 aetheream

2059 1483 2278 1540 mutari
2307 1484 2679 1557 qualitatem,
2711 1485 2819 1542 sed
2852 1485 2910 1541 ir
2938 1486 3185 1543 veritate
3227 1487 3489 1560 propriae
3516 1485 3728 1543 carnis

2060 1577 2240 1645 atque
2264 1573 2677 1630 membrorum
2694 1574 3029 1647 quamlibet
3044 1575 3388 1645 glorificatae
3408 1591 3730 1642 mansura,

2061 1670 2243 1738 atque
2271 1664 2335 1720 in
2363 1668 2655 1721 aeternum
2683 1665 2938 1734 victura;
2960 1665 3288 1739 impiorum
3306 1681 3450 1723 vero
3470 1680 3739 1738 corpora

2062 1753 2297 1810 nullam
2339 1754 2590 1810 omnino
2644 1754 3127 1811 immutationem
3181 1753 3464 1811 habitura
3510 1758 3739 1826 praeter

286 1842 478 1937 modi,
504 1842 836 1944 Iultravquos
864 1872 1196 1946 impiorum
1222 1842 1453 1929 malitia
1506 1870 1790 1944 progredi
1828 1885 1953 1925 non
1983 1842 2029 1869 υ
2063 1843 2593 1946 ίφωοΓξδξξίδιίθων
2626 1859 2750 1915 qua
2773 1843 2901 1914 jam
2933 1842 3239 1946 οοηξιλξΠΡί
3296 1858 3405 1915 Per
3461 1846 3735 1898 mortem

286 1960 499 2036 possit.
536 1961 615 2032 Si,
660 1961 935 2034 inquam,
988 1961 1206 2017 divinis
1242 1962 1478 2032 legibus
1530 1958 1954 2034 progrediendi

288 2050 543 2106 modum
573 2050 1048 2122 imponentibus,
1080 2067 1205 2107 non
1234 2051 1448 2107 sinitur
1476 2050 1733 2121 alicujus
1789 2046 1956 2103 mali-

288 2139 373 2195 tia
402 2138 464 2194 in
494 2138 821 2209 inﬁnitum,
841 2143 1023 2212 prout
1049 2139 1190 2195 velit
1218 2139 1480 2207 extendi,
1515 2144 1571 2195 et
1598 2138 1727 2194 haec
1771 2151 1957 2210 paena

288 2231 398 2299 est,
431 2243 469 2284 a
496 2243 642 2300 quo,
663 2243 835 2298 rogo,
872 2228 992 2284 nisi
1013 2228 1093 2284 ab
1119 2228 1220 2284 illo
1256 2229 1428 2300 cujus
1456 2227 1694 2299 legibus
1719 2240 1954 2282 coerce-

286 2319 433 2374 tur?
476 2318 681 2374 Fatere
731 2318 913 2388 igitur
966 2319 1125 2376 hanc
1170 2319 1599 2375 cohibitionem
1656 2316 1956 2390 poenalem

288 2407 405 2462 illis
430 2422 469 2463 a
497 2408 617 2463 Deo
644 2407 1019 2480 impositam,
1052 2424 1122 2464 ac
1152 2424 1262 2482 per
1291 2409 1407 2465 hoc
1457 2407 1692 2479 absque
1723 2409 1956 2462 contra-

291 2494 554 2554 dictione
575 2496 653 2553 ab
673 2496 806 2570 ipso
835 2513 964 2553 esse
984 2513 1254 2571 plenam.

673 2639 795 2681 nar.
836 2640 974 2693 va,
1014 2639 1138 2681 CAP.
1186 2625 1271 2693 18,
1314 2639 1467 2681 seor.
1513 2629 1568 2678 7.

362 2738 409 2785 6
435 2731 628 2788 Dicis:
660 2731 831 2789 Nihil
868 2737 1149 2803 appetere
1200 2732 1522 2801 impiorum
1571 2727 1857 2795 omnium,
1894 2731 1951 2783 et

293 2821 522 2878 diaboli
557 2822 1061 2893 nequitiam,{nisi
1081 2822 1158 2878 ab
1182 2836 1248 2877 eo
1278 2821 1381 2892 qui
1408 2825 1491 2876 est
1513 2831 1745 2875 summa
1776 2829 1964 2872 essen-

296 2911 404 2976 tia,
432 2910 727 2983 recedere,
759 2913 823 2967 in
868 2915 1105 2967 tantum
1134 2918 1199 2966 ut
1254 2924 1459 2966 eorum
1490 2911 1744 2974 natura,
1778 2905 1830 2960 si
1861 2904 1963 2960 lex

264 3010 267 3013 ‘
296 3000 509 3057 divina
536 3000 778 3070 sineret,
801 3000 865 3057 in
895 2998 1154 3055 nihilum
1175 2997 1421 3055 rediret.

369 3090 413 3160 -ι-
442 3088 899 3162 Respondemus
932 3106 945 3145 :
976 3086 1171 3145 Mirari
1182 3101 1294 3143 nos
1323 3084 1763 3158 disputatorem
1787 3097 1964 3154 argu-

296 3176 623 3247 tissimum,
662 3182 729 3234 ut
756 3177 863 3251 qui
888 3176 1055 3251 prius
1083 3176 1323 3233 dixeras
1341 3173 1590 3230 insitum
1620 3172 1837 3246 cuique
1856 3186 1963 3228 na-
1992 3165 2036 3220 Ο

296 3267 566 3325 turaliter
591 3266 980 3325 beatitudinis
1032 3265 1388 3339 appetitum,
1439 3277 1698 3336 eamque
1750 3276 1965 3318 omnes

274 3362 602 3431 appetere,
636 3372 800 3413 nunc
824 3372 856 3415 e
889 3354 1189 3413 contrario
1231 3368 1474 3410 asseras
1502 3351 1653 3408 nihil
1709 3367 1815 3407 eos
1862 3365 1964 3422 ap-

297 3451 501 3521 petere
535 3446 652 3502 nisi
681 3446 761 3504 ab
791 3445 986 3518 eoqui
1014 3447 1103 3501 est
1132 3458 1376 3499 summa
1406 3440 1667 3497 essentia
1691 3439 1969 3496 recedere

303 3552 445 3592 cum
473 3550 717 3592 summa
740 3536 1001 3591 essentia
1024 3533 1159 3605 ipsa
1190 3531 1269 3588 sit
1317 3530 1731 3587 indubitanter
1782 3527 1969 3584 beati-

302 3624 454 3681 tudo
488 3624 875 3698 sempiterna.
936 3626 1081 3678 Item
1135 3620 1242 3693 qui
1285 3624 1423 3677 ante
1465 3619 1707 3676 dixeras
1738 3616 1972 3674 nullam

309 3718 594 3772 naturam
619 3712 834 3787 perire,
877 3726 1040 3767 nunc
1072 3709 1289 3766 asseris
1335 3712 1642 3776 naturam,
1673 3707 1723 3764 si
1760 3707 1857 3764 lex
1887 3704 1974 3762 di-

313 3801 461 3862 vina
481 3802 717 3873 sineret,
744 3800 807 3856 in
826 3798 1084 3856 nihilum
1114 3798 1329 3868 redire,

688 3940 808 3980 nar.
849 3940 1012 3995 LXVI,
1045 3940 1171 3994 CAP,
1204 3923 1287 3993 18,
1317 3940 1470 3980 secr.
1495 3925 1547 3979 8.

386 4054 427 4104 6
456 4049 650 4107 Dicis:
674 4051 900 4107 Invitos
921 4052 1044 4108 Deo
1087 4051 1312 4108 servire
1337 4049 1578 4122 impios,
1619 4064 1741 4104 non
1799 4052 1981 4104 natu-

313 4153 470 4210 ram,
524 4154 706 4211 quam
748 4140 812 4196 in
856 4140 937 4196 eis
960 4141 1130 4210 fecit,
1162 4145 1217 4196 et
1268 4140 1334 4195 in
1362 4142 1441 4195 eis
1468 4154 1590 4194 non
1608 4137 1798 4207 punit
1830 4148 1853 4208 ;
1880 4132 1986 4192 sed

316 4231 542 4286 malam
599 4230 992 4297 voluntatem,
1025 4243 1207 4301 quam
1260 4229 1326 4285 in
1357 4232 1439 4285 eis
1485 4242 1608 4283 non
1630 4227 1795 4298 fecit,
1831 4230 1888 4282 et
1914 4224 1984 4282 in

320 4317 723 4388 eispunit;in
765 4332 831 4374 eo
869 4318 1030 4389 quod
1062 4317 1117 4375 ei
1140 4317 1315 4374 inviti
1360 4316 1653 4383 serviunt,
1683 4315 1895 4385 puniri
1921 4313 1987 4369 in

321 4406 533 4475 seipsis
555 4419 667 4462 sua
694 4421 898 4477 paena.

2063 1936 2243 2006 atque
2273 1932 2528 1989 deﬁcere
2558 1947 2873 2004 nunquam
2906 1931 3162 2000 possint.

2476 2056 2594 2095 nes.
2627 2056 2755 2110 Lxx,
2789 2054 2916 2097 CAP.
2959 2042 3040 2110 l9,
3073 2056 3226 2097 secr.
3260 2044 3313 2096 3.

2136 2153 2176 2201 Θ
2206 2147 2359 2204 Dicis
2384 2164 2397 2202 :
2429 2148 2502 2203 In
2531 2147 2729 2203 eodem
2750 2149 2888 2218 igne
2911 2153 3279 2205 naturarum
3310 2148 3482 2204 intra
3511 2163 3572 2204 se
3620 2148 3736 2203 mi-

2064 2237 2257 2293 rabile
2281 2238 2490 2307 perﬁci
2516 2237 2829 2307 gaudium,
2850 2238 3157 2294 malarum
3185 2252 3323 2294 vero
3356 2238 3732 2294 voluntatem

2063 2325 2370 2394 ine/labile
2400 2330 2779 2383 tormentum.

2138 2416 2181 2484 -ι-
2198 2413 2656 2486 Respondemus
2674 2415 2914 2471 Nullum
2930 2415 3048 2471 illic
3072 2414 3361 2485 gaudium
3376 2417 3735 2470 naturarum

2069 2503 2199 2569 ubi,-
2219 2507 2476 2559 testante
2498 2504 2768 2563 Domino.
2788 2505 2965 2575 ﬂetus
2993 2505 3109 2562 erit
3124 2510 3180 2561 et
3202 2505 3430 2561 stridor
3440 2504 3735 2574 dentium,

2068 2597 2245 2666 teque
2265 2592 2467 2665 ipsum
2481 2591 2854 2650 validissime
2874 2593 3258 2666 impugnare,
3281 2593 3389 2666 qui
3411 2596 3549 2649 ante
3562 2590 3732 2647 dixe-

2068 2700 2168 2741 ras
2198 2683 2503 2740 miseriam
2534 2683 2765 2740 nullam
2795 2700 2946 2751 esse,
2974 2683 3090 2740 nisi
3115 2687 3373 2740 mortem
3420 2686 3731 2747 aeternam,

2070 2778 2360 2830 aeternam
2408 2776 2665 2829 mortem
2712 2773 2974 2830 veritatis
3028 2772 3481 2843 ignorantiam:
3536 2775 3595 2826 et
3621 2768 3728 2824 ubi

2069 2862 2377 2932 ignoretur
2400 2860 2641 2929 veritas,
2673 2860 2756 2917 ibi
2777 2860 3009 2918 nullam
3040 2860 3248 2917 vitam.
3280 2858 3477 2925 Quod,
3499 2873 3734 2931 quaeso,

2072 2950 2365 3023 gaudium
2385 2949 2498 3005 illis
2520 2950 2751 3019 irrogas
2771 2949 2997 3022 quibus
3016 2952 3305 3005 aeternam
3321 2950 3599 3014 mortem,
3619 2946 3734 3002 mi-

2072 3042 2311 3108 seriam,
2343 3039 2605 3095 veritatis
2661 3038 3088 3110 ignorantiam,
3146 3037 3499 3111 nullamque
3548 3035 3735 3092 vitam

2072 3145 2274 3189 messe
2302 3129 2598 3186 docueras
2612 3129 2641 3185 ?

2478 3251 2600 3293 nar.
2634 3251 2794 3301 Lxxi,
2825 3250 2951 3292 CAP.
2990 3234 3075 3307 19,
3103 3249 3256 3291 sscr.
3289 3236 3343 3289 3.

2147 3351 2186 3399 6
2223 3345 2374 3403 Dicis
2406 3362 2419 3401 :
2445 3345 2772 3415 Impiorum
2803 3343 3159 3414 angelorum
3189 3347 3245 3397 et
3275 3340 3588 3397 hominum
3616 3352 3737 3394 cor-

2077 3451 2229 3507 pora
2250 3434 2772 3506 pulchritudinem
2804 3439 2859 3489 et
2886 3432 3232 3489 naturalem
3263 3429 3734 3486 incolumitatem

2082 3525 2368 3583 habitura
2393 3530 2450 3581 et
2478 3524 2813 3593 refulsura.

2152 3617 2194 3686 -ι-
2218 3612 2711 3687 Respondemus:
2746 3611 2947 3668 Dicere
2973 3609 3342 3682 Scripturam
3375 3627 3388 3665 :
3453 3608 3565 3666 Ubi
3605 3607 3738 3663 nul-

2088 3709 2178 3763 lus
2206 3704 2355 3761 ordo
2383 3709 2439 3760 et
2480 3701 2875 3772 sempiternus
2923 3698 3144 3755 horror
3168 3698 3474 3755 inhabitat
3502 3696 3633 3768 (Job
3653 3699 3735 3763 t0,

2082 3795 2194 3867 22).

2480 3914 2600 3954 nne.
2634 3913 2804 3966 Lxxu,
2838 3912 2963 3952 CAP.
3003 3899 3089 3964 19,
3125 3910 3278 3953 secr.
3311 3898 3365 3951 3.

2158 4016 2205 4062 6
2233 4007 2387 4065 Dicis
2418 4024 2431 4062 :
2456 4007 2732 4076 Excepta
2755 4004 3125 4061 beatitudine
3150 4018 3272 4076 qua
3315 4000 3741 4073 privabantur,

2090 4099 2330 4155 nullam
2363 4095 2583 4153 habere
2604 4109 2871 4165 plenam.

2161 4189 2205 4258 οξ-
2233 4184 2691 4259 Respondemus
2723 4200 2736 4238 :
2762 4184 2874 4238 Eos
2899 4184 2957 4238 et
2976 4180 3324 4238 animarum
3344 4182 3401 4236 et
3429 4191 3744 4251 corporum

2094 4282 2351 4336 aeternos
2369 4274 2601 4350 perpeti
2634 4271 2953 4330 cruciatus.

2489 4417 2608 4457 per.
2633 4413 2975 4463 Lxx1n,0AP.
3007 4401 3272 4470 19,sncr.
3305 4398 3361 4451 3.

397 4496 440 4565 -ι-
469 4494 928 4568 Respondemus
961 4513 975 4553 :
999 4495 1355 4570 Utrumque,
1388 4497 1447 4553 et
1463 4498 1747 4552 naturam
1770 4491 1965 4550 scilice

2173 4518 2214 4566 6
2236 4510 2422 4569 Dicis:
2458 4508 2803 4579 Infelicium
2851 4506 3196 4564 animarum
3253 4502 3640 4559 intentionem
3675 4498 3744 4554 de

326 4586 385 4641 et
399 4582 775 4642 voluntatem
802 4585 1133 4659 impiorum
1162 4587 1282 4643 Deo
1312 4584 1497 4642 invite
1530 4583 1754 4641 servire
1803 4583 1992 4655 juste-

327 4688 449 4746 que
467 4673 689 4747 puniri,
710 4690 836 4733 non
856 4691 895 4732 a
924 4676 1139 4750 seipsis
1170 4693 1284 4735 sua
1311 4691 1516 4750 paena,
1580 4672 1688 4731 sed
1740 4672 1819 4730 ab
1867 4670 1994 4738 illo,

331 4764 507 4835 cujus
532 4768 621 4821 est
645 4768 912 4838 potestas
936 4767 1123 4839 justa.
1154 4769 1375 4823 Verum
1403 4770 1460 4823 te
1486 4765 1581 4822 his
1607 4763 1780 4821 dictis
1808 4761 1995 4836 pluri-

331 4868 502 4909 mum
531 4852 923 4926 impugnans,
954 4856 1061 4930 qui
1080 4872 1269 4930 supra
1281 4855 1518 4914 nullum
1537 4854 1633 4911 vel
1656 4853 1737 4911 ad
1760 4852 1997 4910 bonum

333 4942 430 4999 vel
460 4942 539 5002 ad
555 4944 793 5003 malum
814 4946 1094 5020 compelli
1118 4950 1486 5005 astruxeras.

729 5070 849 5110 per.
878 5067 1055 5124 vau,
1085 5070 1210 5112 CAP.
1243 5058 1332 5124 18,
1363 5056 1589 5111 sscr.8.

409 5181 449 5229 6
473 5174 665 5232 Dicis:
692 5177 780 5234 De
798 5192 921 5250 qua
939 5193 1127 5248 paena
1154 5195 1300 5251 quos
1315 5182 1483 5250 juste
1506 5193 1628 5234 non
1661 5177 1887 5242 liberet,
1920 5175 2001 5231 ad

341 5280 469 5323 eam
497 5266 635 5322 illos
667 5268 1103 5338 quodammodo
1125 5275 1437 5339 praeparet
1470 5269 1612 5324 dum
1643 5282 1736 5324 eos
1766 5266 1849 5323 ad
1870 5280 1998 5322 eam

339 5369 401 5411 se
416 5355 574 5425 ipsos
593 5370 961 5426 praeparare
988 5358 1319 5428 permittat.

413 5446 456 5514 +
486 5444 948 5517 Respondemus
981 5464 996 5502 :
1031 5444 1096 5502 Id
1119 5447 1320 5504 Patres
1350 5458 1672 5518 nunquam
1704 5442 1811 5500 tali
1839 5442 2003 5499 locu-

342 5531 503 5587 tione
531 5532 760 5589 dictum
789 5534 1068 5607 sensisse,
1088 5535 1237 5610 quin
1259 5535 1383 5593 imo
1414 5538 1470 5591 et
1488 5549 1831 5608 praeparare
1852 5531 2005 5603 seip-

346 5634 445 5675 sos
466 5620 545 5675 ad
573 5638 819 5693 poenam
841 5624 1048 5698 inique
1068 5626 1344 5697 vivendo,
1370 5630 1429 5682 et
1453 5625 1517 5681 in
1545 5623 1855 5697 iniquitate
1878 5635 2007 5693 per-

349 5709 719 5779 severando;
762 5714 820 5769 et
847 5715 1038 5771 Deum
1062 5716 1156 5775 vel
1182 5730 1551 5789 praeparare,
1578 5711 1671 5769 vel
1693 5708 2004 5785 praedesti-

349 5804 516 5859 nare,
546 5794 679 5854 illos
699 5798 1033 5866 justissima
1056 5804 1412 5877 judicando.

2104 4599 2455 4672 corporibus
2480 4601 2602 4654 suis
2625 4602 2883 4654 aeternas
2910 4595 3047 4665 pati
3068 4607 3391 4649 aerumnas.

2175 4703 2217 4771 -ι-
2246 4696 2743 4771 Respondemus:
2768 4692 3119 4794 Nullagenus
3145 4706 3258 4747 nos
3286 4688 3484 4745 videre
3504 4702 3747 4760 quamo-

2104 4790 2278 4847 brem
2331 4786 2596 4844 infelices
2653 4776 2966 4855 homines:
3013 4780 3238 4854 quibus
3286 4782 3425 4835 ante
3470 4776 3748 4847 gaudium

2106 4877 2427 4946 contulisti;
2455 4875 2546 4933 vel
2564 4890 2721 4948 quas
2767 4886 3073 4929 aerumnas
3114 4870 3190 4927 de
3240 4867 3597 4942 corporibus
3636 4864 3748 4921 suis

2105 4967 2432 5043 patiantur,
2475 4964 2697 5038 quibus
2769 4960 3195 5033 integritatem,
3235 4955 3747 5032 pulchritudinem,

2107 5056 2583 5115 incolumitatem
2614 5052 3035 5124 fulgoremque
3066 5048 3302 5106 dedisti.

2505 5179 2625 5220 Der.
2660 5175 2998 5227 Lxx1v,CAP.
3037 5163 3120 5226 19,
3146 5173 3296 5215 secr.
3325 5160 3379 5213 3.
3462 5141 3467 5144 ’

2183 5302 2223 5349 Θ
2247 5293 2403 5350 Dicis
2433 5309 2447 5347 :
2481 5292 2686 5361 Ipsum
2723 5289 2923 5360 ignem
2954 5285 3228 5342 omnibus
3259 5281 3610 5353 corporibus
3633 5278 3754 5349 ﬂeri

2113 5387 2742 5543 mingeislpondemus:
2762 5463 2999 5521 Nullam
3025 5477 3277 5536 prorsus
3294 5458 3424 5517 ﬁeri
3452 5446 3767 5530 gloriam...-

2112 5579 2322 5621 verum
2352 5556 2795 5617 interminabile
2826 5557 3215 5611 tormentum.

2548 5699 2667 5738 nar.
2700 5696 2870 5737 Lxxv.
2902 5695 3046 5735 EPIL.
3088 5691 3245 5735 sscr.
3274 5678 3329 5732 2.

2197 5800 2243 5848 6
2260 5786 3017 5869 Dicis:;PraedestinasseDe
3025 5800 3123 5841 um
3138 5782 3349 5854 impios
3360 5782 3442 5840 ad
3469 5780 3752 5838 interitum
