3950 6328
325 283 464 348 1367

857 411 946 469 De
983 407 1290 469 voluntate
1321 409 1448 470 Dei.

391 505 638 570 Quarto.
666 493 736 560 Ut
763 497 969 558 credat
991 501 1172 574 atque
1203 497 1558 559 conﬁteatur
1580 501 1768 558 Deum
1799 497 1990 558 omni-

315 599 627 672 potentem
655 609 1056 668 quoscunque
1104 593 1232 651 vult
1280 593 1532 666 salvere,
1577 597 1634 651 et
1681 594 1988 650 neminem

315 701 498 762 posse
525 683 744 742 salvari
767 679 1089 756 ullatenus,
1121 678 1237 739 nisi
1263 700 1446 758 quem
1475 683 1608 758 ipse
1639 683 1984 740 salvaverit:

317 789 533 834 omnes
559 775 762 831 autem
787 769 1008 829 salvari
1037 783 1437 846 quoscunque
1458 773 1586 846 ipse
1617 773 1850 830 salvere
1884 787 1991 829 vo-

315 859 512 921 luerit.
537 867 617 920 Ac
642 874 752 936 per
779 861 896 918 hoc
935 857 1284 934 quicunque
1312 872 1438 918 non
1461 862 1794 928 salvantur,
1821 855 1990 936 peni-

317 957 417 1011 tus
446 969 573 1012 non
620 967 750 1009 esse
807 937 1181 1008 voluntatem
1229 950 1390 1006 illius
1430 955 1498 1008 ut
1552 951 1877 1019 solventur,
1907 949 1990 1007 di:

316 1043 487 1101 cente
515 1039 814 1118 propheta
864 1053 878 1096 :
939 1037 1156 1098 Omnia
1185 1051 1558 1113 qucecunque
1584 1039 1775 1098 voluit
1803 1041 1984 1109 Deus,

315 1133 465 1206 fecit
494 1131 560 1190 in
600 1131 752 1189 certe
781 1129 930 1187 etin
980 1129 1166 1200 terra,
1207 1131 1271 1186 in
1311 1131 1472 1188 mari
1516 1133 1574 1188 et
1623 1127 1686 1186 in
1719 1130 1994 1187 omnibus

320 1220 555 1295 abyssz's
584 1221 776 1295 (Psat.
807 1229 1037 1289 CXXXIV,
1065 1217 1139 1292 6).

391 1311 465 1369 Et
488 1311 626 1369 licet
653 1311 938 1385 quasdam
963 1309 1082 1366 sint
1109 1309 1226 1366 alia
1255 1309 1551 1382 quibusin
1565 1307 1800 1380 Pelagio
1822 1306 1992 1366 dam-

320 1400 480 1460 natis
505 1399 928 1459 universaliter
968 1397 1228 1456 Ecclesia
1271 1400 1659 1472 consenserit,
1709 1397 1991 1470 satagerit

1399 288 1455 345 s.
1491 280 1880 343 pauonum
1919 271 2304 342 TRECENSIS
2354 275 2686 342 EPISCOPI.

3621 283 3771 343 £368

2023 416 2067 466 Α
2106 410 2285 484 atqtie
2317 405 2754 482 subscripserit,
2789 406 2918 466 haec
2949 411 3154 466 tamen
3185 407 3520 482 specialiter
3547 407 3773 468 adver-

2102 508 2206 556 sus
2238 515 2377 556 eum
2423 499 2674 572 ejusque
2706 497 3032 572 eomplices
3077 511 3186 572 per
3234 498 3629 571 apostolicam
3679 513 3776 556 se-

2096 589 2258 661 dem,
2303 589 2590 646 instantia
2617 589 2952 648 beatissimi
3003 587 3244 654 Aurelii,
3275 583 3775 660 Carthaginensis

2097 677 2385 752 episcopi,
2409 683 2588 753 atque
2617 678 2953 749 Augustini,
2987 690 3127 734 cum
3149 675 3282 734 aliis
3309 675 3584 734 ducentis
3611 693 3771 752 qua-

2096 767 2430 826 tuordecim
2471 765 2771 844 episcopis
2801 769 2881 826 ab
2911 769 3042 841 ejus
3072 765 3450 842 pravissimis
3481 769 3768 826 sensibus

2097 865 2286 929 eruta,
2310 860 2632 928 vindicata,
2665 865 2721 916 et
2770 859 2975 916 multis
3019 863 3144 916 tam
3175 857 3443 931 epistolis
3473 875 3663 932 quam
3699 855 3775 918 lit

2097 949 2222 1006 bris
2255 954 2377 1006 toto
2408 949 2555 1006 orbe
2589 949 2846 1018 vulgata,
2903 949 3102 1005 omnis
3152 947 3453 1022 hodieque
3517 949 3768 1020 gaudet,

2101 1038 2747 1111 conﬁtetur,przedicat,
2771 1042 2828 1094 et
2845 1042 3002 1095 tenet
3025 1042 3206 1112 atque
3229 1037 3452 1094 tenebit
3479 1038 3764 1096 Ecclesia.

2102 1131 2202 1185 His
2226 1146 2334 1204 per
2365 1131 2574 1187 omnia
2616 1135 3109 1200 consentaneum,
3163 1130 3613 1204 prredicabilem
3655 1147 3772 1206 pa-

2104 1221 3022 1294 ternitatem,fraternitatemque
3053 1225 3313 1278 vestram
3343 1221 3534 1290 gratia
3561 1237 3773 1294 super-

2103 1327 2183 1366 na
2215 1311 2494 1368 invictam
2550 1316 2730 1384 atque
2780 1311 3193 1384 praevalidam,
3243 1315 3299 1368 et
3351 1327 3462 1368 suo
3513 1325 3770 1367 munere

2101 1401 2464 1470 gaudentem
2483 1406 2776 1475 perpetuo
2797 1415 3155 1458 conservare
3175 1399 3476 1472 dignetur.

951 1649 1357 1721 EJUSDEM
1415 1650 1851 1722 EPISTOLA
1911 1650 2032 1721 AD
2088 1649 2541 1733 QUEMDAM
2588 1649 3124 1720 EPISCOPUM.

1657 1807 1929 1886 (Mabill.,
1963 1803 2091 1871 νει.
2125 1813 2418 1882 Analect.)

1833 1953 2242 1979 ψ

391 2069 650 2128 Domino
677 2068 1322 2126 mihiindominorum
1341 2070 1596 2129 Domino
1619 2071 1981 2130 desiderabi-
2013 2075 2057 2130 B
2098 2073 2472 2142 unanimem,
2547 2072 2676 2128 imo
2743 2088 2837 2128 me
2905 2072 3156 2128 alterum
3221 2069 3570 2144 quaeritans,
3641 2074 3774 2128 tan-

319 2160 454 2219 liter
481 2157 830 2216 venerando
858 2159 950 2215 ill.
983 2158 1199 2216 merito
1226 2155 1582 2219 sacerdotali
1612 2167 1990 2236 paterneque

325 2248 591 2308 culmine
625 2247 935 2320 insignito,
969 2251 1325 2306 Pnunenrws
1370 2249 1741 2308 famulorum
1776 2251 1988 2307 Christi

322 2337 726 2408 humillimus,
775 2337 1206 2412 sempiternam
1253 2338 1317 2394 in
1373 2340 1652 2396 omnium
1684 2340 1992 2398 Salvatore

325 2429 604 2488 salutem.
898 2464 906 2470 -

397 2520 725 2587 Quantum,
779 2516 864 2574 mi
902 2517 1158 2576 fratrum
1200 2518 1578 2589 charissime,
1633 2513 1843 2576 litterae
1869 2521 1988 2576 tum

320 2605 852 2685 perdesiderabilis
900 2607 1050 2666 mihi
1091 2609 1504 2680 germanitatis
1553 2611 1747 2665 textus
1788 2625 1991 2666 meam

323 2699 432 2756 diu
476 2696 1008 2772 insatiabiliterque
1067 2697 1377 2756 collectam
1431 2698 1592 2754 sitim
1654 2703 1996 2772 aestumque

323 2787 584 2846 dulcedo
621 2789 998 2861 recreaverit,
1058 2792 1479 2863 quantumque
1525 2789 1992 2860 jucundissimae

325 2877 742 2936 oblectationis
770 2873 1080 2946 invexerit,
1109 2875 1362 2934 ﬁdeliter
1384 2870 1574 2934 fateor
1604 2878 1723 2934 dici
1753 2879 1989 2952 nequit:

324 2961 554 3042 quippe
584 2977 724 3024 cum
767 2961 854 3024 tot
901 2961 1204 3042 tantisque
1247 2966 1770 3042 perturbationiim
1799 2967 1993 3025 ﬂucti-

323 3057 444 3117 bus
471 3067 628 3132 pene
658 3051 1125 3114 irrevocabiliter
1154 3055 1511 3122 obrutus,ne
1545 3057 1720 3114 sibilo
1745 3057 1993 3132 quidem

324 3149 394 3205 ut
415 3145 654 3216 dicitur,
688 3140 776 3204 tui
803 3139 1144 3220 quidquam
1172 3147 1411 3204 haurire
1441 3147 1758 3216 voluerim,
1793 3149 1994 3204 utrum

324 3242 386 3298 te
408 3251 592 3312 super
607 3235 688 3296 ad
705 3237 1030 3294 Dominum
1051 3235 1181 3312 jam
1205 3233 1435 3296 redisse
1463 3240 1994 3310 contingeret,cum

326 3333 575 3404 repente
603 3325 706 3384 vix
737 3325 983 3386 tandem
1023 3339 1061 3388 a
1086 3325 1369 3402 palatinis
1425 3330 1714 3402 excubiis,
1773 3329 1995 3404 quibus

2097 2161 2237 2218 dem
2266 2158 2562 2236 reperisse
2592 2169 2694 2218 me
2747 2161 3082 2234 plurimum
3125 2160 3361 2230 gaudeo
3409 2177 3422 2215 :
3473 2159 3770 2232 quoniam

2097 2252 2201 2324 qui
2220 2252 2352 2325 ipso
2392 2251 2542 2307 mihi
2586 2251 2799 2308 auditu
2843 2251 3137 2306 extinctus
3187 2248 3532 2318 videbatur,
3567 2249 3770 2305 subito

2097 2343 2308 2398 vivens
2333 2341 2614 2416 apparuit
2645 2360 2658 2410 ;
2703 2347 2758 2398 et
2785 2358 2969 2414 quem
2999 2341 3200 2398 abisse
3231 2340 3632 2396 autumabam
3659 2356 3763 2396 su-

2098 2448 2337 2506 peresse
2377 2447 2504 2488 non
2546 2431 2816 2502 ambigo.
2840 2435 3038 2502 Agens
3085 2431 3288 2504 itaque
3319 2429 3548 2486 auctori
3576 2430 3768 2487 bono-

2097 2529 2236 2578 rum
2263 2520 2538 2578 omnium
2566 2521 2810 2590 gratias,
2859 2517 3161 2576 indefessa
3188 2519 3304 2576 hoc
3353 2530 3480 2575 uno
3508 2518 3770 2593 inexple-

2098 2609 2292 2667 biliter
2310 2609 2476 2666 bono
2503 2609 2756 2678 afﬁcior,
2789 2625 2912 2682 quo
2939 2613 2994 2665 te
3023 2625 3149 2665 non
3193 2613 3314 2664 tam
3344 2608 3544 2665 vivere
3573 2624 3766 2680 quam

2098 2700 2256 2756 bene
2273 2700 2472 2757 vivere
2499 2700 2700 2769 audio,
2734 2699 2986 2756 audiens
3011 2699 3298 2770 gratulor,
3327 2698 3639 2769 gratulans
3663 2697 3764 2754 de-

2101 2789 2320 2858 sidero,
2358 2789 2712 2845 desiderans
2750 2788 3036 2861 postulo;
3095 2791 3154 2844 et
3181 2791 3246 2843 ut
3274 2787 3402 2861 ipse
3447 2786 3766 2844 convivere

2101 2888 2337 2935 merear
2365 2872 2480 2934 tuis
2511 2877 2667 2951 [piis]
2699 2877 2976 2950 precibus
3007 2881 3148 2950 opto
3175 2893 3245 2934 ac
3274 2872 3520 2948 meritis,
3543 2865 3770 2950 quibus

2102 2985 2199 3024 me
2221 2961 2300 3025 ab
2330 2961 2615 3024 omnibus
2639 2967 3020 3040 propositum
3047 2971 3377 3039 votumque
3407 2959 3760 3023 Christianae

2103 3059 2326 3116 militiae
2347 3051 2798 3128 infatigabiliter
2827 3057 3328 3131 oppugnantibus
3359 3047 3768 3114 innutabiliier

2096 3152 2354 3210 'relevari
2385 3151 2645 3208 conﬁdo.
2677 3155 2796 3222 Age
2828 3167 3016 3220 nunc,
3052 3150 3310 3208 fratrum
3339 3141 3770 3216 dulcissime,et

2103 3242 2257 3300 duce
2283 3242 2559 3299 omnium
2585 3239 3158 3308 ordinantis,omnia
3193 3240 3525 3297 serenantis
3553 3239 3767 3309 gratia,

2103 3349 2203 3390 me
2245 3349 2513 3406 meaeque
2570 3329 2914 3389 discretioni
2961 3331 3322 3388 commissos
3375 3329 3767 3386 sanctissimae

327 3413 436 3476 diu
463 3411 753 3474 inservire
783 3417 1028 3474 coactus
1071 3416 1327 3486 fueram,
1359 3417 1693 3489 absolutus,
1742 3417 1994 3476 latorem
2027 3441 2067 3496 ρ
2104 3422 2672 3496 instantissimaeque
2692 3421 3132 3478 intercessionis
3149 3437 3262 3495 ope
3279 3421 3490 3478 fulcire
3510 3436 3634 3477 non
3663 3419 3768 3476 de-

327 3521 522 3584 quam
551 3499 1046 3564 desiderabatur!)
1083 3505 1233 3563 mihi
1263 3507 1572 3581 apicum...
1601 3515 1816 3566 vestrae
1859 3507 1996 3566 Tre-

279 3593 288 3602 ‘
330 3605 456 3668 cas,
485 3593 581 3653 cui
611 3605 712 3652 me
741 3589 948 3652 divina
978 3587 1190 3666 gratia,
1223 3607 1348 3653 non
1379 3599 1582 3654 autem
1604 3598 1728 3656 ulla
1751 3599 1994 3655 merito-

326 3699 468 3747 rum
481 3695 760 3743 meorum
779 3679 1092 3759 plenitudo
1117 3695 1377 3759 praeesse
1406 3683 1655 3757 dignata
1679 3693 1790 3759 est,
1814 3687 1998 3745 offen-

328 3777 412 3835 di.
445 3771 515 3834 Et
543 3769 775 3844 audito,
805 3773 972 3848 quod
993 3775 1323 3834 extinctum
1353 3777 1722 3847 metuebam,
1756 3777 2001 3835 alterius

328 3867 453 3926 mei
476 3865 748 3938 nomine,
778 3865 1063 3938 explosis,
1113 3857 1337 3938 gaudio
1392 3869 1734 3942 superante,
1768 3869 2000 3942 scpori-

327 3958 471 4028 bus,
494 3957 920 4032 desperatione
943 3957 1146 4031 potius
1175 3967 1366 4032 quam
1408 3959 1709 4017 oblivione
1737 3963 2004 4017 contrac-

331 4048 428 4118 tis,
455 4046 750 4122 respiravi
783 4061 800 4118 ε
828 4050 888 4104 et
911 4059 1190 4121 superna
1217 4048 1496 4118 bonitati,
1539 4059 1676 4123 qua:
1711 4049 1864 4108 inter
1892 4049 2001 4106 ad-

330 4148 512 4198 vena-
534 4140 594 4196 οι
616 4149 914 4212 prospera
959 4153 1110 4194 suos
1137 4152 1378 4196 servare
1403 4139 1716 4197 consuevit
1747 4139 2008 4210 gratula-

333 4229 458 4294 tus.
485 4225 824 4284 litteratum
850 4225 1181 4286 insatiabili
1221 4230 1406 4301 atque
1435 4228 1759 4286 multodies
1790 4229 2007 4286 iterata

333 4313 683 4378 rectissime
730 4313 1036 4373 intimae
1076 4315 1198 4376 illia
1244 4328 1456 4376 meum
1500 4320 1596 4376 iu.
1642 4328 2004 4391 germanum"

337 4461 398 4476 νη

2105 3513 2312 3570 sinas:
2359 3529 2516 3585 quos
2571 3511 2902 3586 plurimum
2948 3511 3146 3568 vivere
3195 3511 3246 3568 si
3297 3511 3477 3569 xenia
3503 3511 3766 3584 propriis

2107 3601 2546 3660 adinventionis
2587 3601 2681 3658 vel
2721 3601 2944 3672 ligatae,
2976 3601 3072 3658 vel
3131 3601 3342 3658 solutae
3383 3601 3594 3658 crebro
3634 3599 3770 3656 visi-

2107 3697 2267 3764 tans,
2289 3692 2584 3748 mittenda
2620 3692 2950 3765 imperans,
2983 3691 3470 3749 desiderantibus
3512 3681 3768 3748 miseris.

2107 3783 2265 3838 Bene
2297 3786 2350 3838 te
2383 3797 2744 3856 semperque
2781 3781 2841 3838 in
2892 3781 3147 3838 Domino
3185 3782 3510 3852 valentem,
3538 3794 3770 3854 nosque

2107 3871 2595 3946 importunarum
2634 3871 2804 3928 clavo
2865 3871 3378 3945 supplicationum
3425 3872 3502 3929 ad
3531 3875 3776 3946 portum-

2109 3963 2296 4036 optati
2325 3961 2537 4018 littoris
2552 3963 2938 4018 revehentem
2960 3961 3153 4018 virtus
3185 3961 3614 4036 omnipotentis
3637 3961 3774 4018 bra-

2109 4050 2225 4108 chii
2257 4066 2618 4107 conservare
2648 4051 2950 4120 dignetur.

2184 4142 2340 4208 Quot
2365 4156 2548 4197 voces
2577 4141 2794 4211 oculis,
2817 4140 3047 4211 lingua,
3079 4141 3414 4215 audituque
3441 4155 3769 4213 manuque.

2257 4229 2536 4299 Hausisti,
2561 4229 2808 4286 totidem
2831 4229 3130 4286 lzetiticere
3149 4229 3347 4288 bonis.

1205 4607 1888 4729 SANGTI
1929 4608 2920 4726 PBUEE‘SNTEI

1645 4806 1649 4810 ’
1686 4837 2078 4896 TBECENSIS
2128 4831 2442 4894 EPISCOPT

626 5040 943 5157 SERMO
1004 5043 1120 5156 BE
1181 5042 1404 5157 VITA
1478 5041 1592 5156 ET
1671 5041 2011 5170 Mitti“
2093 5038 2581 5156 GLOBIOS£
2665 5039 3094 5156 VlltGlNlS
3157 5041 3498 5156 MAUMl-

1218 5269 1410 5352 (Apud
1434 5273 1688 5346 (tamen,
1720 5278 2193 5352 Promptuarium
2218 5278 2402 5351 sntiq.
2426 5275 2685 5334 Tricass.
2720 5278 2914 5350 dicae.)

415 5539 680 5630 inﬂatis,
703 5539 1040 5612 charissimi
1071 5551 1196 5626 ﬁlii,
1239 5555 1598 5630 opportune,
1642 5539 2007 5630 importune,
2037 5551 2084 5614 Π
2123 5555 2230 5614 sed
2261 5557 2317 5614 et
2338 5555 2623 5630 scriptum
2646 5555 2984 5630 relinquam
3003 5554 3260 5629 posteris
3277 5549 3768 5630 profuturumAd

347 5633 416 5694 ut
439 5629 574 5696 loco
605 5639 904 5701 sermonis
932 5661 1118 5718 quem
1162 5629 1378 5704 diebus
1433 5629 1804 5706 solemnibus
1837 5647 2007 5706 vobis

350 5721 550 5822 facere
575 5732 882 5822 consuevi,
911 5733 989 5790 de
1017 5734 1137 5792 vita
1161 5736 1511 5807 gloriosa,et
1537 5737 1728 5794 morte
1747 5736 2011 5810 pretiosa

356 5817 579 5868 sororis
595 5817 818 5872 nostrae
831 5821 1198 5890 Mauraemon
1221 5823 1422 5883 solum
1435 5824 1636 5884 dicam
1646 5825 1985 5900 quidquam
1994 5866 2008 5894 ,

2117 5643 2232 5703 hoc
2251 5647 2412 5703 enim
2442 5647 2623 5703 frater
2645 5647 2775 5718 ejus
2808 5647 3147 5720 Eutropius,
3165 5646 3528 5720 praepositus
3557 5650 3760 5714 vester,

2117 5737 2223 5811 qui
2253 5737 2364 5794 fuit
2397 5737 2647 5810 spiritali
2687 5738 3002 5796 affectione
3033 5737 3397 5810 germanior,
3429 5753 3617 5822 quam
3656 5753 3762 5795 car-

2116 5825 2383 5898 nali,me
2406 5839 2481 5887 ex
2505 5831 2676 5901 parte
2704 5832 2926 5901 vestra,
2955 5833 3014 5890 et
3039 5827 3132 5886 Vir
3155 5824 3638 5900 religiosissimus
3657 5827 3763 5884 Leo
