3950 6368
149 288 286 344 1369

1268 287 1358 340 DE
1397 285 1554 340 VITA
1595 284 1678 338 ET
1715 283 1950 343 IORTB
1992 286 2050 340 B.
2094 288 2159 342 ν.
2200 289 2484 345 MAURE.

3457 300 3596 358 1370

140 412 362 480 abbas,
385 412 619 468 vicinus
650 413 873 477 noster,
898 410 1007 482 qui
1035 425 1172 467 eam
1211 409 1590 468 catechizavit
1621 413 1678 463 et
1721 424 1811 462 re-
1840 410 1886 466 Α
1928 410 2170 468 vitalem
2225 428 2298 468 ex
2345 413 2656 485 lacrymis,
2707 415 2838 486 ejus
2889 431 3169 489 saporem
3231 426 3483 491 gustans
3531 427 3594 482 in

141 501 452 572 generavit
481 517 554 556 ex
585 516 748 572 aqua
778 503 834 556 et
864 501 1081 573 Spiritu
1116 505 1345 570 sancto,
1376 516 1448 555 ex
1480 501 1646 570 parte
1679 513 1812 552 san-

144 595 380 648 ctorum
410 590 856 646 monachorum
889 590 1224 646 sollicitavit
1259 590 1618 662 frequenter.
1654 589 1810 643 Gau-

141 682 257 738 deo
311 682 373 736 in
430 680 686 736 Domino
737 679 811 734 de
855 679 1174 735 uberrimis
1213 684 1423 734 vestrae
1476 677 1812 734 devotionis

143 770 494 843 manipulis,
529 769 753 841 quibus
803 784 928 824 non
972 770 1190 826 sufﬁcit
1219 770 1385 841 quod
1432 768 1678 823 virtutes
1711 766 1814 822 Dei

141 861 206 916 in
234 860 334 916 illa
360 860 618 932 propriis
653 858 841 914 oculis
875 859 1205 930 aspexistis,
1237 859 1352 914 nisi
1383 858 1562 914 etiam
1591 855 1812 928 pluries

145 950 424 1006 recitatas
479 949 739 1021 propriis
770 948 1020 1003 auribus
1051 948 1362 1004 hauriatis.
1396 947 1489 1002 Ad
1538 947 1812 1018 ipsarum

142 1040 306 1096 enim
351 1039 726 1095 auditionem
754 1038 1048 1104 iteratam,
1084 1039 1144 1094 in
1190 1039 1443 1094 odorem
1473 1041 1813 1108 unguento-

141 1146 280 1184 rum
332 1145 584 1185 suorum
632 1128 956 1183 ferventius
1007 1127 1261 1198 curritis,
1296 1131 1352 1184 et
1397 1125 1674 1198 exemplo
1705 1127 1815 1181 do-

138 1218 390 1274 mestico
436 1217 762 1290 provocati,
797 1232 1008 1271 rursus
1045 1216 1315 1272 laborem
1362 1216 1810 1288 amplectentes,

134 1307 337 1363 bravii
367 1307 630 1363 fructum
651 1311 708 1362 et
738 1307 1032 1362 honorem
1062 1306 1442 1377 exspectatis,
1475 1321 1659 1378 quem
1682 1305 1813 1375 jam

135 1397 412 1470 prudens
458 1397 629 1465 virgo
680 1396 902 1468 adepta
950 1400 1058 1458 est.
1088 1412 1248 1468 quae,
1282 1399 1528 1467 accepto
1571 1395 1705 1450 oleo
1759 1398 1816 1450 et

138 1490 350 1557 aptata
378 1485 686 1557 lampade,
712 1478 851 1540 cum
882 1500 1108 1557 sponso
1141 1485 1219 1540 ad
1249 1501 1547 1558 perennes
1573 1484 1814 1556 nuptias

139 1580 231 1633 est
276 1577 572 1645 ingressa,
617 1576 693 1632 de
746 1575 971 1647 quibus
1018 1576 1204 1632 modo
1244 1580 1451 1631 nostro
1501 1580 1814 1632 cantemus

137 1665 378 1723 interim
427 1665 576 1720 dum
622 1665 902 1733 viatores,
937 1667 1003 1721 ut
1046 1665 1124 1722 ad
1174 1682 1276 1722 eos
1305 1665 1657 1722 recumbere
1707 1681 1814 1721 va-

1927 502 2112 567 cmlis,
2146 505 2318 575 cujus
2363 506 2613 561 odorem
2646 506 2842 562 oifecit
2867 507 2927 562 in
2979 510 3168 565 terris.
3202 513 3332 567 Non
3362 512 3590 585 doleas,

1927 593 2167 664 iiutropi
2212 594 2296 648 fili
2344 595 2449 664 mi,
2501 611 2610 650 nec
2656 600 2710 651 te
2753 596 2814 651 in
2863 597 3083 669 opibus
3132 599 3446 672 derelictis,
3475 607 3592 661 tum

1924 680 2269 738 intentionis
2331 684 2529 740 fructu
2614 684 2964 742 frustratum
3033 689 3316 760 causeris,
3384 708 3594 752 revera

1922 771 2067 842 ipsis
2124 772 2555 842 mediantibus,
2615 778 2818 832 Maura
2871 792 3042 832 soror
3102 779 3204 835 tua
3267 779 3592 840 nobiliores

1929 860 2226 916 thalamos
2273 862 2472 926 subiit,
2504 867 2560 920 et
2589 865 2920 921 solemnius
2965 867 3341 925 connubium
3389 873 3594 932 sortita

1926 954 2034 1017 est,
2063 950 2137 1005 de
2182 968 2541 1009 mammona
2569 955 2922 1026 iniquitatis,
2955 972 3214 1028 magnos
3262 959 3491 1018 amicos
3537 967 3598 1022 et

1925 1053 2219 1109 sponsum
2253 1046 2560 1112 potentem
2592 1047 2649 1098 et
2674 1043 2921 1099 divitem
2952 1045 3014 1099 in
3045 1061 3256 1102 omnes
3285 1048 3391 1120 qui
3420 1049 3592 1106 invo-

1925 1133 2063 1184 cant
2092 1145 2232 1184 eum
2263 1136 2320 1186 et
2344 1132 2688 1204 speciosum
2717 1133 2911 1190 forma
2937 1151 3060 1206 prae
3105 1136 3241 1192 ﬁliis
3269 1138 3590 1197 hominum

1925 1219 2259 1290 acquisivit.
2279 1223 2525 1290 Magnus
2548 1223 2778 1278 amicus
2800 1225 3081 1298 princeps
3104 1225 3517 1299 apostolorum
3537 1227 3596 1284 et

1926 1307 2188 1378 claviger
2224 1310 2394 1379 regni
2440 1311 2749 1380 ccelorum,
2785 1330 3044 1384 magnus
3079 1320 3322 1372 sanctus
3371 1316 3596 1373 Paulus

1926 1397 2230 1454 electionis
2286 1416 2420 1463 vas,
2471 1417 2734 1473 quorum
2782 1403 3091 1476 obsequiis
3150 1405 3213 1461 in
3259 1406 3597 1465 ’l‘ricassina

1926 1486 2180 1544 ecclesia
2209 1492 2265 1544 et
2297 1505 2361 1545 se
2402 1494 2458 1546 et
2502 1507 2614 1548 sua
2652 1508 2763 1564 pro
2794 1498 2967 1565 parte
2996 1510 3121 1550 non
3151 1495 3394 1552 modica
3423 1495 3593 1552 dedi-

1927 1577 2099 1632 cavit.
2135 1578 2279 1643 Quis
2311 1579 2514 1636 oleum
2545 1580 2623 1635 ad
2647 1579 2964 1654 lampades
2995 1583 3420 1640 ministrabat?
3441 1588 3572 1642 Mau

1926 1682 2015 1722 ra.
2096 1667 2239 1732 Quis
2293 1668 2465 1740 palas
2523 1670 2920 1728 conferebat?
2967 1675 3188 1730 Maura.
3236 1674 3380 1740 Quis
3424 1675 3599 1732 vesti-

135 1757 381 1813 leamus
413 1755 973 1828 comprehensores,
1012 1756 1235 1827 recepti
1263 1755 1368 1812 ubi
1387 1755 1530 1827 justi
1562 1755 1812 1828 epulan-
1842 1768 1888 1824 Β
1927 1759 2134 1812 menta
2165 1758 2564 1815 sacerdotalia
2586 1759 2660 1816 de
2689 1762 2937 1833 proprio
2969 1763 3416 1836 comparabat?
3444 1768 3599 1823 Μουθ-

139 1849 240 1901 tur
270 1847 329 1900 et
354 1842 660 1900 exsultant
681 1842 743 1897 in
770 1847 1098 1915 conspectu
1123 1842 1245 1899 Dei.

214 1935 440 1992 Sedula
486 1934 548 1989 in
597 1933 809 1988 Christi
855 1937 913 1990 et
963 1933 1237 1989 Ecclesiae
1294 1933 1531 1989 servitio
1576 1934 1814 1990 Seduiia

137 2025 346 2092 vidua,
375 2025 568 2080 beata;
599 2027 792 2078 mater
817 2022 1056 2095 puellae,
1085 2027 1140 2078 et
1180 2023 1463 2094 praefatus
1499 2024 1813 2096 Eutropius

139 2114 324 2171 frater
351 2114 480 2185 ejus
509 2117 786 2169 asserunt
817 2113 1093 2168 nondum
1125 2129 1261 2167 eam
1292 2112 1482 2168 astatis
1534 2129 1656 2167 suae
1710 2129 1816 2168 an-

136 2221 292 2261 num
334 2203 697 2274 vigesimum
728 2203 968 2258 tertium
1013 2204 1336 2274 peregisse,
1369 2219 1529 2264 cum.
1567 2204 1812 2260 calcatis

141 2294 490 2352 carnalibus
518 2293 764 2365 nuptiis,
794 2293 873 2349 ad
904 2293 1222 2365 praedictas
1270 2292 1541 2348 caelestes
1567 2295 1810 2366 nuptias

143 2388 234 2441 est
283 2383 569 2440 admissa.
623 2386 804 2438 Porro
853 2382 1150 2440 Marianus
1201 2385 1371 2454 pater
1419 2383 1570 2452 ejus,
1598 2383 1703 2455 qui
1749 2384 1812 2440 in

139 2473 393 2531 ecclesia
445 2472 876 2545 Apostolorum
932 2472 1203 2544 sepultus
1262 2475 1369 2539 est,
1429 2472 1614 2544 paulo
1674 2476 1811 2529 ante

139 2564 344 2636 ipsam
385 2561 666 2632 migravit
687 2578 723 2618 a
745 2561 986 2629 StBClllO,
1019 2577 1201 2633 quem
1240 2560 1376 2632 ipsa
1401 2559 1545 2629 ﬁlia,
1571 2561 1648 2617 ab
1677 2562 1813 2634 ipso

140 2653 462 2710 carnaliter
504 2652 738 2708 mundo
770 2651 992 2721 genita,
1020 2651 1211 2706 multo
1245 2651 1471 2707 semine
1516 2651 1814 2724 lacryma-

138 2760 281 2799 rum
335 2746 452 2798 Deo
501 2741 730 2797 studuit
779 2741 1114 2814 specialiter
1161 2756 1468 2810 generare.
1505 2742 1615 2806 Qui
1673 2757 1813 2798 cum

142 2834 305 2889 esset
335 2831 520 2898 dives,
555 2835 769 2903 potens
797 2835 853 2886 et
883 2830 1127 2894 nobilis,
1149 2830 1278 2901 jam
1327 2830 1641 2899 ingressus
1688 2836 1814 2886 erat

139 2923 300 2978 latas
350 2920 548 2976 saeculi
596 2919 751 2988 vias,
785 2919 889 2974 sed
920 2935 1027 2991 per
1061 2919 1159 2974 Dei
1192 2919 1445 2988 gratiam
1480 2919 1558 2974 ad
1584 2923 1814 2975 arctam

139 3011 308 3067 viam
340 3026 480 3081 quas
512 3009 675 3064 ducit
705 3008 784 3064 ad
808 3008 1015 3079 vitam,
1044 3008 1197 3064 duce
1229 3007 1374 3076 filia,
1403 3023 1680 3064 reversus
1703 3013 1811 3065 est.

142 3104 376 3156 Revera
411 3097 738 3154 tractabilis
787 3101 968 3152 homo
1012 3101 1158 3163 erat,
1185 3102 1242 3152 et
1277 3097 1541 3152 consiliis
1570 3097 1812 3169 acquie-

143 3205 347 3258 scens,
376 3192 434 3244 et
463 3187 569 3260 qui
597 3187 746 3242 nihil
778 3187 1199 3258 qualecunque
1227 3187 1383 3258 patri
1408 3203 1520 3242 suo
1557 3187 1632 3242 de
1656 3187 1812 3242 salu-

138 3280 254 3338 tari
285 3278 675 3335 conversione
707 3278 969 3349 Eutropii
1016 3278 1122 3333 ﬁlii
1171 3277 1264 3333 sui
1294 3277 1567 3344 credidit,
1599 3279 1673 3332 de
1724 3295 1814 3334 sa~

137 3371 262 3427 lute
283 3369 530 3442 propria
561 3367 779 3439 virgini
811 3371 1024 3424 Maura:
1047 3367 1184 3422 tiliae
1216 3367 1457 3423 credere
1488 3383 1612 3423 non
1633 3383 1815 3438 nega«

140 3460 245 3516 vit.
295 3459 561 3514 Adduxit
608 3458 688 3514 ad
717 3472 815 3512 me
859 3455 1085 3512 femina
1118 3457 1333 3527 virum,
1370 3457 1699 3526 juvencula
1729 3474 1815 3512 se-

139 3565 306 3620 men,
332 3548 458 3604 ﬁlia
507 3550 766 3620 patrem,
795 3545 1036 3601 ovicuia
1085 3546 1367 3602 leonem:
1402 3550 1459 3601 et
1506 3546 1584 3601 ad
1629 3547 1816 3618 pedes

138 3655 313 3696 meos
338 3637 739 3712 procumbere
771 3636 1019 3707 faciens,
1050 3637 1413 3693 admiranda
1443 3637 1678 3693 cautela
1705 3639 1814 3694 do-

140 3731 266 3785 cuit
311 3733 370 3784 et
409 3727 484 3783 de
542 3727 882 3783 commissis
929 3726 1279 3782 medullitus
1326 3727 1568 3794 conteri,
1604 3731 1661 3784 et
1687 3728 1816 3800 ple-

140 3819 311 3876 narie
338 3818 628 3875 conﬁteri.
660 3817 771 3883 Qui
800 3817 984 3873 etiam
1015 3817 1091 3872 de
1140 3817 1391 3873 consilio
1420 3833 1560 3874 meo
1592 3823 1649 3873 et
1676 3818 1815 3874 filim

142 3927 270 3965 suae
297 3925 484 3981 quam
525 3907 822 3980 optimam
852 3906 1044 3962 habui
1095 3906 1475 3978 adjutricem,
1512 3911 1815 3979 tempora-

139 4000 302 4056 libus
337 3998 654 4061 abdicatis,
686 4002 742 4053 et
770 3997 1088 4053 ecclesiam
1119 3995 1555 4067 Apostolorum
1582 4006 1608 4031 ⁸
1633 3997 1819 4052 haere-

138 4091 280 4146 dem
331 4089 658 4156 constituit,
713 4091 772 4143 et
812 4087 875 4142 in
923 4087 1059 4159 ipsa
1104 4086 1350 4142 tandem
1397 4100 1618 4157 corpus
1673 4102 1816 4158 pro.

136 4181 343 4253 prium
373 4193 449 4234 ex.
494 4177 684 4233 multa
715 4175 913 4233 cordis
944 4175 1264 4231 devotione
1297 4175 1536 4246 sepeliri
1566 4175 1818 4232 manda-

137 4272 241 4328 vit.
277 4267 512 4325 Gratias
543 4267 651 4323 tibi
678 4282 816 4337 ago,
852 4266 1101 4321 Domine
1135 4265 1312 4329 Deus,
1345 4265 1451 4336 qui
1493 4264 1674 4320 talem
1704 4281 1814 4322 no-

134 4357 234 4412 bis
274 4356 338 4412 in
385 4360 491 4412 tuo
532 4355 863 4412 ministerio
909 4354 1382 4426 cooperatricem
1411 4354 1517 4409 tibi
1547 4354 1814 4426 compla-

139 4448 266 4505 cuit
323 4448 732 4516 concessisse;
781 4463 920 4518 quse
977 4446 1129 4502 sicut
1178 4444 1334 4514 ignis
1380 4444 1485 4516 qui
1517 4446 1817 4501 comburit

142 4535 386 4602 silvam,
409 4541 470 4594 et
499 4538 654 4594 sicut
681 4537 934 4594 ﬂamma
965 4535 1332 4592 comburens
1363 4539 1622 4603 montes,
1645 4535 1814 4607 prius
1843 4519 1886 4572 Ῑ)

138 4627 423 4702 proxima
454 4643 734 4700 quaeque,
767 4629 835 4682 ut
875 4629 1040 4698 patet
1075 4628 1138 4681 in
1167 4630 1337 4697 patre
1362 4629 1419 4680 et
1455 4623 1684 4681 familia
1710 4639 1814 4697 pa-

141 4718 268 4787 tris,
323 4720 380 4773 et
427 4721 658 4773 remota
716 4719 932 4788 postea
975 4715 1398 4782 inﬂammavit,
1445 4713 1584 4783 igne
1631 4729 1816 4786 quem

143 4807 362 4866 venisti
385 4805 617 4862 mittere
641 4805 704 4861 in
737 4810 977 4873 terram,
1014 4809 1071 4860 et
1103 4810 1166 4860 ut
1191 4804 1400 4861 ardeat
1425 4803 1686 4860 voluisti.

213 4896 369 4954 Nihil
428 4911 635 4952 secum
690 4895 872 4952 frater
918 4894 1256 4966 Eutropius,
1317 4893 1378 4948 in
1428 4893 1820 4950 conversione

147 5001 259 5043 sua
311 4986 386 5042 de
437 4985 619 5042 rebus
668 4985 936 5058 paternis
993 4983 1206 5054 attulit,
1263 4998 1334 5040 ea
1385 4984 1573 5038 unicae
1629 4983 1821 5040 sorori

147 5093 296 5147 suae,
328 5091 401 5132 ea
439 5075 767 5131 intentione
816 5075 1134 5131 habendas
1183 5073 1549 5145 relinquens,
1583 5077 1648 5129 ut
1676 5073 1822 5146 ipsis

144 5165 558 5224 mediantibus
599 5166 927 5222 nobiliores
974 5164 1200 5220 subiret
1246 5165 1569 5233 thalamos,
1613 5167 1670 5219 et
1728 5180 1823 5220 so-

147 5255 411 5312 lemnius
442 5257 651 5326 posset
674 5251 1133 5310 matrimonium
1161 5252 1486 5308 celebrare.
1517 5252 1660 5307 Mira
1686 5267 1779 5306 res
1805 5252 1818 5306 ι

149 5345 497 5417 Eutropius,
530 5347 598 5400 ut
638 5344 810 5400 salva
857 5357 1006 5416 pace
1053 5359 1165 5398 sua
1206 5342 1446 5415 loquar,
1476 5340 1822 5397 valedicens

144 5433 392 5500 stmulo,
442 5433 519 5489 de
575 5433 969 5489 saecularibus
1015 5431 1352 5502 cogitabat;
1401 5434 1603 5489 Maura
1656 5445 1819 5495 vero,

141 5537 470 5581 remanens
521 5521 583 5578 in
633 5523 875 5591 saeculo,
925 5537 1132 5578 secum
1182 5522 1258 5578 de
1305 5521 1459 5577 coelo
1506 5521 1822 5589 tractabat,

142 5615 307 5670 unde
357 5613 620 5669 fructum
666 5629 828 5668 nunc
875 5616 1138 5684 reportat
1182 5613 1240 5667 in
1291 5611 1661 5683 respectione
1694 5611 1820 5666 ani-

144 5719 389 5760 marum
421 5707 789 5770 sanctarum,
825 5716 946 5756 non
978 5702 1295 5758 mortalem
1321 5718 1394 5756 ex
1435 5701 1679 5773 nuptiis,
1715 5701 1821 5755 sed

1925 1862 2012 1903 ra.
2061 1847 2382 1903 Pretiosius
2440 1848 2638 1904 habeo
2692 1864 2874 1923 super
2922 1865 3140 1907 aurum
3180 1856 3239 1908 et
3268 1855 3595 1928 topazium,

1926 1934 2212 1992 collatum
2233 1937 2383 1992 mihi
2413 1937 2641 1993 lineum
2666 1939 3110 2008 indumentum,
3145 1941 3311 2012 quod
3337 1944 3598 2015 propriis

1924 2025 2210 2080 manibus
2265 2027 2447 2097 nevit,
2499 2029 2861 2100 composuit,
2912 2029 3236 2098 dealbavit,
3295 2035 3354 2088 et
3400 2035 3465 2088 ut
3523 2048 3596 2090 eo

1924 2114 2204 2170 induerer
2233 2115 2384 2171 inter
2415 2131 2587 2173 sacra
2608 2117 2936 2174 missarum
2961 2119 3257 2176 solemnia
3286 2121 3594 2178 humiliter

1924 2204 2269 2276 postulavit.
2303 2208 2347 2262 Ο
2392 2206 2562 2275 virgo
2607 2207 2872 2264 liberalis
2923 2212 2980 2264 et
3021 2208 3306 2279 benigna,
3350 2209 3479 2267 huic
3510 2211 3593 2267 fe-

1924 2293 2073 2360 cisti,
2108 2298 2164 2350 et
2210 2295 2402 2350 tacuit
2448 2297 2645 2366 Tacui,
2689 2297 2970 2369 nunquid
3028 2314 3267 2370 semper
3322 2298 3535 2356 tacebo
3567 2289 3606 2356 7

1924 2385 2162 2454 tempus
2212 2383 2450 2439 tacendi
2507 2388 2564 2441 et
2621 2389 2858 2457 tempus
2908 2386 3222 2458 loquendi,
3270 2403 3410 2443 cum
3464 2388 3596 2459 jam

1925 2488 2063 2526 cum
2100 2474 2334 2544 Sponso
2366 2473 2639 2542 gloriaris
2673 2475 2733 2529 in
2764 2475 2936 2531 coelo.
2972 2477 3204 2546 Fateor,
3236 2477 3410 2547 virgo
3459 2492 3599 2550 pru-

1924 2561 2299 2630 dentissima,
2329 2563 2459 2633 jam
2490 2565 2796 2620 continere
2816 2580 2939 2620 non
2971 2579 3227 2638 possum
3255 2582 3324 2622 os
3354 2577 3582 2623 meum.

1925 2656 1990 2708 In
2038 2668 2161 2708 una
2203 2668 2266 2708 re
2309 2653 2434 2709 duo
2481 2655 2922 2726 pretiosissima
2963 2669 3220 2712 munera
3263 2655 3591 2721 contulisti,

1924 2759 2049 2815 qua
2072 2743 2335 2799 donante
2362 2760 2487 2800 non
2517 2749 2724 2817 posset
2747 2746 3084 2819 quidquam
3124 2747 3270 2813 mihi
3297 2760 3449 2817 esse,
3479 2748 3594 2803 nisi

1924 2833 2254 2904 pretiosum
2277 2836 2333 2888 et
2351 2833 2712 2904 maximum,
2726 2850 2850 2906 qua
2873 2834 3165 2892 tribuente
3185 2835 3595 2908 omnadatum

1925 2924 2013 2976 est
2043 2926 2303 2992 gratum,
2335 2938 2516 2978 omne
2546 2927 2856 2995 receptum
2887 2930 3223 2996 acceptum,
3256 2938 3436 2980 omne
3495 2935 3594 2981 ra-

1923 3026 2058 3066 rum
2107 3015 2198 3066 est
2239 3011 2512 3067 charum.
2543 3011 2696 3075 Quid
2741 3012 2891 3067 mihi
2913 3013 2940 3066 ‘?
2971 3013 3106 3067 Plus
3150 3013 3423 3068 animum
3453 3027 3597 3085 pena-

1844 3129 1886 3184 ρ
1926 3100 2141 3156 sabam
2181 3117 2370 3172 quam
2415 3117 2692 3168 manum,
2726 3101 2864 3172 plus
2907 3101 3193 3158 affectum
3248 3115 3437 3174 quam
3469 3102 3593 3159 fac-

1926 3194 2074 3256 tum,
2132 3189 2268 3261 plus
2316 3188 2676 3245 hilaritatem
2728 3204 2918 3261 quam
2987 3190 3306 3246 tristitiam.
3359 3191 3593 3247 Gratias

1926 3296 2063 3349 ago,
2095 3280 2266 3350 virgo
2295 3278 2576 3347 gratiosa,
2612 3279 2915 3348 gratuitati
2947 3285 3060 3336 tuae
3108 3295 3245 3352 quae
3291 3284 3415 3337 tam
3446 3295 3596 3354 prus

1927 3369 2157 3424 clarum
2190 3368 2466 3424 habitum
2495 3368 2747 3438 indigno
2774 3369 3092 3424 contulisti.
3130 3369 3244 3426 Sed
3273 3371 3595 3442 nundquid

1929 3459 2128 3514 solum
2150 3460 2177 3514 ‘?
2207 3461 2336 3514 Non
2379 3458 2622 3530 utique:
2659 3458 2889 3514 donum
2931 3459 3268 3529 geminasti,
3315 3463 3373 3516 et
3403 3459 3595 3515 abun-

1926 3549 2084 3604 dans
2111 3548 2355 3604 abunde
2378 3546 2641 3603 donasti.
2675 3549 2967 3604 Ornatum
2995 3549 3302 3621 duplicem
3334 3540 3594 3620 praebui-

1928 3639 2019 3705 sti,
2039 3655 2228 3693 unum
2259 3638 2655 3710 corporalem,
2679 3641 2738 3694 et
2757 3638 3012 3694 alterum
3031 3638 3382 3709 spiritalem,
3401 3651 3595 3693 unum

1928 3729 2281 3784 exteriorem
2303 3731 2360 3783 et
2382 3727 2637 3783 alterum
2663 3727 3030 3796 interiorem,
3053 3739 3244 3781 unum
3263 3729 3593 3797 patentem.

1929 3817 2183 3873 alterum
2229 3817 2534 3883 latentem,
2578 3831 2761 3888 quem
2794 3816 2874 3871 ad
2904 3815 3295 3886 aperiendam
3323 3814 3597 3870 divinam

1928 3911 1986 3962 et
2011 3910 2179 3962 tuam
2202 3905 2605 3971 clementiam,
2626 3909 2682 3960 et
2697 3904 2897 3959 miseri
2921 3903 3123 3959 cordis
3141 3903 3260 3959 mei
3285 3901 3596 3969 duritiam,

1926 4012 2049 4052 non
2077 3997 2208 4066 jam
2229 3995 2418 4050 latare
2442 3993 2600 4059 volo,
2627 3993 2736 4048 sed
2765 3997 2990 4064 patere.
3015 3993 3180 4047 Ficus
3212 4007 3378 4047 eram
3402 3991 3594 4060 arida,

1928 4085 2108 4140 etiam
2151 4083 2366 4139 merito
2409 4097 2534 4138 non
2579 4081 2696 4137 nisi
2736 4081 3085 4137 incendium
3129 4080 3589 4153 exspectabam;

1928 4186 2207 4229 arueram
2250 4175 2544 4243 tanquam
2594 4171 2802 4227 fenum
2856 4170 3071 4226 merito
3118 4170 3479 4227 mittendum
3532 4169 3595 4226 in

1929 4262 2274 4329 clibanum;
2308 4261 2513 4317 anima
2557 4276 2694 4316 mea
2739 4261 2894 4316 sicut
2937 4263 3095 4318 terra
3144 4259 3273 4316 sine
3323 4269 3508 4333 aqua,
3539 4263 3600 4316 et

1927 4350 2064 4408 ideo
2110 4350 2322 4406 sterilis
2374 4354 2430 4405 et
2458 4348 2856 4406 infructuosa.
2891 4349 3046 4414 Quid
3075 4353 3359 4422 exspecto
3379 4352 3407 4405 ?
3438 4349 3594 4414 Quid

1927 4441 2232 4498 miseriam
2256 4453 2460 4496 meam
2487 4440 2866 4495 manifestius
2903 4451 3028 4495 non
3053 4439 3351 4495 ostendo?
3389 4437 3591 4493 Domi-

1927 4532 2045 4588 nici
2077 4529 2344 4604 corporis
2387 4533 2836 4586 sacramentum
2879 4544 3018 4583 cum
3066 4543 3205 4585 raro
3251 4527 3594 4584 devotionis

1927 4620 2148 4691 butyro
2178 4617 2533 4685 tractabam,
2557 4617 2807 4689 quando
2836 4620 3064 4672 vestem
3092 4616 3340 4672 contulit
3367 4623 3597 4670 memo-

1925 4715 2144 4776 ratam,
2194 4709 2321 4764 sine
2372 4706 2624 4763 lactucis
2668 4705 3006 4776 agrestibus
3051 4719 3278 4775 agnum
3313 4703 3592 4774 edebam,

1929 4799 2056 4854 sine
2085 4812 2242 4869 pane
2272 4796 2685 4867 lacrymarum
2714 4793 2793 4850 ad
2832 4807 3057 4866 panem
3088 4791 3455 4849 accedebam
3486 4805 3596 4847 an-

1929 4887 2221 4958 gelorum.
2253 4884 2408 4951 Quid
2438 4884 2613 4956 plura
2635 4884 2663 4939 7
2690 4881 2828 4956 Ipsa
2857 4883 3024 4938 fortis
3053 4882 3268 4938 mulier
3297 4880 3592 4954 quaesivit,

1928 4991 2053 5035 non
2087 4977 2222 5032 dico
2248 4976 2473 5040 lanam,
2499 4974 2605 5030 sed
2634 4971 2846 5045 linum,
2869 4977 2924 5030 et
2954 4975 3201 5045 operata
3231 4975 3318 5029 est
3345 4970 3596 5028 consilio

1929 5081 2224 5124 manuum
2243 5079 2490 5121 suarum
2496 5063 2962 5136 ,complevitque
2979 5063 3196 5118 diebus
3211 5062 3420 5135 paucis
3440 5075 3596 5135 opus

1931 5173 2110 5214 suum
2131 5157 2296 5229 quod
2320 5156 2558 5225 fecerat,
2586 5155 2647 5209 in
2670 5167 2792 5226 quo
2823 5153 3095 5209 facientis
3125 5152 3423 5208 industria
3443 5149 3598 5206 relu-

1932 5249 2125 5315 cebat,
2155 5250 2211 5302 et
2254 5245 2500 5302 tandem
2545 5243 2869 5306 Prudentio
2911 5243 3075 5298 dedit
3104 5242 3385 5314 episcopo
3411 5251 3596 5312 quem

1932 5336 2197 5394 amabat.
2225 5339 2354 5392 Non
2378 5333 2756 5391 abscondam
2777 5333 3063 5405 amplius,
3084 5329 3354 5400 Domine,
3373 5328 3599 5386 miserb

1933 5428 2207 5485 cordiam
2238 5429 2408 5483 tuam
2443 5441 2480 5482 a
2510 5423 2764 5481 consilio
2783 5423 3000 5495 multo,
3021 5420 3285 5479 narrabo
3307 5419 3599 5476 altissima

1931 5533 2068 5591 quae
2098 5516 2289 5573 fecisti
2313 5514 2620 5584 magnalia
2645 5529 2753 5586 per
2782 5511 3077 5570 famulam
3107 5514 3274 5568 tuam
3294 5508 3593 5568 Mauram!

1933 5625 2077 5664 nam
2110 5611 2419 5679 receptum
2451 5603 2899 5674 indumentum,
2925 5602 3121 5658 statim
3143 5599 3299 5658 illius
3333 5598 3596 5672 antiquae

1939 5699 2120 5768 virgae
2150 5698 2431 5754 virtutem
2457 5695 2689 5762 habuit,
2711 5697 2765 5750 et
2797 5709 3022 5766 aquam
3055 5692 3369 5765 copiosam
3399 5689 3473 5746 de
3501 5703 3598 5746 me

219 5803 245 5830 α
275 5793 537 5850 Ecclesia
565 5792 1000 5866 Apostolorum
1030 5797 1123 5850 est
1139 5792 1389 5849 ecclesia
1420 5791 1786 5864 episcopalis
1814 5789 2136 5853 Trecensis,
2166 5801 2303 5861 quae
2338 5785 2563 5844 sanctis
2593 5784 2764 5842 Petro
2794 5787 2851 5841 et
2881 5781 3068 5842 Paulo
3094 5781 3293 5841 dicata
3323 5782 3432 5837 est.

1693 5897 1724 5913 κ
