3950 6370
329 303 459 360 1571

1352 300 1412 356 S.
1451 295 1823 355 PRUDENTII
1860 293 2241 356 TRECENSIS
2280 294 2602 355 EPISCOPI

3623 290 3762 346 137!

326 425 568 484 duriore
592 439 784 497 quam
815 423 987 495 petra
1033 420 1334 494 produxit,
1365 425 1729 494 quantaeque
1773 423 1986 494 postea
2016 421 2066 475 Α
2087 420 2304 493 jugum
2335 419 2572 478 Domini
2619 418 2699 476 ab
2741 415 3165 486 adolescentia,
3196 418 3254 472 et
3302 428 3485 471 mane
3526 428 3764 470 manna

327 513 610 573 efﬁcaciae
660 512 851 578 fuerit,
885 510 1118 582 quoties
1167 527 1238 567 eo
1283 510 1485 583 plures
1527 514 1806 567 nostrum
1835 510 1987 565 inter
2092 511 2697 582 recolligens,revera
2719 524 2959 564 summo
2979 522 3160 562 mane
3187 506 3250 560 in
3275 502 3654 561 Dominicam
3676 503 3764 558 vi-

327 619 503 661 sacra
528 602 851 659 missarum
895 598 1191 657 solemnia
1221 603 1360 656 sunt
1407 599 1624 668 induti,
1666 599 1834 672 quod
1865 602 1988 655 tam
2095 615 2276 657 neam
2313 600 2499 656 missa
2531 603 2618 656 est
2651 596 2970 672 operatrix.
3022 597 3065 652 Ο
3121 594 3282 651 bone
3328 595 3489 662 Jesu,
3547 607 3764 649 verum

327 697 539 751 notum
569 693 730 748 estet
758 692 1095 762 expertum,
1123 705 1604 747 commemorare
1633 693 1689 746 et
1717 689 1990 768 displicet
2095 705 2344 763 prorsus
2371 697 2480 758 est,
2512 688 2678 762 quod
2721 684 3182 744 adolescentulae
3221 682 3560 740 dilexerunt
3585 684 3639 738 te
3666 681 3764 737 ni-

326 797 438 856 pro
465 779 794 836 titillatione
822 777 1020 834 inanis
1053 778 1257 848 gloriae
1297 795 1467 836 more
1508 778 1839 849 fragilitatis
1875 779 1989 834 hu-

326 884 544 938 manae,
577 870 634 923 et
683 866 880 940 placet
903 881 1015 939 pro
1045 867 1166 923 Deo
1194 871 1252 924 et
1293 867 1396 924 Dei
1441 866 1642 924 laude.
1690 865 1987 939 Displicet,

325 957 468 1031 quia
483 956 666 1013 timeo
681 956 757 1012 de
775 955 1105 1013 amissione
1120 956 1270 1013 tanti
1287 955 1570 1025 thesauri,
1583 971 1769 1028 quem
1787 955 1994 1011 vident

323 1045 530 1119 palam
559 1048 644 1102 tot
671 1049 729 1102 et
757 1044 904 1102 tanti
923 1045 1126 1102 hostes
1157 1045 1488 1101 invisibiles
1524 1043 1835 1117 reportari.
1868 1043 1994 1099 Pla-

326 1140 436 1204 cet,
459 1135 606 1210 quia
625 1151 734 1209 per
757 1136 874 1192 hoc
901 1134 1168 1206 intelligo
1192 1135 1295 1191 Dei
1322 1134 1632 1205 magnalia
1654 1132 1992 1207 praedicari.

325 1224 487 1281 Felix
508 1241 592 1293 es,
611 1223 870 1292 Sedulia,
893 1240 1029 1296 quae
1061 1223 1242 1281 talem
1263 1239 1386 1280 non
1406 1227 1530 1280 tam
1551 1222 1785 1279 mundo
1805 1237 1993 1295 quam

332 1317 452 1371 Deo
478 1313 757 1370 sobolem
779 1313 1060 1382 genuisti,
1079 1317 1135 1368 et
1159 1329 1295 1386 quae
1317 1313 1380 1368 in
1401 1316 1558 1370 terra
1579 1315 1722 1369 nata
1747 1317 1834 1368 est
1854 1327 1991 1367 cum

327 1403 612 1473 angustia
642 1407 766 1468 tua,
797 1417 961 1458 nunc
993 1402 1055 1457 in
1087 1402 1249 1458 coelis
1298 1403 1566 1459 nascitur
1615 1418 1754 1458 cum
1793 1400 1996 1456 laetitia

329 1498 437 1550 tua
465 1497 522 1548 et
551 1495 780 1558 nostra;
804 1493 928 1546 imo
955 1491 1151 1562 magis
1183 1507 1295 1548 sua
1315 1507 1501 1564 quam
1524 1495 1630 1547 tua
1658 1490 1751 1546 vel
1766 1493 1995 1559 nostra,

331 1581 560 1654 quippe
589 1583 800 1636 nostra
829 1579 1161 1651 semiplena
1187 1585 1296 1652 est,
1327 1595 1472 1637 nam
1528 1579 1744 1636 ﬂemus
1775 1578 1999 1652 pariter

332 1673 391 1726 et
419 1667 778 1739 gaudemus.
813 1668 1159 1724 Gaudemus
1193 1669 1441 1742 quidem
1491 1669 1660 1738 quod
1687 1668 1868 1724 talem
1892 1667 2002 1722 ha-

2097 779 2235 852 mis,
2257 783 2316 836 et
2333 779 2394 835 in
2413 776 2861 835 adolescentula
2877 778 3081 833 Maura
3094 773 3374 830 videmus
3396 771 3765 844 completum

2099 868 2267 942 quod
2293 867 2486 925 fuerat
2505 867 2648 923 satis
2670 869 2807 924 ante
2827 865 3206 938 praedictum.
3220 862 3312 918 Ab
3329 862 3570 918 ineunte
3591 864 3764 918 aetate

2100 957 2369 1031 quotidie
2411 973 2449 1014 a
2495 955 2805 1013 matutinis
2860 953 3144 1010 laudibus
3191 967 3384 1024 usque
3426 950 3506 1008 ad
3547 951 3766 1006 horam

2103 1053 2335 1105 sextam
2360 1063 2599 1104 moram
2628 1044 2887 1102 faciebat
2927 1043 2990 1099 in
3019 1042 3276 1100 ecclesia
3319 1039 3742 1114 Apostolorum

2102 1137 2230 1210 ubi,
2258 1137 2410 1194 sicut
2440 1136 2650 1203 nostis,
2683 1135 2875 1191 tribus
2897 1132 3098 1190 modis
3145 1131 3350 1202 imago
3398 1128 3634 1186 Domini
3658 1129 3767 1184 de-

2103 1223 2368 1296 pingitur
2396 1223 2719 1280 Salvatoris
2743 1241 2756 1278 :
2786 1238 2932 1279 nam
2961 1224 3426 1295 repraesentetur
3472 1222 3768 1291 tanquam

2102 1329 2255 1386 puer
2275 1313 2490 1369 sedens
2522 1313 2584 1369 in
2607 1313 2835 1384 gremio
2857 1311 3089 1382 matris,
3107 1315 3165 1367 et
3183 1315 3478 1384 tanquam
3502 1322 3767 1378 magnus

2106 1404 2396 1459 Dominus
2424 1404 2641 1460 sedens
2689 1404 2752 1459 in
2801 1403 2951 1459 solio
2982 1401 3335 1474 majestatis,
3367 1405 3425 1456 et
3475 1404 3769 1472 tanquam

2101 1493 2340 1564 juvenis
2385 1492 2658 1566 pendens
2707 1493 2771 1548 in
2818 1491 3090 1564 patibulo
3141 1489 3356 1546 crucis.
3397 1491 3581 1545 Porro
3610 1487 3771 1541 hanc

2107 1583 2287 1638 beata
2314 1585 2514 1638 Maura
2570 1581 3068 1638 consuetudinem
3113 1595 3150 1635 a
3200 1583 3406 1635 tenera
3433 1574 3776 1634 observavit

2113 1674 2307 1742 aetate,
2335 1675 2401 1727 ut
2444 1670 2713 1743 quotidie
2761 1673 2949 1726 totum
2978 1668 3338 1741 praedictum
3365 1682 3491 1724 non
3516 1667 3777 1722 cessaret

330 1758 600 1829 buimus,
632 1762 689 1814 et
715 1758 904 1831 ipsius
961 1759 1197 1815 aeternis
1229 1759 1466 1828 gaudiis
1498 1758 1957 1828 congaudemus
1984 1756 1997 1808 ἰ
2035 1775 2075 1828 Β
2115 1760 2470 1833 expendere,
2498 1760 2696 1833 primo
2732 1775 2794 1816 se
2829 1762 2952 1815 toto
2982 1773 3234 1830 corpore
3262 1761 3648 1829 prosternens
3678 1769 3777 1810 co-

335 1847 552 1904 ﬂemus
594 1862 737 1903 vero
778 1846 948 1918 quod
996 1847 1178 1903 talem
1209 1847 1547 1918 amisimus,
1580 1863 1769 1920 quam
1818 1845 2004 1902 totius

336 1936 692 2005 honestatis,
743 1936 1078 1993 devotionis
1126 1941 1184 1993 et
1238 1937 1540 2010 pudicitiae
1592 1935 1903 2010 exemplar
1947 1926 2007 1992 et

340 2027 657 2099 speculum
679 2027 1095 2097 habebamus;
1124 2043 1236 2085 sua
1262 2044 1407 2085 vero
1435 2029 1564 2100 jam
1593 2027 1795 2084 laetitia
1820 2026 2004 2100 plena

335 2121 424 2174 est
475 2121 532 2174 et
580 2116 862 2190 perfecta,
915 2117 1080 2190 quia,
1109 2121 1368 2175 torrente
1397 2117 1652 2174 caelestis
1679 2115 2002 2189 voluptatis

333 2210 560 2280 potata,
605 2206 830 2278 gaudet
871 2207 946 2264 de
995 2207 1068 2263 iis
1118 2223 1256 2280 quae
1287 2208 1479 2264 evasit
1514 2207 1794 2280 periculis
1821 2209 2001 2278 atque

334 2295 567 2368 pcenis;
600 2294 824 2364 gaudet
847 2295 923 2351 de
954 2295 1025 2351 iis
1054 2311 1188 2368 quae
1235 2296 1462 2352 invenit
1507 2296 1796 2369 praemiis,
1825 2309 2000 2351 man-

339 2382 615 2440 sionibus
638 2387 695 2438 et
714 2383 1065 2440 concivibus
1097 2383 1241 2440 suis.
1269 2387 1403 2440 Jam
1433 2399 1597 2454 ergo,
1623 2384 1792 2440 bona
1822 2383 2004 2441 Sedu-

336 2471 437 2540 lia,
479 2470 656 2528 ﬂetus
705 2471 1003 2543 absterge,
1035 2472 1194 2529 sicca
1217 2471 1520 2545 lacrymas
1550 2489 1690 2546 quoe
1743 2472 1820 2529 de
1856 2471 2003 2528 caelo

336 2576 552 2619 vocem
579 2561 819 2635 lapsam
851 2561 1094 2634 publice
1138 2562 1464 2619 nobiscum
1496 2562 1558 2619 in
1597 2564 1726 2635 ejus
1753 2563 2004 2618 transitu

340 2649 624 2708 audivisti
653 2667 666 2706 :
699 2650 870 2720 Veni,
899 2650 1114 2724 inquit,
1142 2651 1359 2708 dilecta
1405 2667 1562 2724 mea,
1591 2655 1648 2708 et
1673 2667 1902 2724 ponam
1940 2650 2004 2706 in

340 2742 396 2796 te
447 2739 732 2794 thronum
775 2755 1002 2809 meum,
1035 2740 1180 2813 quia
1208 2740 1552 2813 concupivit
1587 2756 1693 2796 rex
1739 2739 2004 2812 speciem

341 2832 532 2897 tuam,
552 2827 702 2884 dum
719 2829 902 2886 etiam
912 2829 1218 2887 invocaret
1231 2830 1734 2887 Dominum.Deus
1749 2829 2005 2886 deorum

340 2917 576 2973 locutus
601 2921 694 2973 est
721 2921 778 2974 et
805 2919 1043 2976 vocavit
1070 2920 1364 2988 Mauram,
1396 2935 1624 2976 vocans
1649 2935 1786 2976 eam
1810 2918 2005 2974 mani-

343 3005 496 3063 festa
520 3022 663 3062 voce
695 3023 967 3080 sonoque
987 3008 1258 3080 audibili,
1281 3008 1387 3081 qui
1407 3008 1576 3081 prius
1597 3025 1735 3065 eam
1759 3023 2007 3064 vocave-

342 3099 438 3152 rat
461 3095 850 3168 inspiratione
877 3096 1144 3152 mentali.
1172 3097 1417 3153 Stabam
1448 3113 1561 3168 ego
1593 3113 1666 3153 ex
1686 3113 1810 3154 una
1835 3099 2005 3169 parte

349 3183 606 3256 grabati,
639 3188 696 3242 et
726 3187 840 3241 Leo
869 3184 1063 3241 abbas
1090 3201 1164 3241 ex
1188 3185 1392 3253 altera,
1421 3186 1526 3258 qui
1552 3190 1713 3254 tunc,
1743 3185 2004 3242 submis-

343 3290 415 3330 sa
452 3290 622 3343 voce,
653 3290 820 3331 more
869 3291 1001 3345 suo,
1028 3275 1298 3348 psalmos
1346 3275 1660 3333 Davidicos
1702 3276 1783 3333 ad
1825 3279 2009 3349 caput

342 3362 536 3418 beatae
587 3363 833 3433 virginis
879 3364 1248 3421 ruminabat.
1281 3364 1529 3422 Stabant
1575 3367 1756 3422 etiam
1832 3364 2007 3421 nobi-

346 3466 519 3506 scum
551 3452 885 3518 Mauricius,
916 3452 1235 3524 Eutropius
1269 3453 1486 3521 Levita,
1516 3454 2008 3524 consanguineus

345 3538 615 3608 virginis,
642 3543 699 3594 et
742 3538 934 3595 multa
964 3540 1142 3596 turba
1188 3540 1457 3596 ﬁdelium
1492 3541 1875 3598 circumfusa.
1907 3545 2012 3598 Ta-

347 3631 638 3684 cebamus
695 3642 927 3698 omnes,
989 3631 1043 3683 te
1101 3632 1484 3701 exspectante
1553 3629 1814 3700 Sedulia,
1873 3645 2010 3702 quae

348 3716 718 3790 quandoque
763 3716 1063 3786 singultus
1108 3721 1166 3773 et
1213 3717 1470 3787 gemitus
1503 3719 1838 3790 emittebas,
1870 3735 2011 3774 cum

346 3811 592 3879 repente
620 3806 935 3879 praefatum
961 3821 1262 3876 organum
1308 3807 1579 3865 insonuit
1608 3807 2013 3866 inaestimabili

350 3899 408 3954 et
431 3894 721 3952 ineffabili
748 3897 1058 3968 suavitate,
1087 3897 1363 3953 omnium
1395 3913 1572 3954 aures
1604 3902 1662 3955 et
1707 3899 1893 3957 corda
1919 3917 2013 3957 su-

349 4000 464 4059 pra
491 4000 738 4041 omnem
785 3985 1041 4042 modum
1092 3987 1435 4043 humanum
1481 3987 1851 4046 demulcens.
1898 3993 2014 4048 Nec

351 4073 540 4131 defuit
580 4073 892 4130 curiositas
917 4074 1285 4148 importuna,
1315 4075 1367 4131 si
1396 4075 1534 4148 quis
1560 4076 1808 4134 forsitan
1858 4082 2016 4135 esset

353 4162 516 4218 intus
544 4161 641 4218 vel
686 4166 873 4232 extra,
904 4163 1010 4235 qui
1058 4167 1181 4219 tam
1233 4163 1584 4221 dulciﬂuam
1629 4165 2015 4224 harmoniam

352 4249 658 4307 effundere
681 4251 996 4322 potuisset,
1023 4267 1232 4308 verum
1256 4253 1541 4309 veraciter
1568 4254 2016 4328 deprehensum

353 4342 443 4396 est
475 4341 533 4394 et
561 4337 747 4394 odore
778 4342 838 4394 et
864 4354 1107 4405 canore,
1130 4341 1299 4412 quod
1328 4345 1470 4398 tunc
1499 4343 1680 4400 etiam
1707 4343 2018 4401 descendit

352 4427 417 4484 in
429 4425 811 4498 jubilatione,
827 4427 933 4500 qui
954 4429 1224 4485 ascendit
1247 4430 1534 4486 Dominus
1559 4431 1621 4487 in
1636 4432 2014 4502 jubilatione,

351 4531 465 4572 nec
515 4514 876 4586 dedignatus
921 4520 1009 4573 est
1056 4522 1350 4591 tanquam
1409 4536 1669 4591 sponsus
1727 4521 2017 4577 Dominus

353 4603 690 4678 procedens
708 4605 784 4661 de
807 4605 1073 4662 thalamo
1100 4623 1232 4677 suo,
1255 4611 1393 4680 post
1412 4609 1542 4664 visa
1565 4608 1750 4679 longa
1771 4625 2022 4682 sponsa-

353 4693 456 4767 lia,
490 4709 730 4766 sponsae
758 4695 1023 4752 venienti
1051 4712 1386 4765 occurrere,
1419 4701 1477 4754 et
1504 4697 1565 4754 in
1604 4699 1734 4770 ejus
1763 4715 2020 4755 occursu

356 4781 592 4839 cantica
633 4781 847 4840 laetitiae
898 4783 1216 4854 dignanter
1262 4785 1607 4857 decantare,
1639 4787 1744 4860 qui
1789 4804 1862 4844 ea
1889 4788 2021 4860 jam

356 4869 720 4942 disponebat
749 4872 1080 4942 traducere,
1106 4877 1164 4930 et
1195 4873 1312 4930 sibi
1333 4875 1641 4931 connubio
1672 4876 1871 4932 stabili
1885 4877 2025 4947 jun-

358 4972 497 5029 gere
521 4959 954 5034 propriamque
972 4960 1194 5018 dicare.
1215 4962 1362 5026 Noli,
1377 4963 1508 5034 jam
1530 4979 1739 5019 socrus
1762 4965 1861 5019 Dei
1882 4980 2024 5034 ergo

359 5043 572 5102 effecta
592 5047 851 5114 Sedulia,
877 5049 1139 5122 amplius
1170 5050 1508 5123 lamentari,
1531 5069 1668 5124 quae
1696 5052 1896 5124 ipsum
1923 5069 2027 5108 au.

359 5133 561 5190 divisti
591 5136 934 5206 Dominum,
967 5138 1028 5193 in
1055 5139 1429 5197 traductione
1459 5141 1597 5196 ﬁliae
1631 5142 1938 5211 gratulari.

432 5223 546 5279 Sed
575 5240 682 5279 cur
722 5225 855 5296 jam
903 5242 1246 5284 sermonem
1290 5229 1445 5286 facio
1500 5229 1576 5286 de
1627 5246 1890 5301 egressu,
1923 5231 2030 5304 qui

361 5329 562 5387 pauca
589 5313 684 5369 vel
712 5313 881 5370 nulla
924 5315 1127 5372 adhuc
1165 5317 1240 5374 de
1280 5317 1557 5389 ingressu
1603 5319 1840 5376 locutus
1870 5337 2028 5386 sum,

366 5407 471 5460 aut
488 5419 834 5476 progressu.
852 5406 1046 5472 Quare
1061 5407 1193 5478 jam
1213 5407 1398 5464 ﬁnem
1429 5412 1604 5466 teneo
1627 5410 1906 5467 nondum
1937 5427 2034 5468 ca-

366 5491 487 5563 pite
512 5493 894 5564 apprehenso
914 5494 942 5549 ‘?
973 5496 1199 5552 Revera
1226 5497 1559 5569 pretiosum
1587 5498 1771 5555 ﬁnem
1798 5499 2034 5558 occulta

372 5579 464 5647 [Γ.⁹
495 5581 755 5651 oculata]
804 5581 922 5638 ﬁde
969 5585 1274 5657 prospexi,
1321 5587 1428 5642 sed
1472 5593 1526 5645 te
1572 5591 1738 5656 teste,
1771 5589 2032 5664 Sedulia,

373 5668 550 5736 teque
571 5673 913 5726 constanter
932 5679 1254 5740 asserente,
1272 5677 1536 5750 Eutropi,
1561 5677 1827 5748 gloriosa
1845 5679 2036 5736 aetatis

381 5764 505 5806 suae
555 5754 886 5825 primordia
939 5760 1217 5819 intellexi.
1277 5766 1516 5823 Portare
1570 5766 1797 5841 quippe
1854 5769 2036 5842 coepit

2112 1866 2245 1906 ram
2272 1849 2518 1920 infante,
2551 1848 2818 1904 secundo
2847 1863 3051 1904 coram
3079 1847 3322 1918 juvene,
3349 1844 3521 1901 tertio
3565 1858 3777 1899 coram

2111 1956 2274 2012 rege,
2296 1955 2408 1996 nec
2433 1955 2708 2011 unquam
2729 1937 2852 1994 ulla
2879 1936 3230 1993 necessitate
3258 1935 3454 2008 potuit
3484 1932 3775 2001 abstrahi,

2113 2029 2263 2101 quin
2293 2027 2544 2098 singulis
2573 2025 2790 2082 diebus
2816 2025 3142 2082 Dominum
3193 2023 3307 2079 sub
3337 2021 3533 2093 efﬁgie
3561 2019 3776 2094 triplici

2112 2121 2380 2174 cerneret
2404 2115 2705 2173 indefessa
2733 2114 2911 2172 oculo
2958 2111 3279 2186 corporali.
3312 2111 3544 2169 Revera
3570 2109 3774 2167 tritum

2110 2209 2168 2263 et
2191 2219 2403 2263 verum
2429 2209 2535 2269 est,
2564 2204 2669 2260 ubi
2703 2220 2894 2272 amor,
2926 2202 3012 2260 ibi
3064 2201 3296 2270 oculus,
3330 2200 3685 2273 sinceraque
3714 2201 3773 2255 et

2111 2294 2343 2365 integro
2387 2292 2840 2351 adolescentula
2883 2290 3208 2348 Dominum
3246 2289 3502 2362 diligens
3530 2287 3767 2356 affectu,

2113 2399 2251 2458 quae
2275 2383 2478 2442 satiari
2503 2399 2628 2440 non
2657 2386 2894 2457 poterat
2921 2397 2992 2437 ex
3021 2385 3288 2454 aspectu.

2182 2473 2319 2530 Jam
2347 2473 2580 2546 aperire
2599 2471 2764 2538 libet,
2785 2470 2996 2528 fratres
3013 2469 3373 2539 charissimi,
3394 2467 3564 2543 quod
3580 2481 3774 2540 usque

2112 2564 2296 2621 modo
2319 2563 2614 2631 clausum,
2627 2561 2796 2636 quod
2814 2561 3106 2618 hactenus
3121 2559 3436 2616 occultavi.
3453 2558 3604 2625 Quia
3622 2555 3773 2614 etde

2115 2657 2328 2709 caetero
2359 2652 2727 2709 damnosum
2782 2654 2978 2707 tacere
3008 2653 3065 2706 et
3094 2649 3472 2706 fructuosum
3522 2646 3778 2704 arbitror

2111 2757 2402 2812 reserare,
2429 2743 2792 2813 tempusque
2823 2744 2912 2796 est
2939 2743 3007 2796 ut
3054 2754 3358 2812 exponam
3404 2741 3777 2811 spontaneus

2114 2831 2284 2905 quod
2315 2831 2396 2887 ab
2421 2845 2522 2886 ore
2556 2846 2667 2886 suo
2697 2834 3067 2886 extorseram
3096 2826 3480 2900 importunis.
3512 2827 3780 2882 Instabat

2114 2921 2244 2977 dies
2274 2919 2602 2976 vocationis
2625 2935 2768 2986 suae,
2801 2922 2859 2974 et
2884 2917 3059 2974 velox
3083 2915 3380 2989 depositio
3404 2912 3777 2972 tabernaculi

2116 3011 2228 3066 sui.
2263 3010 2429 3066 Unde
2486 3009 2735 3082 cupiens
2761 3007 2840 3064 ab
2869 3008 3003 3080 ipsa
3032 3007 3276 3063 tandem
3323 3005 3775 3061 instructionem

2115 3099 2385 3173 aliquam
2431 3097 2693 3172 reperire
2745 3098 3124 3167 Testamenti,
3168 3094 3426 3168 quaesivi
3470 3094 3549 3150 ab
3601 3109 3690 3161 ea,
3721 3096 3780 3150 et

2115 3193 2512 3262 quaestionem
2551 3187 2779 3260 pluries
2809 3186 3038 3253 iteravi,
3073 3201 3181 3241 cur
3203 3200 3411 3241 coram
3435 3182 3781 3256 supradicta

2116 3278 2258 3334 dicti
2306 3275 2626 3333 Salvatoris
2677 3274 2894 3345 eﬁigie,
2940 3273 3362 3347 prosternebat
3411 3289 3473 3328 se
3519 3287 3778 3338 morose,

2115 3367 2405 3440 quotidie,
2439 3365 2796 3421 successive.
2831 3365 3098 3436 Denique
3146 3361 3552 3435 multipliciter
3603 3361 3780 3416 obse-

2119 3459 2302 3523 crata,
2325 3470 2450 3511 non
2481 3454 2608 3510 sine
2637 3453 2829 3510 multa
2853 3452 3202 3509 difﬁcultate
3223 3450 3573 3524 respondit:
3601 3448 3778 3516 Felix,

2118 3545 2329 3617 inquit,
2349 3543 2774 3616 Apostolorum
2805 3542 3077 3605 ecclesia,
3096 3541 3158 3597 in
3180 3557 3307 3614 qua
3325 3540 3664 3612 frequenter
3678 3554 3783 3594 au-
3859 3579 3870 3592 .

2119 3633 2263 3701 divi,
2292 3638 2350 3689 et
2373 3648 2631 3705 puerum
2651 3631 2713 3687 in
2744 3631 2952 3688 matris
2973 3630 3202 3702 gremio
3222 3629 3584 3699 vagientem,
3607 3631 3665 3684 et
3688 3628 3784 3699 ju-

2119 3736 2337 3778 venem
2367 3721 2430 3775 in
2462 3735 2636 3776 cruce
2666 3723 3028 3789 gementem,
3049 3723 3107 3776 et
3124 3734 3328 3789 regem
3351 3718 3413 3774 in
3439 3717 3590 3773 solio
3616 3715 3783 3773 terri-

2119 3809 2317 3866 biliter
2345 3808 2743 3874 intonantem,
2776 3808 2880 3863 sed
2910 3807 3058 3863 mihi
3089 3807 3325 3877 virgam
3354 3821 3604 3863 auream
3630 3804 3782 3862 ami-

2123 3897 2390 3955 cabiliter
2414 3897 2763 3953 donantem.
2797 3899 3069 3970 Cumque
3099 3895 3299 3952 statim
3329 3895 3382 3950 ei
3401 3911 3628 3952 novam
3655 3910 3784 3950 mo-

2120 4003 2257 4044 vere
2275 3986 2600 4058 inciperem
2617 3985 2692 4042 de
2712 3985 3038 4043 Salvatoris
3058 3984 3245 4041 nostri
3261 3984 3487 4055 gemitu
3502 3987 3560 4041 et
3577 3983 3785 4054 vagitu

2122 4076 2541 4151 qumstionem,
2574 4091 2830 4132 manum
2880 4091 3081 4132 meam
3130 4090 3321 4131 manu
3358 4089 3470 4132 sua
3497 4073 3788 4131 constrin-

2125 4184 2291 4239 gens.
2325 4170 2383 4224 et
2409 4182 2518 4240 per
2544 4167 2661 4223 hoc
2686 4166 2960 4238 linguam
2981 4182 3184 4223 meam
3215 4180 3628 4239 compescens,
3657 4164 3785 4220 haec

2123 4273 2324 4331 pauca
2353 4256 2488 4328 subj
2497 4256 2667 4312 unxit
2689 4273 2702 4312 :
2729 4259 2858 4314 Non
2878 4261 3128 4325 naturae,
3157 4255 3264 4312 sed
3281 4255 3586 4312 miraculis
3605 4253 3788 4312 ascri-

2125 4345 2399 4402 bendum
2427 4349 2534 4416 est,
2563 4345 2611 4400 si
2639 4345 2718 4401 ad
2743 4344 3066 4401 recolenda
3107 4344 3248 4400 ﬁdei
3289 4349 3505 4402 nostrae
3534 4342 3790 4400 miriﬁca

2128 4438 2528 4501 sacramenta,
2552 4437 2609 4490 et
2629 4449 2701 4490 ea
2731 4434 2794 4490 in
2817 4434 3126 4490 mentibus
3147 4433 3419 4489 ﬁdelium
3443 4431 3792 4490 roboranda

2125 4523 2359 4594 lignum
2407 4521 2668 4590 aridum,
2700 4523 2994 4594 gemitum
3043 4522 3232 4578 edidit
3276 4526 3381 4578 aut
3425 4522 3717 4593 vagitum.
3744 4521 3788 4578 Ο

2128 4627 2318 4684 quam
2343 4609 2483 4666 felix
2510 4610 2636 4667 ﬁlia
2663 4614 2869 4666 nostra
2916 4608 3245 4677 laboriosa,
3270 4624 3396 4664 non
3430 4608 3792 4665 fecunditate

2129 4700 2534 4768 ﬁliorum,sed
2556 4702 2903 4755 sanctorum
2925 4697 3210 4770 operum!
3231 4700 3274 4754 Ο
3307 4701 3500 4754 mater
3528 4702 3653 4755 tam
3676 4697 3792 4754 sol-

2127 4787 2291 4844 licita
2318 4792 2375 4842 et
2399 4787 2559 4842 circa
2578 4786 2843 4858 plurima
2863 4785 3239 4859 perturbata!
3265 4788 3395 4841 Non
3414 4785 3611 4842 solum
3632 4785 3796 4843 enim

2131 4877 2506 4943 clericorum,
2522 4875 2627 4931 sed
2642 4876 3086 4931 monachorum
3104 4874 3569 4930 necessitatibus
3585 4875 3798 4931 subve-

2129 4965 2257 5021 nire
2288 4963 2557 5032 curabat,
2577 4963 2743 5036 quod
2766 4966 2881 5020 Leo
2911 4964 3104 5020 abbas
3134 4967 3191 5018 et
3221 4966 3428 5018 sancta
3447 4961 3636 5034 ipsius
3657 4980 3798 5020 con-

2134 5055 2400 5126 gregatio
2420 5057 2883 5126 recognoscunt,
2908 5052 3130 5125 quibus
3151 5052 3226 5107 de
3256 5052 3500 5124 proprio
3531 5053 3796 5110 cucullas

2135 5149 2195 5200 et
2212 5142 2493 5215 mapulas
2515 5142 2886 5214 acquirebat,
2911 5143 3168 5213 gratiam
3201 5146 3258 5196 et
3281 5141 3570 5212 suffragia
3598 5142 3800 5199 beato-

2136 5249 2272 5288 rum
2295 5231 2708 5305 apostolorum
2733 5231 2881 5288 Petri
2901 5235 2958 5288 et
2977 5229 3146 5286 Pauli
3169 5230 3423 5287 sollicita
3443 5230 3800 5303 quaeritabat

2140 5322 2204 5378 in
2241 5321 2492 5378 ecclesia
2533 5321 2909 5389 clericorum,
2957 5324 3015 5376 et
3063 5324 3412 5376 sanctorum
3469 5325 3802 5392 martyrum

2141 5411 2407 5469 Gervasii
2427 5416 2484 5467 et
2502 5412 2759 5468 Protasii
2797 5410 3135 5485 patrocinia
3166 5411 3496 5468 studiosius
3515 5410 3802 5484 implora-

2140 5502 2244 5558 bat
2273 5502 2336 5557 in
2364 5502 2731 5558 monasterio
2778 5500 3245 5573 monachorum,
3273 5499 3439 5573 quod
3473 5499 3607 5554 licet
3638 5497 3805 5570 apud

2143 5590 2565 5649 Mantiniacum
2577 5591 2806 5647 circiter
2817 5595 3079 5663 quatuor
3094 5589 3356 5653 millibus
3374 5587 3451 5643 ab
3462 5587 3576 5642 hac
3587 5586 3804 5643 Tricas-

2145 5681 2278 5738 sina
2295 5681 2530 5738 civitate
2562 5681 2764 5738 distat.
2781 5680 3052 5754 qualibet
3082 5684 3283 5737 tamen
3307 5681 3525 5750 quarta
3551 5680 3609 5733 et
3639 5681 3806 5735 sexta

2145 5769 2294 5829 feria
2309 5786 2494 5830 causa
2507 5769 3010 5844 peregrinationis
3026 5768 3204 5827 nudis
3224 5766 3483 5842 pedibus
3497 5769 3555 5824 et
3575 5765 3804 5839 absque
