  <div class='ocr_page' id='page_1' title='image "/cluster/home/n/w/nwhite01/storage/ocr_20150623/115-116/uc1.31175006916467/694.png"; bbox 0 0 3950 6390; ppageno 0'>
   <div class='ocr_carea' id='block_1_1' title="bbox 130 291 265 345">
    <p class='ocr_par' dir='ltr' id='par_1_1' title="bbox 130 291 265 345">
     <span class='ocr_line' id='line_1_1' title="bbox 130 291 265 345; baseline 0.007 -2"><span class='ocrx_word' id='word_1_1' title='bbox 130 291 265 345; x_wconf 74' lang='grc'><strong>1373</strong></span> 
     </span>
    </p>
   </div>
   <div class='ocr_carea' id='block_1_2' title="bbox 1229 291 2452 351">
    <p class='ocr_par' dir='ltr' id='par_1_2' title="bbox 1229 291 2452 351">
     <span class='ocr_line' id='line_1_2' title="bbox 1229 291 2452 351; baseline 0.001 -1"><span class='ocrx_word' id='word_1_2' title='bbox 1229 296 1320 350; x_wconf 82' lang='lat' dir='ltr'><strong>DE</strong></span> <span class='ocrx_word' id='word_1_3' title='bbox 1361 294 1520 351; x_wconf 79' lang='lat' dir='ltr'><strong>VITA</strong></span> <span class='ocrx_word' id='word_1_4' title='bbox 1559 294 1645 350; x_wconf 84' lang='grc' dir='ltr'><strong>ΕΤ</strong></span> <span class='ocrx_word' id='word_1_5' title='bbox 1682 291 1916 350; x_wconf 75' lang='lat' dir='ltr'><strong>MORTE</strong></span> <span class='ocrx_word' id='word_1_6' title='bbox 1955 293 2014 347; x_wconf 85' lang='grc' dir='ltr'><strong>Β.</strong></span> <span class='ocrx_word' id='word_1_7' title='bbox 2056 293 2120 349; x_wconf 84' lang='grc' dir='ltr'><strong>ν.</strong></span> <span class='ocrx_word' id='word_1_8' title='bbox 2163 293 2452 351; x_wconf 64' lang='grc' dir='ltr'><strong>ΜΛΙῙΒΕ.</strong></span> 
     </span>
    </p>
   </div>
   <div class='ocr_carea' id='block_1_3' title="bbox 3407 299 3544 354">
    <p class='ocr_par' dir='ltr' id='par_1_3' title="bbox 3407 299 3544 354">
     <span class='ocr_line' id='line_1_3' title="bbox 3407 299 3544 354; baseline 0.015 -2"><span class='ocrx_word' id='word_1_9' title='bbox 3407 299 3544 354; x_wconf 68' lang='grc'><strong>1376</strong></span> 
     </span>
    </p>
   </div>
   <div class='ocr_carea' id='block_1_4' title="bbox 125 411 3560 493">
    <p class='ocr_par' dir='ltr' id='par_1_4' title="bbox 125 411 3560 493">
     <span class='ocr_line' id='line_1_4' title="bbox 125 411 3560 493; baseline 0.003 -26"><span class='ocrx_word' id='word_1_10' title='bbox 125 411 319 483; x_wconf 83' lang='lat' dir='ltr'><strong>lineis,</strong></span> <span class='ocrx_word' id='word_1_11' title='bbox 345 413 407 468; x_wconf 91' lang='lat' dir='ltr'><strong>in</strong></span> <span class='ocrx_word' id='word_1_12' title='bbox 437 415 601 471; x_wconf 85' lang='lat' dir='ltr'><strong>arcto</strong></span> <span class='ocrx_word' id='word_1_13' title='bbox 626 415 804 488; x_wconf 87' lang='lat' dir='ltr'><strong>panis</strong></span> <span class='ocrx_word' id='word_1_14' title='bbox 825 419 883 473; x_wconf 90' lang='lat' dir='ltr'><strong>et</strong></span> <span class='ocrx_word' id='word_1_15' title='bbox 902 431 1078 490; x_wconf 73' lang='lat' dir='ltr'><strong>aquae</strong></span> <span class='ocrx_word' id='word_1_16' title='bbox 1093 418 1325 491; x_wconf 86' lang='lat' dir='ltr'><strong>jejunio</strong></span> <span class='ocrx_word' id='word_1_17' title='bbox 1339 415 1791 476; x_wconf 88' lang='lat' dir='ltr'><strong>visitabaturab</strong></span> <span class='ocrx_word' id='word_1_18' title='bbox 1827 420 1876 474; x_wconf 84' lang='lat' dir='ltr'><strong>A</strong></span> <span class='ocrx_word' id='word_1_19' title='bbox 1903 415 2248 487; x_wconf 85' lang='lat' dir='ltr'><strong>fluentibus,</strong></span> <span class='ocrx_word' id='word_1_20' title='bbox 2280 435 2670 493; x_wconf 84' lang='lat' dir='ltr'><strong>nequaquam</strong></span> <span class='ocrx_word' id='word_1_21' title='bbox 2727 419 2896 493; x_wconf 89' lang='lat' dir='ltr'><strong>potui</strong></span> <span class='ocrx_word' id='word_1_22' title='bbox 2954 434 3137 492; x_wconf 89' lang='lat' dir='ltr'><strong>quem</strong></span> <span class='ocrx_word' id='word_1_23' title='bbox 3189 419 3560 492; x_wconf 81' lang='lat' dir='ltr'><strong>incceperam</strong></span> 
     </span>
    </p>
   </div>
   <div class='ocr_carea' id='block_1_5' title="bbox 126 499 1792 578">
    <p class='ocr_par' dir='ltr' id='par_1_5' title="bbox 126 499 1792 578">
     <span class='ocr_line' id='line_1_5' title="bbox 126 499 1792 578; baseline 0.003 -23"><span class='ocrx_word' id='word_1_24' title='bbox 126 499 278 572; x_wconf 91' lang='lat' dir='ltr'><strong>ipsa.</strong></span> <span class='ocrx_word' id='word_1_25' title='bbox 303 502 548 562; x_wconf 71' lang='lat' dir='ltr'><strong>Quantae</strong></span> <span class='ocrx_word' id='word_1_26' title='bbox 580 507 782 559; x_wconf 89' lang='lat' dir='ltr'><strong>autem</strong></span> <span class='ocrx_word' id='word_1_27' title='bbox 806 504 1034 561; x_wconf 87' lang='lat' dir='ltr'><strong>virtutis</strong></span> <span class='ocrx_word' id='word_1_28' title='bbox 1063 511 1118 562; x_wconf 91' lang='lat' dir='ltr'><strong>et</strong></span> <span class='ocrx_word' id='word_1_29' title='bbox 1139 507 1418 562; x_wconf 63' lang='lat' dir='ltr'><strong>efficacia:</strong></span> <span class='ocrx_word' id='word_1_30' title='bbox 1442 507 1513 563; x_wconf 82' lang='lat' dir='ltr'><strong>sit</strong></span> <span class='ocrx_word' id='word_1_31' title='bbox 1545 506 1792 578; x_wconf 85' lang='lat' dir='ltr'><strong>mapula</strong></span> 
     </span>
    </p>
   </div>
   <div class='ocr_carea' id='block_1_6' title="bbox 126 591 1797 669">
    <p class='ocr_par' dir='ltr' id='par_1_6' title="bbox 126 591 1797 669">
     <span class='ocr_line' id='line_1_6' title="bbox 126 591 1797 669; baseline 0.004 -25"><span class='ocrx_word' id='word_1_32' title='bbox 126 605 318 662; x_wconf 89' lang='lat' dir='ltr'><strong>quam</strong></span> <span class='ocrx_word' id='word_1_33' title='bbox 337 591 520 647; x_wconf 87' lang='lat' dir='ltr'><strong>Leoni</strong></span> <span class='ocrx_word' id='word_1_34' title='bbox 539 594 743 650; x_wconf 84' lang='lat' dir='ltr'><strong>Maura</strong></span> <span class='ocrx_word' id='word_1_35' title='bbox 764 593 986 664; x_wconf 81' lang='lat' dir='ltr'><strong>tribuit,</strong></span> <span class='ocrx_word' id='word_1_36' title='bbox 1010 595 1185 652; x_wconf 89' lang='lat' dir='ltr'><strong>claris</strong></span> <span class='ocrx_word' id='word_1_37' title='bbox 1209 595 1444 652; x_wconf 83' lang='lat' dir='ltr'><strong>indiciis</strong></span> <span class='ocrx_word' id='word_1_38' title='bbox 1468 599 1797 669; x_wconf 89' lang='lat' dir='ltr'><strong>protestan-</strong></span> 
     </span>
    </p>
   </div>
   <div class='ocr_carea' id='block_1_7' title="bbox 128 681 1795 742">
    <p class='ocr_par' dir='ltr' id='par_1_7' title="bbox 128 681 1795 742">
     <span class='ocr_line' id='line_1_7' title="bbox 128 681 1795 742; baseline 0.003 -8"><span class='ocrx_word' id='word_1_39' title='bbox 128 683 224 735; x_wconf 92' lang='lat' dir='ltr'><strong>tur</strong></span> <span class='ocrx_word' id='word_1_40' title='bbox 253 684 311 737; x_wconf 91' lang='lat' dir='ltr'><strong>et</strong></span> <span class='ocrx_word' id='word_1_41' title='bbox 339 681 600 738; x_wconf 84' lang='lat' dir='ltr'><strong>Melanus</strong></span> <span class='ocrx_word' id='word_1_42' title='bbox 629 681 878 740; x_wconf 85' lang='lat' dir='ltr'><strong>clericus</strong></span> <span class='ocrx_word' id='word_1_43' title='bbox 923 689 979 741; x_wconf 91' lang='lat' dir='ltr'><strong>et</strong></span> <span class='ocrx_word' id='word_1_44' title='bbox 1011 685 1430 742; x_wconf 89' lang='lat' dir='ltr'><strong>sanctissimus</strong></span> <span class='ocrx_word' id='word_1_45' title='bbox 1456 685 1795 742; x_wconf 86' lang='lat' dir='ltr'><strong>monachus</strong></span> 
     </span>
    </p>
   </div>
   <div class='ocr_carea' id='block_1_8' title="bbox 126 769 1791 845">
    <p class='ocr_par' dir='ltr' id='par_1_8' title="bbox 126 769 1791 845">
     <span class='ocr_line' id='line_1_8' title="bbox 126 769 1791 845; baseline 0.003 -20"><span class='ocrx_word' id='word_1_46' title='bbox 126 773 186 825; x_wconf 89' lang='lat' dir='ltr'><strong>et</strong></span> <span class='ocrx_word' id='word_1_47' title='bbox 206 769 490 826; x_wconf 83' lang='lat' dir='ltr'><strong>Paulinus</strong></span> <span class='ocrx_word' id='word_1_48' title='bbox 510 771 784 842; x_wconf 86' lang='lat' dir='ltr'><strong>clericus,</strong></span> <span class='ocrx_word' id='word_1_49' title='bbox 799 773 992 845; x_wconf 88' lang='lat' dir='ltr'><strong>ipsius</strong></span> <span class='ocrx_word' id='word_1_50' title='bbox 1014 777 1176 832; x_wconf 88' lang='lat' dir='ltr'><strong>tactu</strong></span> <span class='ocrx_word' id='word_1_51' title='bbox 1197 791 1234 831; x_wconf 90' lang='lat' dir='ltr'><strong>a</strong></span> <span class='ocrx_word' id='word_1_52' title='bbox 1252 775 1520 832; x_wconf 85' lang='lat' dir='ltr'><strong>febribus</strong></span> <span class='ocrx_word' id='word_1_53' title='bbox 1539 773 1791 830; x_wconf 87' lang='lat' dir='ltr'><strong>liberati.</strong></span> 
     </span>
    </p>
   </div>
   <div class='ocr_carea' id='block_1_9' title="bbox 130 859 1798 934">
    <p class='ocr_par' dir='ltr' id='par_1_9' title="bbox 130 859 1798 934">
     <span class='ocr_line' id='line_1_9' title="bbox 130 859 1798 934; baseline 0.003 -22"><span class='ocrx_word' id='word_1_54' title='bbox 130 859 198 913; x_wconf 90' lang='lat' dir='ltr'><strong>Et</strong></span> <span class='ocrx_word' id='word_1_55' title='bbox 216 860 496 930; x_wconf 82' lang='lat' dir='ltr'><strong>quamvis</strong></span> <span class='ocrx_word' id='word_1_56' title='bbox 512 861 626 916; x_wconf 91' lang='lat' dir='ltr'><strong>hoc</strong></span> <span class='ocrx_word' id='word_1_57' title='bbox 645 861 898 934; x_wconf 89' lang='lat' dir='ltr'><strong>quidam</strong></span> <span class='ocrx_word' id='word_1_58' title='bbox 919 863 1216 920; x_wconf 86' lang='lat' dir='ltr'><strong>mansueti</strong></span> <span class='ocrx_word' id='word_1_59' title='bbox 1240 865 1450 921; x_wconf 88' lang='lat' dir='ltr'><strong>Leonis</strong></span> <span class='ocrx_word' id='word_1_60' title='bbox 1471 863 1696 920; x_wconf 90' lang='lat' dir='ltr'><strong>meritis</strong></span> <span class='ocrx_word' id='word_1_61' title='bbox 1717 867 1798 918; x_wconf 89' lang='lat' dir='ltr'><strong>at-</strong></span> 
     </span>
    </p>
   </div>
   <div class='ocr_carea' id='block_1_10' title="bbox 130 945 1798 1024">
    <p class='ocr_par' dir='ltr' id='par_1_10' title="bbox 130 945 1798 1024">
     <span class='ocr_line' id='line_1_10' title="bbox 130 945 1798 1024; baseline 0.003 -23"><span class='ocrx_word' id='word_1_62' title='bbox 130 945 390 1004; x_wconf 83' lang='lat' dir='ltr'><strong>tribuant</strong></span> <span class='ocrx_word' id='word_1_63' title='bbox 409 951 466 1004; x_wconf 91' lang='lat' dir='ltr'><strong>et</strong></span> <span class='ocrx_word' id='word_1_64' title='bbox 486 949 810 1018; x_wconf 83' lang='lat' dir='ltr'><strong>ascribant,</strong></span> <span class='ocrx_word' id='word_1_65' title='bbox 826 951 1026 1024; x_wconf 90' lang='lat' dir='ltr'><strong>potius</strong></span> <span class='ocrx_word' id='word_1_66' title='bbox 1051 956 1252 1009; x_wconf 88' lang='lat' dir='ltr'><strong>tamen</strong></span> <span class='ocrx_word' id='word_1_67' title='bbox 1273 953 1528 1009; x_wconf 86' lang='lat' dir='ltr'><strong>arbitror</strong></span> <span class='ocrx_word' id='word_1_68' title='bbox 1549 951 1798 1007; x_wconf 87' lang='lat' dir='ltr'><strong>sentien-</strong></span> 
     </span>
    </p>
   </div>
   <div class='ocr_carea' id='block_1_11' title="bbox 128 1034 1798 1111">
    <p class='ocr_par' dir='ltr' id='par_1_11' title="bbox 128 1034 1798 1111">
     <span class='ocr_line' id='line_1_11' title="bbox 128 1034 1798 1111; baseline 0.003 -20"><span class='ocrx_word' id='word_1_69' title='bbox 128 1034 279 1091; x_wconf 91' lang='lat' dir='ltr'><strong>dum</strong></span> <span class='ocrx_word' id='word_1_70' title='bbox 307 1037 474 1109; x_wconf 92' lang='lat' dir='ltr'><strong>quod</strong></span> <span class='ocrx_word' id='word_1_71' title='bbox 506 1042 562 1094; x_wconf 91' lang='lat' dir='ltr'><strong>et</strong></span> <span class='ocrx_word' id='word_1_72' title='bbox 592 1038 720 1111; x_wconf 91' lang='lat' dir='ltr'><strong>ipse</strong></span> <span class='ocrx_word' id='word_1_73' title='bbox 753 1042 867 1096; x_wconf 87' lang='lat' dir='ltr'><strong>Leo</strong></span> <span class='ocrx_word' id='word_1_74' title='bbox 895 1041 1072 1098; x_wconf 84' lang='lat' dir='ltr'><strong>sentit</strong></span> <span class='ocrx_word' id='word_1_75' title='bbox 1100 1041 1441 1110; x_wconf 89' lang='lat' dir='ltr'><strong>nobiscum,</strong></span> <span class='ocrx_word' id='word_1_76' title='bbox 1465 1047 1532 1098; x_wconf 91' lang='lat' dir='ltr'><strong>ut</strong></span> <span class='ocrx_word' id='word_1_77' title='bbox 1558 1040 1705 1097; x_wconf 90' lang='lat' dir='ltr'><strong>illud</strong></span> <span class='ocrx_word' id='word_1_78' title='bbox 1735 1040 1798 1096; x_wconf 91' lang='lat' dir='ltr'><strong>in</strong></span> 
     </span>
    </p>
   </div>
   <div class='ocr_carea' id='block_1_12' title="bbox 129 1123 1796 1203">
    <p class='ocr_par' dir='ltr' id='par_1_12' title="bbox 129 1123 1796 1203">
     <span class='ocr_line' id='line_1_12' title="bbox 129 1123 1796 1203; baseline 0.004 -25"><span class='ocrx_word' id='word_1_79' title='bbox 129 1123 385 1193; x_wconf 79' lang='lat' dir='ltr'><strong>gloriam</strong></span> <span class='ocrx_word' id='word_1_80' title='bbox 407 1131 630 1182; x_wconf 91' lang='lat' dir='ltr'><strong>sanctae</strong></span> <span class='ocrx_word' id='word_1_81' title='bbox 644 1127 896 1197; x_wconf 85' lang='lat' dir='ltr'><strong>virginis</strong></span> <span class='ocrx_word' id='word_1_82' title='bbox 917 1135 1316 1198; x_wconf 86' lang='lat' dir='ltr'><strong>convertatur,</strong></span> <span class='ocrx_word' id='word_1_83' title='bbox 1339 1131 1505 1203; x_wconf 92' lang='lat' dir='ltr'><strong>quod</strong></span> <span class='ocrx_word' id='word_1_84' title='bbox 1529 1133 1796 1202; x_wconf 88' lang='lat' dir='ltr'><strong>Sponsus</strong></span> 
     </span>
    </p>
   </div>
   <div class='ocr_carea' id='block_1_13' title="bbox 127 1214 1801 1290">
    <p class='ocr_par' dir='ltr' id='par_1_13' title="bbox 127 1214 1801 1290">
     <span class='ocr_line' id='line_1_13' title="bbox 127 1214 1801 1290; baseline 0.004 -23"><span class='ocrx_word' id='word_1_85' title='bbox 127 1229 276 1268; x_wconf 92' lang='lat' dir='ltr'><strong>suus</strong></span> <span class='ocrx_word' id='word_1_86' title='bbox 306 1214 657 1272; x_wconf 87' lang='lat' dir='ltr'><strong>mirabiliter</strong></span> <span class='ocrx_word' id='word_1_87' title='bbox 686 1222 987 1290; x_wconf 83' lang='lat' dir='ltr'><strong>operatur,</strong></span> <span class='ocrx_word' id='word_1_88' title='bbox 1019 1235 1096 1276; x_wconf 91' lang='lat' dir='ltr'><strong>ne</strong></span> <span class='ocrx_word' id='word_1_89' title='bbox 1116 1220 1468 1277; x_wconf 87' lang='lat' dir='ltr'><strong>murenulas</strong></span> <span class='ocrx_word' id='word_1_90' title='bbox 1489 1236 1704 1276; x_wconf 89' lang='lat' dir='ltr'><strong>aureas</strong></span> <span class='ocrx_word' id='word_1_91' title='bbox 1725 1219 1801 1274; x_wconf 92' lang='lat' dir='ltr'><strong>si-</strong></span> 
     </span>
    </p>
   </div>
   <div class='ocr_carea' id='block_1_14' title="bbox 125 1301 1798 1382">
    <p class='ocr_par' dir='ltr' id='par_1_14' title="bbox 125 1301 1798 1382">
     <span class='ocr_line' id='line_1_14' title="bbox 125 1301 1798 1382; baseline 0.005 -26"><span class='ocrx_word' id='word_1_92' title='bbox 125 1301 190 1357; x_wconf 91' lang='lat' dir='ltr'><strong>bi</strong></span> <span class='ocrx_word' id='word_1_93' title='bbox 215 1311 549 1374; x_wconf 85' lang='lat' dir='ltr'><strong>praesumat</strong></span> <span class='ocrx_word' id='word_1_94' title='bbox 579 1306 733 1363; x_wconf 91' lang='lat' dir='ltr'><strong>alius</strong></span> <span class='ocrx_word' id='word_1_95' title='bbox 771 1324 1086 1382; x_wconf 90' lang='lat' dir='ltr'><strong>usurpare,</strong></span> <span class='ocrx_word' id='word_1_96' title='bbox 1108 1326 1263 1382; x_wconf 89' lang='lat' dir='ltr'><strong>quas</strong></span> <span class='ocrx_word' id='word_1_97' title='bbox 1291 1311 1352 1366; x_wconf 91' lang='lat' dir='ltr'><strong>in</strong></span> <span class='ocrx_word' id='word_1_98' title='bbox 1385 1309 1625 1380; x_wconf 88' lang='lat' dir='ltr'><strong>signum</strong></span> <span class='ocrx_word' id='word_1_99' title='bbox 1651 1308 1798 1364; x_wconf 90' lang='lat' dir='ltr'><strong>dile-</strong></span> 
     </span>
    </p>
   </div>
   <div class='ocr_carea' id='block_1_15' title="bbox 124 1391 1798 1468">
    <p class='ocr_par' dir='ltr' id='par_1_15' title="bbox 124 1391 1798 1468">
     <span class='ocr_line' id='line_1_15' title="bbox 124 1391 1798 1468; baseline 0.005 -22"><span class='ocrx_word' id='word_1_100' title='bbox 124 1391 342 1448; x_wconf 89' lang='lat' dir='ltr'><strong>ctionis</strong></span> <span class='ocrx_word' id='word_1_101' title='bbox 390 1397 446 1450; x_wconf 90' lang='lat' dir='ltr'><strong>et</strong></span> <span class='ocrx_word' id='word_1_102' title='bbox 493 1403 921 1455; x_wconf 88' lang='lat' dir='ltr'><strong>ornamentum</strong></span> <span class='ocrx_word' id='word_1_103' title='bbox 965 1399 1220 1468; x_wconf 89' lang='lat' dir='ltr'><strong>decoris,</strong></span> <span class='ocrx_word' id='word_1_104' title='bbox 1267 1399 1518 1456; x_wconf 89' lang='lat' dir='ltr'><strong>dilectus</strong></span> <span class='ocrx_word' id='word_1_105' title='bbox 1570 1399 1798 1455; x_wconf 86' lang='lat' dir='ltr'><strong>dilectae</strong></span> 
     </span>
    </p>
   </div>
   <div class='ocr_carea' id='block_1_16' title="bbox 123 1480 1800 1557">
    <p class='ocr_par' dir='ltr' id='par_1_16' title="bbox 123 1480 1800 1557">
     <span class='ocr_line' id='line_1_16' title="bbox 123 1480 1800 1557; baseline 0.004 -21"><span class='ocrx_word' id='word_1_106' title='bbox 123 1480 318 1536; x_wconf 91' lang='lat' dir='ltr'><strong>voluit</strong></span> <span class='ocrx_word' id='word_1_107' title='bbox 353 1489 736 1554; x_wconf 71' lang='lat' dir='ltr'><strong>przesentare.</strong></span> <span class='ocrx_word' id='word_1_108' title='bbox 784 1487 1085 1555; x_wconf 78' lang='lat' dir='ltr'><strong>Nondum,</strong></span> <span class='ocrx_word' id='word_1_109' title='bbox 1111 1488 1295 1544; x_wconf 86' lang='lat' dir='ltr'><strong>frater</strong></span> <span class='ocrx_word' id='word_1_110' title='bbox 1323 1488 1580 1557; x_wconf 84' lang='lat' dir='ltr'><strong>Maurici,</strong></span> <span class='ocrx_word' id='word_1_111' title='bbox 1615 1504 1652 1544; x_wconf 90' lang='lat' dir='ltr'><strong>a</strong></span> <span class='ocrx_word' id='word_1_112' title='bbox 1679 1503 1800 1543; x_wconf 89' lang='lat' dir='ltr'><strong>me—</strong></span> 
     </span>
    </p>
   </div>
   <div class='ocr_carea' id='block_1_17' title="bbox 125 1569 1798 1649">
    <p class='ocr_par' dir='ltr' id='par_1_17' title="bbox 125 1569 1798 1649">
     <span class='ocr_line' id='line_1_17' title="bbox 125 1569 1798 1649; baseline 0.004 -24"><span class='ocrx_word' id='word_1_113' title='bbox 125 1569 324 1626; x_wconf 88' lang='lat' dir='ltr'><strong>moria</strong></span> <span class='ocrx_word' id='word_1_114' title='bbox 352 1588 492 1628; x_wconf 89' lang='lat' dir='ltr'><strong>mea</strong></span> <span class='ocrx_word' id='word_1_115' title='bbox 521 1574 796 1647; x_wconf 92' lang='lat' dir='ltr'><strong>elapsum</strong></span> <span class='ocrx_word' id='word_1_116' title='bbox 819 1581 906 1632; x_wconf 92' lang='lat' dir='ltr'><strong>est</strong></span> <span class='ocrx_word' id='word_1_117' title='bbox 926 1577 1093 1649; x_wconf 88' lang='lat' dir='ltr'><strong>quod</strong></span> <span class='ocrx_word' id='word_1_118' title='bbox 1115 1581 1170 1634; x_wconf 90' lang='lat' dir='ltr'><strong>te</strong></span> <span class='ocrx_word' id='word_1_119' title='bbox 1193 1579 1572 1634; x_wconf 85' lang='lat' dir='ltr'><strong>ministrante</strong></span> <span class='ocrx_word' id='word_1_120' title='bbox 1604 1577 1798 1633; x_wconf 93' lang='lat' dir='ltr'><strong>occul-</strong></span> 
     </span>
    </p>
   </div>
   <div class='ocr_carea' id='block_1_18' title="bbox 126 1661 1800 1739">
    <p class='ocr_par' dir='ltr' id='par_1_18' title="bbox 126 1661 1800 1739">
     <span class='ocr_line' id='line_1_18' title="bbox 126 1661 1800 1739; baseline 0.005 -25"><span class='ocrx_word' id='word_1_121' title='bbox 126 1663 252 1716; x_wconf 88' lang='lat' dir='ltr'><strong>tata</strong></span> <span class='ocrx_word' id='word_1_122' title='bbox 274 1661 368 1731; x_wconf 86' lang='lat' dir='ltr'><strong>[f.,</strong></span> <span class='ocrx_word' id='word_1_123' title='bbox 390 1662 651 1737; x_wconf 89' lang='lat' dir='ltr'><strong>oculata]</strong></span> <span class='ocrx_word' id='word_1_124' title='bbox 674 1663 793 1721; x_wconf 89' lang='lat' dir='ltr'><strong>ﬁde</strong></span> <span class='ocrx_word' id='word_1_125' title='bbox 814 1667 1091 1736; x_wconf 85' lang='lat' dir='ltr'><strong>cognovi.</strong></span> <span class='ocrx_word' id='word_1_126' title='bbox 1122 1667 1366 1738; x_wconf 81' lang='lat' dir='ltr'><strong>Expleta</strong></span> <span class='ocrx_word' id='word_1_127' title='bbox 1391 1682 1655 1739; x_wconf 88' lang='lat' dir='ltr'><strong>namque</strong></span> <span class='ocrx_word' id='word_1_128' title='bbox 1675 1683 1800 1722; x_wconf 89' lang='lat' dir='ltr'><strong>ma-</strong></span> 
     </span>
    </p>
   </div>
   <div class='ocr_carea' id='block_1_19' title="bbox 1907 507 3557 581">
    <p class='ocr_par' dir='ltr' id='par_1_19' title="bbox 1907 507 3557 581">
     <span class='ocr_line' id='line_1_19' title="bbox 1907 507 3557 581; baseline 0.001 -19"><span class='ocrx_word' id='word_1_129' title='bbox 1907 507 2206 580; x_wconf 84' lang='lat' dir='ltr'><strong>complerc</strong></span> <span class='ocrx_word' id='word_1_130' title='bbox 2231 526 2568 564; x_wconf 86' lang='lat' dir='ltr'><strong>sermonem</strong></span> <span class='ocrx_word' id='word_1_131' title='bbox 2581 512 2816 565; x_wconf 87' lang='lat' dir='ltr'><strong>.Verum</strong></span> <span class='ocrx_word' id='word_1_132' title='bbox 2834 509 2988 565; x_wconf 89' lang='lat' dir='ltr'><strong>illico</strong></span> <span class='ocrx_word' id='word_1_133' title='bbox 3009 508 3557 581; x_wconf 84' lang='lat' dir='ltr'><strong>propterinﬁdeles,</strong></span> 
     </span>
    </p>
   </div>
   <div class='ocr_carea' id='block_1_20' title="bbox 1904 597 3563 673">
    <p class='ocr_par' dir='ltr' id='par_1_20' title="bbox 1904 597 3563 673">
     <span class='ocr_line' id='line_1_20' title="bbox 1904 597 3563 673; baseline 0.002 -20"><span class='ocrx_word' id='word_1_134' title='bbox 1904 597 2212 668; x_wconf 88' lang='lat' dir='ltr'><strong>magnalia</strong></span> <span class='ocrx_word' id='word_1_135' title='bbox 2230 599 2331 655; x_wconf 93' lang='lat' dir='ltr'><strong>Dei</strong></span> <span class='ocrx_word' id='word_1_136' title='bbox 2353 600 2570 656; x_wconf 90' lang='lat' dir='ltr'><strong>certius</strong></span> <span class='ocrx_word' id='word_1_137' title='bbox 2593 600 2900 673; x_wconf 90' lang='lat' dir='ltr'><strong>probaturi</strong></span> <span class='ocrx_word' id='word_1_138' title='bbox 2905 599 3010 672; x_wconf 91' lang='lat' dir='ltr'><strong>,ad</strong></span> <span class='ocrx_word' id='word_1_139' title='bbox 3029 598 3451 672; x_wconf 83' lang='lat' dir='ltr'><strong>Apostolorum</strong></span> <span class='ocrx_word' id='word_1_140' title='bbox 3471 615 3563 656; x_wconf 91' lang='lat' dir='ltr'><strong>ec-</strong></span> 
     </span>
    </p>
   </div>
   <div class='ocr_carea' id='block_1_21' title="bbox 1905 686 3561 760">
    <p class='ocr_par' dir='ltr' id='par_1_21' title="bbox 1905 686 3561 760">
     <span class='ocr_line' id='line_1_21' title="bbox 1905 686 3561 760; baseline 0 -18"><span class='ocrx_word' id='word_1_141' title='bbox 1905 686 2152 742; x_wconf 89' lang='lat' dir='ltr'><strong>clesiam</strong></span> <span class='ocrx_word' id='word_1_142' title='bbox 2198 688 2660 760; x_wconf 87' lang='lat' dir='ltr'><strong>properavimus</strong></span> <span class='ocrx_word' id='word_1_143' title='bbox 2705 687 2988 752; x_wconf 90' lang='lat' dir='ltr'><strong>universi,</strong></span> <span class='ocrx_word' id='word_1_144' title='bbox 3019 686 3082 742; x_wconf 95' lang='lat' dir='ltr'><strong>in</strong></span> <span class='ocrx_word' id='word_1_145' title='bbox 3115 687 3288 758; x_wconf 89' lang='lat' dir='ltr'><strong>cujus</strong></span> <span class='ocrx_word' id='word_1_146' title='bbox 3319 687 3561 744; x_wconf 89' lang='lat' dir='ltr'><strong>introitu</strong></span> 
     </span>
    </p>
   </div>
   <div class='ocr_carea' id='block_1_22' title="bbox 1904 774 3561 844">
    <p class='ocr_par' dir='ltr' id='par_1_22' title="bbox 1904 774 3561 844">
     <span class='ocr_line' id='line_1_22' title="bbox 1904 774 3561 844; baseline 0.001 -14"><span class='ocrx_word' id='word_1_147' title='bbox 1904 774 2189 832; x_wconf 87' lang='lat' dir='ltr'><strong>facientes</strong></span> <span class='ocrx_word' id='word_1_148' title='bbox 2229 776 2534 833; x_wconf 90' lang='lat' dir='ltr'><strong>modicam</strong></span> <span class='ocrx_word' id='word_1_149' title='bbox 2564 777 2903 844; x_wconf 88' lang='lat' dir='ltr'><strong>stationem,</strong></span> <span class='ocrx_word' id='word_1_150' title='bbox 2935 776 3036 833; x_wconf 91' lang='lat' dir='ltr'><strong>vix</strong></span> <span class='ocrx_word' id='word_1_151' title='bbox 3077 775 3326 832; x_wconf 88' lang='lat' dir='ltr'><strong>tandem</strong></span> <span class='ocrx_word' id='word_1_152' title='bbox 3353 775 3561 832; x_wconf 90' lang='lat' dir='ltr'><strong>audire</strong></span> 
     </span>
    </p>
   </div>
   <div class='ocr_carea' id='block_1_23' title="bbox 1905 865 3564 937">
    <p class='ocr_par' dir='ltr' id='par_1_23' title="bbox 1905 865 3564 937">
     <span class='ocr_line' id='line_1_23' title="bbox 1905 865 3564 937; baseline 0.001 -17"><span class='ocrx_word' id='word_1_153' title='bbox 1905 865 2210 937; x_wconf 90' lang='lat' dir='ltr'><strong>potuimus</strong></span> <span class='ocrx_word' id='word_1_154' title='bbox 2231 865 2430 922; x_wconf 89' lang='lat' dir='ltr'><strong>adhuc</strong></span> <span class='ocrx_word' id='word_1_155' title='bbox 2449 865 2698 935; x_wconf 86' lang='lat' dir='ltr'><strong>legentis</strong></span> <span class='ocrx_word' id='word_1_156' title='bbox 2725 865 2986 922; x_wconf 86' lang='lat' dir='ltr'><strong>Mauricii</strong></span> <span class='ocrx_word' id='word_1_157' title='bbox 3006 880 3214 922; x_wconf 87' lang='lat' dir='ltr'><strong>vocem</strong></span> <span class='ocrx_word' id='word_1_158' title='bbox 3245 869 3486 920; x_wconf 90' lang='lat' dir='ltr'><strong>tenuem</strong></span> <span class='ocrx_word' id='word_1_159' title='bbox 3506 868 3564 922; x_wconf 90' lang='lat' dir='ltr'><strong>et</strong></span> 
     </span>
    </p>
   </div>
   <div class='ocr_carea' id='block_1_24' title="bbox 1905 949 3560 1024">
    <p class='ocr_par' dir='ltr' id='par_1_24' title="bbox 1905 949 3560 1024">
     <span class='ocr_line' id='line_1_24' title="bbox 1905 949 3560 1024; baseline -0.002 -16"><span class='ocrx_word' id='word_1_160' title='bbox 1905 952 2142 1008; x_wconf 79' lang='lat' dir='ltr'><strong>exilem.</strong></span> <span class='ocrx_word' id='word_1_161' title='bbox 2168 956 2318 1010; x_wconf 90' lang='lat' dir='ltr'><strong>Tum</strong></span> <span class='ocrx_word' id='word_1_162' title='bbox 2345 953 2515 1010; x_wconf 87' lang='lat' dir='ltr'><strong>ﬁnito</strong></span> <span class='ocrx_word' id='word_1_163' title='bbox 2545 954 2869 1024; x_wconf 89' lang='lat' dir='ltr'><strong>Evangelio</strong></span> <span class='ocrx_word' id='word_1_164' title='bbox 2897 952 3215 1009; x_wconf 60' lang='lat' dir='ltr'><strong>Dominica)</strong></span> <span class='ocrx_word' id='word_1_165' title='bbox 3239 949 3560 1024; x_wconf 89' lang='lat' dir='ltr'><strong>passionis,</strong></span> 
     </span>
    </p>
   </div>
   <div class='ocr_carea' id='block_1_25' title="bbox 1906 1041 3563 1111">
    <p class='ocr_par' dir='ltr' id='par_1_25' title="bbox 1906 1041 3563 1111">
     <span class='ocr_line' id='line_1_25' title="bbox 1906 1041 3563 1111; baseline -0.002 -15"><span class='ocrx_word' id='word_1_166' title='bbox 1906 1042 2306 1097; x_wconf 88' lang='lat' dir='ltr'><strong>communiter</strong></span> <span class='ocrx_word' id='word_1_167' title='bbox 2325 1043 2641 1098; x_wconf 75' lang='lat' dir='ltr'><strong>offerentes</strong></span> <span class='ocrx_word' id='word_1_168' title='bbox 2659 1042 2911 1099; x_wconf 91' lang='lat' dir='ltr'><strong>Domino</strong></span> <span class='ocrx_word' id='word_1_169' title='bbox 2933 1041 3185 1111; x_wconf 82' lang='lat' dir='ltr'><strong>gloriam</strong></span> <span class='ocrx_word' id='word_1_170' title='bbox 3197 1043 3253 1095; x_wconf 91' lang='lat' dir='ltr'><strong>et</strong></span> <span class='ocrx_word' id='word_1_171' title='bbox 3267 1041 3563 1094; x_wconf 90' lang='lat' dir='ltr'><strong>honorem</strong></span> 
     </span>
    </p>
   </div>
   <div class='ocr_carea' id='block_1_26' title="bbox 1906 1125 3564 1200">
    <p class='ocr_par' dir='ltr' id='par_1_26' title="bbox 1906 1125 3564 1200">
     <span class='ocr_line' id='line_1_26' title="bbox 1906 1125 3564 1200; baseline -0.003 -15"><span class='ocrx_word' id='word_1_172' title='bbox 1906 1128 2222 1186; x_wconf 74' lang='lat' dir='ltr'><strong>offerentes</strong></span> <span class='ocrx_word' id='word_1_173' title='bbox 2252 1130 2506 1186; x_wconf 91' lang='lat' dir='ltr'><strong>Domino</strong></span> <span class='ocrx_word' id='word_1_174' title='bbox 2536 1130 2791 1200; x_wconf 87' lang='lat' dir='ltr'><strong>gloriam</strong></span> <span class='ocrx_word' id='word_1_175' title='bbox 2821 1127 3051 1186; x_wconf 91' lang='lat' dir='ltr'><strong>nomini</strong></span> <span class='ocrx_word' id='word_1_176' title='bbox 3076 1128 3224 1198; x_wconf 87' lang='lat' dir='ltr'><strong>ejus,</strong></span> <span class='ocrx_word' id='word_1_177' title='bbox 3249 1127 3310 1182; x_wconf 91' lang='lat' dir='ltr'><strong>in</strong></span> <span class='ocrx_word' id='word_1_178' title='bbox 3339 1125 3564 1199; x_wconf 90' lang='lat' dir='ltr'><strong>templo</strong></span> 
     </span>
    </p>
   </div>
   <div class='ocr_carea' id='block_1_27' title="bbox 1907 1214 3564 1290">
    <p class='ocr_par' dir='ltr' id='par_1_27' title="bbox 1907 1214 3564 1290">
     <span class='ocr_line' id='line_1_27' title="bbox 1907 1214 3564 1290; baseline -0.004 -16"><span class='ocrx_word' id='word_1_179' title='bbox 1907 1219 2036 1289; x_wconf 88' lang='lat' dir='ltr'><strong>ejus</strong></span> <span class='ocrx_word' id='word_1_180' title='bbox 2064 1234 2276 1274; x_wconf 91' lang='lat' dir='ltr'><strong>omnes</strong></span> <span class='ocrx_word' id='word_1_181' title='bbox 2323 1219 2586 1275; x_wconf 85' lang='lat' dir='ltr'><strong>diximus</strong></span> <span class='ocrx_word' id='word_1_182' title='bbox 2627 1219 2901 1290; x_wconf 87' lang='lat' dir='ltr'><strong>gloriam,</strong></span> <span class='ocrx_word' id='word_1_183' title='bbox 2931 1218 3037 1290; x_wconf 92' lang='lat' dir='ltr'><strong>qui</strong></span> <span class='ocrx_word' id='word_1_184' title='bbox 3070 1220 3132 1272; x_wconf 88' lang='lat' dir='ltr'><strong>in</strong></span> <span class='ocrx_word' id='word_1_185' title='bbox 3175 1216 3397 1273; x_wconf 87' lang='lat' dir='ltr'><strong>sanctis</strong></span> <span class='ocrx_word' id='word_1_186' title='bbox 3442 1214 3564 1269; x_wconf 91' lang='lat' dir='ltr'><strong>suis</strong></span> 
     </span>
    </p>
   </div>
   <div class='ocr_carea' id='block_1_28' title="bbox 1908 1305 3565 1380">
    <p class='ocr_par' dir='ltr' id='par_1_28' title="bbox 1908 1305 3565 1380">
     <span class='ocr_line' id='line_1_28' title="bbox 1908 1305 3565 1380; baseline -0.004 -16"><span class='ocrx_word' id='word_1_187' title='bbox 1908 1308 2202 1378; x_wconf 90' lang='lat' dir='ltr'><strong>gloriosus</strong></span> <span class='ocrx_word' id='word_1_188' title='bbox 2232 1312 2338 1364; x_wconf 90' lang='lat' dir='ltr'><strong>est.</strong></span> <span class='ocrx_word' id='word_1_189' title='bbox 2373 1312 2550 1365; x_wconf 79' lang='lat' dir='ltr'><strong>Porro</strong></span> <span class='ocrx_word' id='word_1_190' title='bbox 2575 1309 2745 1380; x_wconf 90' lang='lat' dir='ltr'><strong>virgo</strong></span> <span class='ocrx_word' id='word_1_191' title='bbox 2791 1308 2892 1363; x_wconf 91' lang='lat' dir='ltr'><strong>Dei</strong></span> <span class='ocrx_word' id='word_1_192' title='bbox 2936 1306 3015 1363; x_wconf 93' lang='lat' dir='ltr'><strong>ad</strong></span> <span class='ocrx_word' id='word_1_193' title='bbox 3043 1305 3229 1378; x_wconf 87' lang='lat' dir='ltr'><strong>pedes</strong></span> <span class='ocrx_word' id='word_1_194' title='bbox 3257 1321 3426 1360; x_wconf 88' lang='lat' dir='ltr'><strong>meos</strong></span> <span class='ocrx_word' id='word_1_195' title='bbox 3453 1307 3565 1359; x_wconf 90' lang='lat' dir='ltr'><strong>tre-</strong></span> 
     </span>
    </p>
   </div>
   <div class='ocr_carea' id='block_1_29' title="bbox 1908 1393 3563 1470">
    <p class='ocr_par' dir='ltr' id='par_1_29' title="bbox 1908 1393 3563 1470">
     <span class='ocr_line' id='line_1_29' title="bbox 1908 1393 3563 1470; baseline -0.004 -16"><span class='ocrx_word' id='word_1_196' title='bbox 1908 1399 2219 1455; x_wconf 91' lang='lat' dir='ltr'><strong>mebunda</strong></span> <span class='ocrx_word' id='word_1_197' title='bbox 2244 1399 2521 1470; x_wconf 89' lang='lat' dir='ltr'><strong>jacebat;</strong></span> <span class='ocrx_word' id='word_1_198' title='bbox 2573 1399 2703 1455; x_wconf 90' lang='lat' dir='ltr'><strong>aliis</strong></span> <span class='ocrx_word' id='word_1_199' title='bbox 2742 1396 3165 1468; x_wconf 85' lang='lat' dir='ltr'><strong>gaudentibus,</strong></span> <span class='ocrx_word' id='word_1_200' title='bbox 3197 1395 3332 1466; x_wconf 90' lang='lat' dir='ltr'><strong>ipsa</strong></span> <span class='ocrx_word' id='word_1_201' title='bbox 3360 1393 3563 1460; x_wconf 87' lang='lat' dir='ltr'><strong>ﬂebat,</strong></span> 
     </span>
    </p>
   </div>
   <div class='ocr_carea' id='block_1_30' title="bbox 1905 1483 3565 1562">
    <p class='ocr_par' dir='ltr' id='par_1_30' title="bbox 1905 1483 3565 1562">
     <span class='ocr_line' id='line_1_30' title="bbox 1905 1483 3565 1562; baseline -0.004 -18"><span class='ocrx_word' id='word_1_202' title='bbox 1905 1493 2113 1562; x_wconf 89' lang='lat' dir='ltr'><strong>pectus</strong></span> <span class='ocrx_word' id='word_1_203' title='bbox 2144 1489 2454 1557; x_wconf 87' lang='lat' dir='ltr'><strong>tundebat,</strong></span> <span class='ocrx_word' id='word_1_204' title='bbox 2479 1493 2536 1544; x_wconf 92' lang='lat' dir='ltr'><strong>et</strong></span> <span class='ocrx_word' id='word_1_205' title='bbox 2557 1505 2694 1561; x_wconf 88' lang='lat' dir='ltr'><strong>quae</strong></span> <span class='ocrx_word' id='word_1_206' title='bbox 2723 1487 2978 1543; x_wconf 89' lang='lat' dir='ltr'><strong>verbum</strong></span> <span class='ocrx_word' id='word_1_207' title='bbox 3011 1484 3217 1540; x_wconf 88' lang='lat' dir='ltr'><strong>salutis</strong></span> <span class='ocrx_word' id='word_1_208' title='bbox 3247 1483 3565 1552; x_wconf 87' lang='lat' dir='ltr'><strong>turbasset,</strong></span> 
     </span>
    </p>
   </div>
   <div class='ocr_carea' id='block_1_31' title="bbox 1907 1574 3210 1650">
    <p class='ocr_par' dir='ltr' id='par_1_31' title="bbox 1907 1574 3210 1650">
     <span class='ocr_line' id='line_1_31' title="bbox 1907 1574 3210 1650; baseline -0.003 -17"><span class='ocrx_word' id='word_1_209' title='bbox 1907 1595 1970 1634; x_wconf 91' lang='lat' dir='ltr'><strong>se</strong></span> <span class='ocrx_word' id='word_1_210' title='bbox 1990 1579 2384 1650; x_wconf 89' lang='lat' dir='ltr'><strong>peccatricem</strong></span> <span class='ocrx_word' id='word_1_211' title='bbox 2415 1578 2820 1634; x_wconf 84' lang='lat' dir='ltr'><strong>miserrimam</strong></span> <span class='ocrx_word' id='word_1_212' title='bbox 2841 1574 3210 1632; x_wconf 89' lang='lat' dir='ltr'><strong>clamitabat.</strong></span> 
     </span>
    </p>
   </div>
   <div class='ocr_carea' id='block_1_32' title="bbox 1976 1658 3569 1740">
    <p class='ocr_par' dir='ltr' id='par_1_32' title="bbox 1976 1658 3569 1740">
     <span class='ocr_line' id='line_1_32' title="bbox 1976 1658 3569 1740; baseline -0.005 -18"><span class='ocrx_word' id='word_1_213' title='bbox 1976 1667 2160 1724; x_wconf 91' lang='lat' dir='ltr'><strong>Paulo</strong></span> <span class='ocrx_word' id='word_1_214' title='bbox 2188 1672 2324 1740; x_wconf 89' lang='lat' dir='ltr'><strong>post</strong></span> <span class='ocrx_word' id='word_1_215' title='bbox 2349 1667 2540 1724; x_wconf 83' lang='lat' dir='ltr'><strong>illuxit</strong></span> <span class='ocrx_word' id='word_1_216' title='bbox 2567 1667 2696 1724; x_wconf 91' lang='lat' dir='ltr'><strong>dies</strong></span> <span class='ocrx_word' id='word_1_217' title='bbox 2726 1663 3059 1722; x_wconf 90' lang='lat' dir='ltr'><strong>vocationis</strong></span> <span class='ocrx_word' id='word_1_218' title='bbox 3087 1661 3409 1736; x_wconf 84' lang='lat' dir='ltr'><strong>praedictae,</strong></span> <span class='ocrx_word' id='word_1_219' title='bbox 3442 1658 3569 1715; x_wconf 90' lang='lat' dir='ltr'><strong>dies</strong></span> 
     </span>
    </p>
   </div>
   <div class='ocr_carea' id='block_1_33' title="bbox 125 1749 3573 1831">
    <p class='ocr_par' dir='ltr' id='par_1_33' title="bbox 125 1749 3573 1831">
     <span class='ocr_line' id='line_1_33' title="bbox 125 1749 3573 1831; baseline 0 -26"><span class='ocrx_word' id='word_1_220' title='bbox 125 1749 324 1806; x_wconf 86' lang='lat' dir='ltr'><strong>tutina</strong></span> <span class='ocrx_word' id='word_1_221' title='bbox 351 1752 624 1823; x_wconf 82' lang='lat' dir='ltr'><strong>synopsi,</strong></span> <span class='ocrx_word' id='word_1_222' title='bbox 653 1754 902 1811; x_wconf 89' lang='lat' dir='ltr'><strong>innuisti</strong></span> <span class='ocrx_word' id='word_1_223' title='bbox 924 1757 1070 1812; x_wconf 89' lang='lat' dir='ltr'><strong>mihi</strong></span> <span class='ocrx_word' id='word_1_224' title='bbox 1091 1762 1156 1814; x_wconf 90' lang='lat' dir='ltr'><strong>ut</strong></span> <span class='ocrx_word' id='word_1_225' title='bbox 1178 1761 1443 1814; x_wconf 84' lang='lat' dir='ltr'><strong>Mauram</strong></span> <span class='ocrx_word' id='word_1_226' title='bbox 1466 1757 1798 1830; x_wconf 87' lang='lat' dir='ltr'><strong>aspicerem</strong></span> <span class='ocrx_word' id='word_1_227' title='bbox 1832 1769 1872 1824; x_wconf 81' lang='grc' dir='ltr'><strong><em>Β</em></strong></span> <span class='ocrx_word' id='word_1_228' title='bbox 1907 1758 2005 1814; x_wconf 89' lang='lat' dir='ltr'><strong>cui</strong></span> <span class='ocrx_word' id='word_1_229' title='bbox 2052 1774 2346 1828; x_wconf 89' lang='lat' dir='ltr'><strong>magnum</strong></span> <span class='ocrx_word' id='word_1_230' title='bbox 2388 1762 2642 1831; x_wconf 82' lang='lat' dir='ltr'><strong>praeerat</strong></span> <span class='ocrx_word' id='word_1_231' title='bbox 2689 1757 3005 1819; x_wconf 87' lang='lat' dir='ltr'><strong>luminare,</strong></span> <span class='ocrx_word' id='word_1_232' title='bbox 3037 1753 3341 1811; x_wconf 72' lang='lat' dir='ltr'><strong>Matthzeus</strong></span> <span class='ocrx_word' id='word_1_233' title='bbox 3370 1749 3573 1806; x_wconf 90' lang='lat' dir='ltr'><strong>videli-</strong></span> 
     </span>
    </p>
   </div>
   <div class='ocr_carea' id='block_1_34' title="bbox 128 1838 1799 1913">
    <p class='ocr_par' dir='ltr' id='par_1_34' title="bbox 128 1838 1799 1913">
     <span class='ocr_line' id='line_1_34' title="bbox 128 1838 1799 1913; baseline 0.004 -20"><span class='ocrx_word' id='word_1_234' title='bbox 128 1838 351 1894; x_wconf 88' lang='lat' dir='ltr'><strong>arctius</strong></span> <span class='ocrx_word' id='word_1_235' title='bbox 383 1841 844 1913; x_wconf 89' lang='lat' dir='ltr'><strong>amplectentem</strong></span> <span class='ocrx_word' id='word_1_236' title='bbox 867 1849 922 1901; x_wconf 90' lang='lat' dir='ltr'><strong>et</strong></span> <span class='ocrx_word' id='word_1_237' title='bbox 948 1845 1185 1902; x_wconf 90' lang='lat' dir='ltr'><strong>dulcius</strong></span> <span class='ocrx_word' id='word_1_238' title='bbox 1210 1846 1586 1903; x_wconf 88' lang='lat' dir='ltr'><strong>osculantem</strong></span> <span class='ocrx_word' id='word_1_239' title='bbox 1613 1845 1799 1901; x_wconf 89' lang='lat' dir='ltr'><strong>altare</strong></span> 
     </span>
    </p>
   </div>
   <div class='ocr_carea' id='block_1_35' title="bbox 129 1926 1800 2008">
    <p class='ocr_par' dir='ltr' id='par_1_35' title="bbox 129 1926 1800 2008">
     <span class='ocr_line' id='line_1_35' title="bbox 129 1926 1800 2008; baseline 0.004 -26"><span class='ocrx_word' id='word_1_240' title='bbox 129 1926 235 1982; x_wconf 91' lang='lat' dir='ltr'><strong>ubi</strong></span> <span class='ocrx_word' id='word_1_241' title='bbox 261 1943 478 2000; x_wconf 88' lang='lat' dir='ltr'><strong>corpus</strong></span> <span class='ocrx_word' id='word_1_242' title='bbox 507 1930 700 1987; x_wconf 65' lang='lat' dir='ltr'><strong>beatae</strong></span> <span class='ocrx_word' id='word_1_243' title='bbox 731 1933 978 2003; x_wconf 85' lang='lat' dir='ltr'><strong>virginis</strong></span> <span class='ocrx_word' id='word_1_244' title='bbox 1012 1935 1295 1991; x_wconf 70' lang='lat' dir='ltr'><strong>Mastidize</strong></span> <span class='ocrx_word' id='word_1_245' title='bbox 1322 1935 1662 2008; x_wconf 87' lang='lat' dir='ltr'><strong>requiescit,</strong></span> <span class='ocrx_word' id='word_1_246' title='bbox 1693 1933 1800 1989; x_wconf 89' lang='lat' dir='ltr'><strong>sed</strong></span> 
     </span>
    </p>
   </div>
   <div class='ocr_carea' id='block_1_36' title="bbox 126 2016 1800 2095">
    <p class='ocr_par' dir='ltr' id='par_1_36' title="bbox 126 2016 1800 2095">
     <span class='ocr_line' id='line_1_36' title="bbox 126 2016 1800 2095; baseline 0.003 -25"><span class='ocrx_word' id='word_1_247' title='bbox 126 2019 186 2072; x_wconf 89' lang='lat' dir='ltr'><strong>et</strong></span> <span class='ocrx_word' id='word_1_248' title='bbox 209 2016 362 2073; x_wconf 86' lang='lat' dir='ltr'><strong>hora</strong></span> <span class='ocrx_word' id='word_1_249' title='bbox 391 2022 556 2074; x_wconf 87' lang='lat' dir='ltr'><strong>sexta</strong></span> <span class='ocrx_word' id='word_1_250' title='bbox 603 2036 640 2075; x_wconf 90' lang='lat' dir='ltr'><strong>a</strong></span> <span class='ocrx_word' id='word_1_251' title='bbox 667 2021 952 2077; x_wconf 84' lang='lat' dir='ltr'><strong>fratribus</strong></span> <span class='ocrx_word' id='word_1_252' title='bbox 983 2022 1322 2086; x_wconf 56' lang='lat' dir='ltr'><strong>decantata,</strong></span> <span class='ocrx_word' id='word_1_253' title='bbox 1357 2022 1435 2078; x_wconf 88' lang='lat' dir='ltr'><strong>ad</strong></span> <span class='ocrx_word' id='word_1_254' title='bbox 1464 2022 1650 2095; x_wconf 88' lang='lat' dir='ltr'><strong>pedes</strong></span> <span class='ocrx_word' id='word_1_255' title='bbox 1679 2021 1800 2091; x_wconf 90' lang='lat' dir='ltr'><strong>eju.</strong></span> 
     </span>
    </p>
   </div>
   <div class='ocr_carea' id='block_1_37' title="bbox 127 2101 1799 2181">
    <p class='ocr_par' dir='ltr' id='par_1_37' title="bbox 127 2101 1799 2181">
     <span class='ocr_line' id='line_1_37' title="bbox 127 2101 1799 2181; baseline 0.005 -23"><span class='ocrx_word' id='word_1_256' title='bbox 127 2103 302 2159; x_wconf 88' lang='lat' dir='ltr'><strong>sdem</strong></span> <span class='ocrx_word' id='word_1_257' title='bbox 331 2105 532 2162; x_wconf 88' lang='lat' dir='ltr'><strong>altaris</strong></span> <span class='ocrx_word' id='word_1_258' title='bbox 559 2107 971 2181; x_wconf 88' lang='lat' dir='ltr'><strong>lacrymarum</strong></span> <span class='ocrx_word' id='word_1_259' title='bbox 1017 2101 1267 2167; x_wconf 72' lang='lat' dir='ltr'><strong>suarum</strong></span> <span class='ocrx_word' id='word_1_260' title='bbox 1314 2111 1573 2166; x_wconf 86' lang='lat' dir='ltr'><strong>rivulum</strong></span> <span class='ocrx_word' id='word_1_261' title='bbox 1603 2115 1799 2166; x_wconf 79' lang='lat' dir='ltr'><strong>osten-</strong></span> 
     </span>
    </p>
   </div>
   <div class='ocr_carea' id='block_1_38' title="bbox 127 2192 1798 2272">
    <p class='ocr_par' dir='ltr' id='par_1_38' title="bbox 127 2192 1798 2272">
     <span class='ocr_line' id='line_1_38' title="bbox 127 2192 1798 2272; baseline 0.004 -24"><span class='ocrx_word' id='word_1_262' title='bbox 127 2192 292 2258; x_wconf 88' lang='lat' dir='ltr'><strong>disti,</strong></span> <span class='ocrx_word' id='word_1_263' title='bbox 340 2210 463 2267; x_wconf 90' lang='lat' dir='ltr'><strong>quo</strong></span> <span class='ocrx_word' id='word_1_264' title='bbox 513 2198 792 2270; x_wconf 89' lang='lat' dir='ltr'><strong>proprios</strong></span> <span class='ocrx_word' id='word_1_265' title='bbox 853 2199 1060 2256; x_wconf 92' lang='lat' dir='ltr'><strong>oculos</strong></span> <span class='ocrx_word' id='word_1_266' title='bbox 1115 2199 1378 2268; x_wconf 91' lang='lat' dir='ltr'><strong>linivisti,</strong></span> <span class='ocrx_word' id='word_1_267' title='bbox 1426 2216 1560 2272; x_wconf 87' lang='lat' dir='ltr'><strong>quae</strong></span> <span class='ocrx_word' id='word_1_268' title='bbox 1609 2199 1798 2255; x_wconf 92' lang='lat' dir='ltr'><strong>linitio</strong></span> 
     </span>
    </p>
   </div>
   <div class='ocr_carea' id='block_1_39' title="bbox 127 2285 1799 2361">
    <p class='ocr_par' dir='ltr' id='par_1_39' title="bbox 127 2285 1799 2361">
     <span class='ocr_line' id='line_1_39' title="bbox 127 2285 1799 2361; baseline 0.005 -25"><span class='ocrx_word' id='word_1_269' title='bbox 127 2286 428 2354; x_wconf 87' lang='lat' dir='ltr'><strong>quantum</strong></span> <span class='ocrx_word' id='word_1_270' title='bbox 458 2285 564 2342; x_wconf 87' lang='lat' dir='ltr'><strong>tibi</strong></span> <span class='ocrx_word' id='word_1_271' title='bbox 591 2287 834 2359; x_wconf 88' lang='lat' dir='ltr'><strong>profuit,</strong></span> <span class='ocrx_word' id='word_1_272' title='bbox 869 2293 926 2344; x_wconf 91' lang='lat' dir='ltr'><strong>et</strong></span> <span class='ocrx_word' id='word_1_273' title='bbox 955 2288 1146 2358; x_wconf 90' lang='lat' dir='ltr'><strong>gratia</strong></span> <span class='ocrx_word' id='word_1_274' title='bbox 1173 2288 1582 2361; x_wconf 83' lang='lat' dir='ltr'><strong>lacrymarum</strong></span> <span class='ocrx_word' id='word_1_275' title='bbox 1611 2304 1799 2361; x_wconf 89' lang='lat' dir='ltr'><strong>quam</strong></span> 
     </span>
    </p>
   </div>
   <div class='ocr_carea' id='block_1_40' title="bbox 126 2370 1799 2450">
    <p class='ocr_par' dir='ltr' id='par_1_40' title="bbox 126 2370 1799 2450">
     <span class='ocr_line' id='line_1_40' title="bbox 126 2370 1799 2450; baseline 0.005 -25"><span class='ocrx_word' id='word_1_276' title='bbox 126 2370 342 2442; x_wconf 88' lang='lat' dir='ltr'><strong>habes,</strong></span> <span class='ocrx_word' id='word_1_277' title='bbox 374 2376 430 2429; x_wconf 92' lang='lat' dir='ltr'><strong>et</strong></span> <span class='ocrx_word' id='word_1_278' title='bbox 475 2374 633 2431; x_wconf 90' lang='lat' dir='ltr'><strong>oculi</strong></span> <span class='ocrx_word' id='word_1_279' title='bbox 681 2377 921 2433; x_wconf 90' lang='lat' dir='ltr'><strong>macula</strong></span> <span class='ocrx_word' id='word_1_280' title='bbox 967 2394 1157 2450; x_wconf 89' lang='lat' dir='ltr'><strong>quam</strong></span> <span class='ocrx_word' id='word_1_281' title='bbox 1206 2378 1390 2434; x_wconf 92' lang='lat' dir='ltr'><strong>modo</strong></span> <span class='ocrx_word' id='word_1_282' title='bbox 1439 2393 1564 2434; x_wconf 91' lang='lat' dir='ltr'><strong>non</strong></span> <span class='ocrx_word' id='word_1_283' title='bbox 1608 2378 1799 2434; x_wconf 89' lang='lat' dir='ltr'><strong>habes</strong></span> 
     </span>
    </p>
   </div>
   <div class='ocr_carea' id='block_1_41' title="bbox 132 2460 1802 2538">
    <p class='ocr_par' dir='ltr' id='par_1_41' title="bbox 132 2460 1802 2538">
     <span class='ocr_line' id='line_1_41' title="bbox 132 2460 1802 2538; baseline 0.004 -23"><span class='ocrx_word' id='word_1_284' title='bbox 132 2460 307 2516; x_wconf 81' lang='lat' dir='ltr'><strong>certis</strong></span> <span class='ocrx_word' id='word_1_285' title='bbox 333 2463 599 2534; x_wconf 87' lang='lat' dir='ltr'><strong>probant</strong></span> <span class='ocrx_word' id='word_1_286' title='bbox 623 2469 682 2521; x_wconf 93' lang='lat' dir='ltr'><strong>et</strong></span> <span class='ocrx_word' id='word_1_287' title='bbox 709 2465 1228 2536; x_wconf 88' lang='lat' dir='ltr'><strong>irrefragabilibus</strong></span> <span class='ocrx_word' id='word_1_288' title='bbox 1252 2466 1645 2537; x_wconf 88' lang='lat' dir='ltr'><strong>argumentis.</strong></span> <span class='ocrx_word' id='word_1_289' title='bbox 1673 2471 1802 2538; x_wconf 86' lang='lat' dir='ltr'><strong>Ipse</strong></span> 
     </span>
    </p>
   </div>
   <div class='ocr_carea' id='block_1_42' title="bbox 129 2553 1803 2630">
    <p class='ocr_par' dir='ltr' id='par_1_42' title="bbox 129 2553 1803 2630">
     <span class='ocr_line' id='line_1_42' title="bbox 129 2553 1803 2630; baseline 0.004 -25"><span class='ocrx_word' id='word_1_290' title='bbox 129 2564 406 2622; x_wconf 89' lang='lat' dir='ltr'><strong>namque</strong></span> <span class='ocrx_word' id='word_1_291' title='bbox 436 2553 807 2610; x_wconf 88' lang='lat' dir='ltr'><strong>mirabilium</strong></span> <span class='ocrx_word' id='word_1_292' title='bbox 833 2555 986 2626; x_wconf 90' lang='lat' dir='ltr'><strong>Agni</strong></span> <span class='ocrx_word' id='word_1_293' title='bbox 1015 2560 1071 2613; x_wconf 91' lang='lat' dir='ltr'><strong>et</strong></span> <span class='ocrx_word' id='word_1_294' title='bbox 1109 2572 1349 2630; x_wconf 80' lang='lat' dir='ltr'><strong>sponsae</strong></span> <span class='ocrx_word' id='word_1_295' title='bbox 1393 2573 1517 2612; x_wconf 70' lang='lat' dir='ltr'><strong>sua:</strong></span> <span class='ocrx_word' id='word_1_296' title='bbox 1549 2572 1803 2629; x_wconf 89' lang='lat' dir='ltr'><strong>operum</strong></span> 
     </span>
    </p>
   </div>
   <div class='ocr_carea' id='block_1_43' title="bbox 131 2639 1803 2714">
    <p class='ocr_par' dir='ltr' id='par_1_43' title="bbox 131 2639 1803 2714">
     <span class='ocr_line' id='line_1_43' title="bbox 131 2639 1803 2714; baseline 0.005 -19"><span class='ocrx_word' id='word_1_297' title='bbox 131 2639 342 2712; x_wconf 90' lang='lat' dir='ltr'><strong>quoad</strong></span> <span class='ocrx_word' id='word_1_298' title='bbox 364 2641 602 2709; x_wconf 87' lang='lat' dir='ltr'><strong>vixeris,</strong></span> <span class='ocrx_word' id='word_1_299' title='bbox 631 2644 1056 2714; x_wconf 88' lang='lat' dir='ltr'><strong>clarissimum,</strong></span> <span class='ocrx_word' id='word_1_300' title='bbox 1083 2647 1290 2702; x_wconf 90' lang='lat' dir='ltr'><strong>vivum</strong></span> <span class='ocrx_word' id='word_1_301' title='bbox 1321 2652 1378 2703; x_wconf 90' lang='lat' dir='ltr'><strong>et</strong></span> <span class='ocrx_word' id='word_1_302' title='bbox 1406 2663 1620 2703; x_wconf 90' lang='lat' dir='ltr'><strong>verum</strong></span> <span class='ocrx_word' id='word_1_303' title='bbox 1641 2646 1803 2704; x_wconf 89' lang='lat' dir='ltr'><strong>testi-</strong></span> 
     </span>
    </p>
   </div>
   <div class='ocr_carea' id='block_1_44' title="bbox 132 2730 1800 2804">
    <p class='ocr_par' dir='ltr' id='par_1_44' title="bbox 132 2730 1800 2804">
     <span class='ocr_line' id='line_1_44' title="bbox 132 2730 1800 2804; baseline 0.005 -21"><span class='ocrx_word' id='word_1_304' title='bbox 132 2730 410 2787; x_wconf 91' lang='lat' dir='ltr'><strong>monium</strong></span> <span class='ocrx_word' id='word_1_305' title='bbox 441 2733 685 2790; x_wconf 75' lang='lat' dir='ltr'><strong>effectus</strong></span> <span class='ocrx_word' id='word_1_306' title='bbox 707 2752 770 2792; x_wconf 91' lang='lat' dir='ltr'><strong>es</strong></span> <span class='ocrx_word' id='word_1_307' title='bbox 795 2754 808 2804; x_wconf 92' lang='lat'><strong>;</strong></span> <span class='ocrx_word' id='word_1_308' title='bbox 842 2751 988 2792; x_wconf 88' lang='lat' dir='ltr'><strong>nam</strong></span> <span class='ocrx_word' id='word_1_309' title='bbox 1011 2736 1225 2793; x_wconf 89' lang='lat' dir='ltr'><strong>laudes</strong></span> <span class='ocrx_word' id='word_1_310' title='bbox 1247 2736 1460 2795; x_wconf 89' lang='lat' dir='ltr'><strong>Christi</strong></span> <span class='ocrx_word' id='word_1_311' title='bbox 1480 2740 1536 2793; x_wconf 89' lang='lat' dir='ltr'><strong>et</strong></span> <span class='ocrx_word' id='word_1_312' title='bbox 1563 2739 1800 2803; x_wconf 74' lang='lat' dir='ltr'><strong>Maurte,</strong></span> 
     </span>
    </p>
   </div>
   <div class='ocr_carea' id='block_1_45' title="bbox 132 2817 1804 2899">
    <p class='ocr_par' dir='ltr' id='par_1_45' title="bbox 132 2817 1804 2899">
     <span class='ocr_line' id='line_1_45' title="bbox 132 2817 1804 2899; baseline 0.006 -28"><span class='ocrx_word' id='word_1_313' title='bbox 132 2817 247 2872; x_wconf 90' lang='lat' dir='ltr'><strong>etsi</strong></span> <span class='ocrx_word' id='word_1_314' title='bbox 277 2817 485 2890; x_wconf 85' lang='lat' dir='ltr'><strong>lingua</strong></span> <span class='ocrx_word' id='word_1_315' title='bbox 515 2826 726 2893; x_wconf 88' lang='lat' dir='ltr'><strong>taceat,</strong></span> <span class='ocrx_word' id='word_1_316' title='bbox 747 2825 958 2881; x_wconf 90' lang='lat' dir='ltr'><strong>oculus</strong></span> <span class='ocrx_word' id='word_1_317' title='bbox 980 2830 1186 2882; x_wconf 91' lang='lat' dir='ltr'><strong>tamen</strong></span> <span class='ocrx_word' id='word_1_318' title='bbox 1210 2841 1577 2899; x_wconf 90' lang='lat' dir='ltr'><strong>quocunque</strong></span> <span class='ocrx_word' id='word_1_319' title='bbox 1608 2841 1804 2899; x_wconf 91' lang='lat' dir='ltr'><strong>perre-</strong></span> 
     </span>
    </p>
   </div>
   <div class='ocr_carea' id='block_1_46' title="bbox 131 2907 1046 2982">
    <p class='ocr_par' dir='ltr' id='par_1_46' title="bbox 131 2907 1046 2982">
     <span class='ocr_line' id='line_1_46' title="bbox 131 2907 1046 2982; baseline 0.011 -21"><span class='ocrx_word' id='word_1_320' title='bbox 131 2907 294 2962; x_wconf 88' lang='lat' dir='ltr'><strong>xeris</strong></span> <span class='ocrx_word' id='word_1_321' title='bbox 319 2911 649 2982; x_wconf 83' lang='lat' dir='ltr'><strong>praedicare</strong></span> <span class='ocrx_word' id='word_1_322' title='bbox 677 2929 803 2970; x_wconf 90' lang='lat' dir='ltr'><strong>non</strong></span> <span class='ocrx_word' id='word_1_323' title='bbox 833 2920 1046 2971; x_wconf 90' lang='lat' dir='ltr'><strong>cessat.</strong></span> 
     </span>
    </p>
   </div>
   <div class='ocr_carea' id='block_1_47' title="bbox 207 2996 1807 3076">
    <p class='ocr_par' dir='ltr' id='par_1_47' title="bbox 207 2996 1807 3076">
     <span class='ocr_line' id='line_1_47' title="bbox 207 2996 1807 3076; baseline 0.006 -25"><span class='ocrx_word' id='word_1_324' title='bbox 207 2996 439 3054; x_wconf 90' lang='lat' dir='ltr'><strong>Scimus</strong></span> <span class='ocrx_word' id='word_1_325' title='bbox 470 3016 705 3070; x_wconf 91' lang='lat' dir='ltr'><strong>omnes,</strong></span> <span class='ocrx_word' id='word_1_326' title='bbox 727 3004 966 3059; x_wconf 89' lang='lat' dir='ltr'><strong>Maurici</strong></span> <span class='ocrx_word' id='word_1_327' title='bbox 1009 3005 1208 3060; x_wconf 85' lang='lat' dir='ltr'><strong>Levita</strong></span> <span class='ocrx_word' id='word_1_328' title='bbox 1236 3003 1607 3075; x_wconf 90' lang='lat' dir='ltr'><strong>charissime,</strong></span> <span class='ocrx_word' id='word_1_329' title='bbox 1638 3004 1807 3076; x_wconf 91' lang='lat' dir='ltr'><strong>quod</strong></span> 
     </span>
    </p>
   </div>
   <div class='ocr_carea' id='block_1_48' title="bbox 1907 1839 3573 1919">
    <p class='ocr_par' dir='ltr' id='par_1_48' title="bbox 1907 1839 3573 1919">
     <span class='ocr_line' id='line_1_48' title="bbox 1907 1839 3573 1919; baseline -0.007 -16"><span class='ocrx_word' id='word_1_330' title='bbox 1907 1851 2001 1903; x_wconf 91' lang='lat' dir='ltr'><strong>cet</strong></span> <span class='ocrx_word' id='word_1_331' title='bbox 2029 1847 2338 1919; x_wconf 90' lang='lat' dir='ltr'><strong>apostolus</strong></span> <span class='ocrx_word' id='word_1_332' title='bbox 2379 1851 2434 1902; x_wconf 88' lang='lat' dir='ltr'><strong>et</strong></span> <span class='ocrx_word' id='word_1_333' title='bbox 2481 1845 2867 1916; x_wconf 86' lang='lat' dir='ltr'><strong>evangelista,</strong></span> <span class='ocrx_word' id='word_1_334' title='bbox 2900 1847 3039 1900; x_wconf 91' lang='lat' dir='ltr'><strong>tunc</strong></span> <span class='ocrx_word' id='word_1_335' title='bbox 3082 1842 3257 1912; x_wconf 91' lang='lat' dir='ltr'><strong>cujus</strong></span> <span class='ocrx_word' id='word_1_336' title='bbox 3280 1839 3573 1909; x_wconf 88' lang='lat' dir='ltr'><strong>agebatur</strong></span> 
     </span>
    </p>
   </div>
   <div class='ocr_carea' id='block_1_49' title="bbox 1908 1927 3573 2007">
    <p class='ocr_par' dir='ltr' id='par_1_49' title="bbox 1908 1927 3573 2007">
     <span class='ocr_line' id='line_1_49' title="bbox 1908 1927 3573 2007; baseline -0.006 -15"><span class='ocrx_word' id='word_1_337' title='bbox 1908 1937 2254 1993; x_wconf 90' lang='lat' dir='ltr'><strong>solemnitas</strong></span> <span class='ocrx_word' id='word_1_338' title='bbox 2281 1936 2578 2007; x_wconf 89' lang='lat' dir='ltr'><strong>gloriosa;</strong></span> <span class='ocrx_word' id='word_1_339' title='bbox 2631 1935 2736 1991; x_wconf 90' lang='lat' dir='ltr'><strong>sed</strong></span> <span class='ocrx_word' id='word_1_340' title='bbox 2783 1933 3080 1989; x_wconf 90' lang='lat' dir='ltr'><strong>luminare</strong></span> <span class='ocrx_word' id='word_1_341' title='bbox 3124 1930 3328 1986; x_wconf 90' lang='lat' dir='ltr'><strong>minus</strong></span> <span class='ocrx_word' id='word_1_342' title='bbox 3358 1927 3573 1998; x_wconf 90' lang='lat' dir='ltr'><strong>adjun-</strong></span> 
     </span>
    </p>
   </div>
   <div class='ocr_carea' id='block_1_50' title="bbox 1908 2014 3574 2094">
    <p class='ocr_par' dir='ltr' id='par_1_50' title="bbox 1908 2014 3574 2094">
     <span class='ocr_line' id='line_1_50' title="bbox 1908 2014 3574 2094; baseline -0.007 -12"><span class='ocrx_word' id='word_1_343' title='bbox 1908 2029 2070 2082; x_wconf 91' lang='lat' dir='ltr'><strong>ctum</strong></span> <span class='ocrx_word' id='word_1_344' title='bbox 2114 2030 2205 2081; x_wconf 90' lang='lat' dir='ltr'><strong>est</strong></span> <span class='ocrx_word' id='word_1_345' title='bbox 2252 2025 2324 2093; x_wconf 91' lang='lat' dir='ltr'><strong>ei,</strong></span> <span class='ocrx_word' id='word_1_346' title='bbox 2353 2028 2556 2082; x_wconf 88' lang='lat' dir='ltr'><strong>Maura</strong></span> <span class='ocrx_word' id='word_1_347' title='bbox 2601 2023 2877 2079; x_wconf 90' lang='lat' dir='ltr'><strong>videlicet</strong></span> <span class='ocrx_word' id='word_1_348' title='bbox 2918 2035 3144 2094; x_wconf 90' lang='lat' dir='ltr'><strong>sponsa</strong></span> <span class='ocrx_word' id='word_1_349' title='bbox 3197 2017 3319 2087; x_wconf 91' lang='lat' dir='ltr'><strong>Dei,</strong></span> <span class='ocrx_word' id='word_1_350' title='bbox 3351 2014 3574 2089; x_wconf 90' lang='lat' dir='ltr'><strong>placita</strong></span> 
     </span>
    </p>
   </div>
   <div class='ocr_carea' id='block_1_51' title="bbox 1907 2106 3572 2186">
    <p class='ocr_par' dir='ltr' id='par_1_51' title="bbox 1907 2106 3572 2186">
     <span class='ocr_line' id='line_1_51' title="bbox 1907 2106 3572 2186; baseline -0.007 -16"><span class='ocrx_word' id='word_1_351' title='bbox 1907 2129 2154 2185; x_wconf 87' lang='lat' dir='ltr'><strong>prorsus</strong></span> <span class='ocrx_word' id='word_1_352' title='bbox 2186 2118 2242 2170; x_wconf 91' lang='lat' dir='ltr'><strong>et</strong></span> <span class='ocrx_word' id='word_1_353' title='bbox 2269 2117 2439 2185; x_wconf 89' lang='lat' dir='ltr'><strong>grata</strong></span> <span class='ocrx_word' id='word_1_354' title='bbox 2484 2111 2778 2186; x_wconf 88' lang='lat' dir='ltr'><strong>apostolo,</strong></span> <span class='ocrx_word' id='word_1_355' title='bbox 2819 2126 2956 2184; x_wconf 66' lang='lat' dir='ltr'><strong>quae</strong></span> <span class='ocrx_word' id='word_1_356' title='bbox 2983 2109 3180 2182; x_wconf 90' lang='lat' dir='ltr'><strong>placet</strong></span> <span class='ocrx_word' id='word_1_357' title='bbox 3222 2120 3426 2162; x_wconf 91' lang='lat' dir='ltr'><strong>coram</strong></span> <span class='ocrx_word' id='word_1_358' title='bbox 3454 2106 3572 2159; x_wconf 90' lang='lat' dir='ltr'><strong>Deo</strong></span> 
     </span>
    </p>
   </div>
   <div class='ocr_carea' id='block_1_52' title="bbox 1905 2190 3576 2272">
    <p class='ocr_par' dir='ltr' id='par_1_52' title="bbox 1905 2190 3576 2272">
     <span class='ocr_line' id='line_1_52' title="bbox 1905 2190 3576 2272; baseline -0.008 -13"><span class='ocrx_word' id='word_1_359' title='bbox 1905 2202 1967 2259; x_wconf 92' lang='lat' dir='ltr'><strong>in</strong></span> <span class='ocrx_word' id='word_1_360' title='bbox 1996 2203 2224 2259; x_wconf 90' lang='lat' dir='ltr'><strong>lumine</strong></span> <span class='ocrx_word' id='word_1_361' title='bbox 2271 2203 2625 2270; x_wconf 89' lang='lat' dir='ltr'><strong>viventium,</strong></span> <span class='ocrx_word' id='word_1_362' title='bbox 2658 2205 2724 2257; x_wconf 91' lang='lat' dir='ltr'><strong>ut</strong></span> <span class='ocrx_word' id='word_1_363' title='bbox 2768 2201 2894 2272; x_wconf 89' lang='lat' dir='ltr'><strong>jam</strong></span> <span class='ocrx_word' id='word_1_364' title='bbox 2951 2199 3067 2254; x_wconf 90' lang='lat' dir='ltr'><strong>sint</strong></span> <span class='ocrx_word' id='word_1_365' title='bbox 3107 2197 3245 2253; x_wconf 78' lang='lat' dir='ltr'><strong>duae</strong></span> <span class='ocrx_word' id='word_1_366' title='bbox 3297 2194 3465 2250; x_wconf 84' lang='lat' dir='ltr'><strong>olivae</strong></span> <span class='ocrx_word' id='word_1_367' title='bbox 3517 2190 3576 2248; x_wconf 83' lang='lat' dir='ltr'><strong>et</strong></span> 
     </span>
    </p>
   </div>
   <div class='ocr_carea' id='block_1_53' title="bbox 1907 2285 3578 2356">
    <p class='ocr_par' dir='ltr' id='par_1_53' title="bbox 1907 2285 3578 2356">
     <span class='ocr_line' id='line_1_53' title="bbox 1907 2285 3578 2356; baseline -0.008 -6"><span class='ocrx_word' id='word_1_368' title='bbox 1907 2293 2030 2350; x_wconf 91' lang='lat' dir='ltr'><strong>duo</strong></span> <span class='ocrx_word' id='word_1_369' title='bbox 2065 2292 2430 2349; x_wconf 88' lang='lat' dir='ltr'><strong>candelabra</strong></span> <span class='ocrx_word' id='word_1_370' title='bbox 2467 2289 2724 2346; x_wconf 89' lang='lat' dir='ltr'><strong>lucentia</strong></span> <span class='ocrx_word' id='word_1_371' title='bbox 2771 2291 2909 2344; x_wconf 89' lang='lat' dir='ltr'><strong>ante</strong></span> <span class='ocrx_word' id='word_1_372' title='bbox 2939 2286 3284 2356; x_wconf 89' lang='lat' dir='ltr'><strong>Dominum,</strong></span> <span class='ocrx_word' id='word_1_373' title='bbox 3315 2298 3426 2356; x_wconf 89' lang='lat' dir='ltr'><strong>par</strong></span> <span class='ocrx_word' id='word_1_374' title='bbox 3455 2285 3578 2337; x_wconf 67' lang='lat' dir='ltr'><strong>tur</strong></span> 
     </span>
    </p>
   </div>
   <div class='ocr_carea' id='block_1_54' title="bbox 1907 2371 3575 2455">
    <p class='ocr_par' dir='ltr' id='par_1_54' title="bbox 1907 2371 3575 2455">
     <span class='ocr_line' id='line_1_54' title="bbox 1907 2371 3575 2455; baseline -0.009 -15"><span class='ocrx_word' id='word_1_375' title='bbox 1907 2388 2113 2441; x_wconf 86' lang='lat' dir='ltr'><strong>turum</strong></span> <span class='ocrx_word' id='word_1_376' title='bbox 2141 2388 2246 2439; x_wconf 89' lang='lat' dir='ltr'><strong>aut</strong></span> <span class='ocrx_word' id='word_1_377' title='bbox 2271 2382 2392 2438; x_wconf 90' lang='lat' dir='ltr'><strong>duo</strong></span> <span class='ocrx_word' id='word_1_378' title='bbox 2423 2381 2574 2455; x_wconf 90' lang='lat' dir='ltr'><strong>pulli</strong></span> <span class='ocrx_word' id='word_1_379' title='bbox 2604 2378 3050 2436; x_wconf 90' lang='lat' dir='ltr'><strong>columbarum.</strong></span> <span class='ocrx_word' id='word_1_380' title='bbox 3076 2375 3272 2431; x_wconf 87' lang='lat' dir='ltr'><strong>Habes</strong></span> <span class='ocrx_word' id='word_1_381' title='bbox 3300 2371 3462 2429; x_wconf 89' lang='lat' dir='ltr'><strong>enim</strong></span> <span class='ocrx_word' id='word_1_382' title='bbox 3490 2374 3575 2439; x_wconf 92' lang='lat' dir='ltr'><strong>tu,</strong></span> 
     </span>
    </p>
   </div>
   <div class='ocr_carea' id='block_1_55' title="bbox 1908 2460 3581 2545">
    <p class='ocr_par' dir='ltr' id='par_1_55' title="bbox 1908 2460 3581 2545">
     <span class='ocr_line' id='line_1_55' title="bbox 1908 2460 3581 2545; baseline -0.01 -14"><span class='ocrx_word' id='word_1_383' title='bbox 1908 2475 2081 2531; x_wconf 89' lang='lat' dir='ltr'><strong>beate</strong></span> <span class='ocrx_word' id='word_1_384' title='bbox 2117 2473 2386 2531; x_wconf 83' lang='lat' dir='ltr'><strong>Matthaee</strong></span> <span class='ocrx_word' id='word_1_385' title='bbox 2415 2469 2708 2545; x_wconf 89' lang='lat' dir='ltr'><strong>apostole,</strong></span> <span class='ocrx_word' id='word_1_386' title='bbox 2738 2471 3100 2542; x_wconf 90' lang='lat' dir='ltr'><strong>potestatem</strong></span> <span class='ocrx_word' id='word_1_387' title='bbox 3149 2477 3421 2520; x_wconf 91' lang='lat' dir='ltr'><strong>sororem</strong></span> <span class='ocrx_word' id='word_1_388' title='bbox 3473 2460 3581 2516; x_wconf 90' lang='lat' dir='ltr'><strong>cir-</strong></span> 
     </span>
    </p>
   </div>
   <div class='ocr_carea' id='block_1_56' title="bbox 1911 2549 3578 2620">
    <p class='ocr_par' dir='ltr' id='par_1_56' title="bbox 1911 2549 3578 2620">
     <span class='ocr_line' id='line_1_56' title="bbox 1911 2549 3578 2620; baseline -0.011 1"><span class='ocrx_word' id='word_1_389' title='bbox 1911 2562 2316 2620; x_wconf 91' lang='lat' dir='ltr'><strong>cumducendi</strong></span> <span class='ocrx_word' id='word_1_390' title='bbox 2340 2560 2656 2618; x_wconf 89' lang='lat' dir='ltr'><strong>mulierem</strong></span> <span class='ocrx_word' id='word_1_391' title='bbox 2688 2557 2839 2614; x_wconf 93' lang='lat' dir='ltr'><strong>sicut</strong></span> <span class='ocrx_word' id='word_1_392' title='bbox 2859 2556 3040 2613; x_wconf 86' lang='lat' dir='ltr'><strong>frater</strong></span> <span class='ocrx_word' id='word_1_393' title='bbox 3056 2552 3294 2610; x_wconf 92' lang='lat' dir='ltr'><strong>Domini</strong></span> <span class='ocrx_word' id='word_1_394' title='bbox 3315 2549 3578 2608; x_wconf 88' lang='lat' dir='ltr'><strong>Jacobus</strong></span> 
     </span>
    </p>
   </div>
   <div class='ocr_carea' id='block_1_57' title="bbox 1912 2639 3578 2725">
    <p class='ocr_par' dir='ltr' id='par_1_57' title="bbox 1912 2639 3578 2725">
     <span class='ocr_line' id='line_1_57' title="bbox 1912 2639 3578 2725; baseline -0.008 -16"><span class='ocrx_word' id='word_1_395' title='bbox 1912 2655 1970 2710; x_wconf 89' lang='lat' dir='ltr'><strong>et</strong></span> <span class='ocrx_word' id='word_1_396' title='bbox 1991 2651 2244 2725; x_wconf 88' lang='lat' dir='ltr'><strong>Cephas,</strong></span> <span class='ocrx_word' id='word_1_397' title='bbox 2267 2654 2324 2706; x_wconf 90' lang='lat' dir='ltr'><strong>et</strong></span> <span class='ocrx_word' id='word_1_398' title='bbox 2352 2650 2554 2706; x_wconf 89' lang='lat' dir='ltr'><strong>minus</strong></span> <span class='ocrx_word' id='word_1_399' title='bbox 2579 2663 2788 2705; x_wconf 89' lang='lat' dir='ltr'><strong>revera</strong></span> <span class='ocrx_word' id='word_1_400' title='bbox 2808 2662 3018 2703; x_wconf 88' lang='lat' dir='ltr'><strong>censes</strong></span> <span class='ocrx_word' id='word_1_401' title='bbox 3044 2659 3172 2700; x_wconf 91' lang='lat' dir='ltr'><strong>esse</strong></span> <span class='ocrx_word' id='word_1_402' title='bbox 3196 2639 3578 2708; x_wconf 90' lang='lat' dir='ltr'><strong>telonarium,</strong></span> 
     </span>
    </p>
   </div>
   <div class='ocr_carea' id='block_1_58' title="bbox 1913 2728 3582 2816">
    <p class='ocr_par' dir='ltr' id='par_1_58' title="bbox 1913 2728 3582 2816">
     <span class='ocr_line' id='line_1_58' title="bbox 1913 2728 3582 2816; baseline -0.009 -18"><span class='ocrx_word' id='word_1_403' title='bbox 1913 2757 2104 2816; x_wconf 89' lang='lat' dir='ltr'><strong>quam</strong></span> <span class='ocrx_word' id='word_1_404' title='bbox 2133 2756 2373 2813; x_wconf 80' lang='lat' dir='ltr'><strong>sponsae</strong></span> <span class='ocrx_word' id='word_1_405' title='bbox 2403 2738 2616 2797; x_wconf 83' lang='lat' dir='ltr'><strong>Christi</strong></span> <span class='ocrx_word' id='word_1_406' title='bbox 2643 2735 3162 2811; x_wconf 88' lang='lat' dir='ltr'><strong>paranymphum.</strong></span> <span class='ocrx_word' id='word_1_407' title='bbox 3190 2735 3306 2789; x_wconf 90' lang='lat' dir='ltr'><strong>Nec</strong></span> <span class='ocrx_word' id='word_1_408' title='bbox 3321 2731 3452 2803; x_wconf 91' lang='lat' dir='ltr'><strong>jam</strong></span> <span class='ocrx_word' id='word_1_409' title='bbox 3481 2728 3582 2784; x_wconf 91' lang='lat' dir='ltr'><strong>de-</strong></span> 
     </span>
    </p>
   </div>
   <div class='ocr_carea' id='block_1_59' title="bbox 1915 2815 3584 2903">
    <p class='ocr_par' dir='ltr' id='par_1_59' title="bbox 1915 2815 3584 2903">
     <span class='ocr_line' id='line_1_59' title="bbox 1915 2815 3584 2903; baseline -0.008 -17"><span class='ocrx_word' id='word_1_410' title='bbox 1915 2830 2182 2903; x_wconf 88' lang='lat' dir='ltr'><strong>dignaris</strong></span> <span class='ocrx_word' id='word_1_411' title='bbox 2237 2831 2620 2886; x_wconf 91' lang='lat' dir='ltr'><strong>invocantem</strong></span> <span class='ocrx_word' id='word_1_412' title='bbox 2676 2826 2994 2896; x_wconf 63' lang='lat' dir='ltr'><strong>virginem,</strong></span> <span class='ocrx_word' id='word_1_413' title='bbox 3029 2824 3091 2880; x_wconf 90' lang='lat' dir='ltr'><strong>in</strong></span> <span class='ocrx_word' id='word_1_414' title='bbox 3146 2826 3319 2880; x_wconf 91' lang='lat' dir='ltr'><strong>tuum</strong></span> <span class='ocrx_word' id='word_1_415' title='bbox 3368 2815 3584 2875; x_wconf 90' lang='lat' dir='ltr'><strong>ascisci</strong></span> 
     </span>
    </p>
   </div>
   <div class='ocr_carea' id='block_1_60' title="bbox 1917 2907 3584 2991">
    <p class='ocr_par' dir='ltr' id='par_1_60' title="bbox 1917 2907 3584 2991">
     <span class='ocr_line' id='line_1_60' title="bbox 1917 2907 3584 2991; baseline -0.009 -15"><span class='ocrx_word' id='word_1_416' title='bbox 1917 2918 2311 2989; x_wconf 88' lang='lat' dir='ltr'><strong>consortium,</strong></span> <span class='ocrx_word' id='word_1_417' title='bbox 2343 2917 2448 2991; x_wconf 90' lang='lat' dir='ltr'><strong>qui</strong></span> <span class='ocrx_word' id='word_1_418' title='bbox 2494 2921 2550 2972; x_wconf 89' lang='lat' dir='ltr'><strong>te</strong></span> <span class='ocrx_word' id='word_1_419' title='bbox 2588 2915 2770 2972; x_wconf 92' lang='lat' dir='ltr'><strong>fuisse</strong></span> <span class='ocrx_word' id='word_1_420' title='bbox 2818 2913 3033 2970; x_wconf 89' lang='lat' dir='ltr'><strong>recolis</strong></span> <span class='ocrx_word' id='word_1_421' title='bbox 3082 2911 3498 2986; x_wconf 89' lang='lat' dir='ltr'><strong>publicanum,</strong></span> <span class='ocrx_word' id='word_1_422' title='bbox 3527 2907 3584 2961; x_wconf 88' lang='lat' dir='ltr'><strong>et</strong></span> 
     </span>
    </p>
   </div>
   <div class='ocr_carea' id='block_1_61' title="bbox 1921 2999 3583 3074">
    <p class='ocr_par' dir='ltr' id='par_1_61' title="bbox 1921 2999 3583 3074">
     <span class='ocr_line' id='line_1_61' title="bbox 1921 2999 3583 3074; baseline -0.01 -10"><span class='ocrx_word' id='word_1_423' title='bbox 1921 3023 2127 3064; x_wconf 90' lang='lat' dir='ltr'><strong>revera</strong></span> <span class='ocrx_word' id='word_1_424' title='bbox 2173 3009 2388 3062; x_wconf 60' lang='lat' dir='ltr'><strong>Maurae</strong></span> <span class='ocrx_word' id='word_1_425' title='bbox 2440 3003 2637 3074; x_wconf 90' lang='lat' dir='ltr'><strong>diligis</strong></span> <span class='ocrx_word' id='word_1_426' title='bbox 2682 3002 3078 3067; x_wconf 87' lang='lat' dir='ltr'><strong>sanctitatem,</strong></span> <span class='ocrx_word' id='word_1_427' title='bbox 3109 2999 3215 3071; x_wconf 91' lang='lat' dir='ltr'><strong>qui</strong></span> <span class='ocrx_word' id='word_1_428' title='bbox 3255 3009 3583 3069; x_wconf 90' lang='lat' dir='ltr'><strong>perennem</strong></span> 
     </span>
    </p>
   </div>
   <div class='ocr_carea' id='block_1_62' title="bbox 133 3083 3585 3180">
    <p class='ocr_par' dir='ltr' id='par_1_62' title="bbox 133 3083 3585 3180">
     <span class='ocr_line' id='line_1_62' title="bbox 133 3083 3585 3180; baseline -0.002 -38"><span class='ocrx_word' id='word_1_429' title='bbox 133 3101 356 3180; x_wconf 70' lang='lat' dir='ltr'><strong>parum</strong></span> <span class='ocrx_word' id='word_1_430' title='bbox 381 3103 669 3180; x_wconf 79' lang='lat' dir='ltr'><strong>sonoram</strong></span> <span class='ocrx_word' id='word_1_431' title='bbox 687 3106 897 3180; x_wconf 85' lang='lat' dir='ltr'><strong>vocem</strong></span> <span class='ocrx_word' id='word_1_432' title='bbox 915 3091 1264 3160; x_wconf 88' lang='lat' dir='ltr'><strong>habeas,ita</strong></span> <span class='ocrx_word' id='word_1_433' title='bbox 1283 3096 1350 3148; x_wconf 91' lang='lat' dir='ltr'><strong>ut</strong></span> <span class='ocrx_word' id='word_1_434' title='bbox 1369 3108 1510 3147; x_wconf 93' lang='lat' dir='ltr'><strong>cum</strong></span> <span class='ocrx_word' id='word_1_435' title='bbox 1530 3097 1805 3148; x_wconf 91' lang='lat' dir='ltr'><strong>sanctum</strong></span> <span class='ocrx_word' id='word_1_436' title='bbox 1841 3125 1882 3180; x_wconf 69' lang='grc' dir='ltr'>ο</span> <span class='ocrx_word' id='word_1_437' title='bbox 1921 3094 2284 3154; x_wconf 72' lang='lat' dir='ltr'><strong>Mauritaniae</strong></span> <span class='ocrx_word' id='word_1_438' title='bbox 2313 3091 2653 3166; x_wconf 69' lang='lat' dir='ltr'><strong>praedicasti</strong></span> <span class='ocrx_word' id='word_1_439' title='bbox 2680 3089 2973 3146; x_wconf 90' lang='lat' dir='ltr'><strong>salutem:</strong></span> <span class='ocrx_word' id='word_1_440' title='bbox 3008 3092 3066 3144; x_wconf 89' lang='lat' dir='ltr'><strong>et</strong></span> <span class='ocrx_word' id='word_1_441' title='bbox 3083 3103 3228 3157; x_wconf 90' lang='lat' dir='ltr'><strong>erga</strong></span> <span class='ocrx_word' id='word_1_442' title='bbox 3258 3083 3585 3141; x_wconf 89' lang='lat' dir='ltr'><strong>candidam</strong></span> 
     </span>
    </p>
   </div>
   <div class='ocr_carea' id='block_1_63' title="bbox 135 3175 1806 3253">
    <p class='ocr_par' dir='ltr' id='par_1_63' title="bbox 135 3175 1806 3253">
     <span class='ocr_line' id='line_1_63' title="bbox 135 3175 1806 3253; baseline 0.003 -23"><span class='ocrx_word' id='word_1_443' title='bbox 135 3175 532 3246; x_wconf 88' lang='lat' dir='ltr'><strong>Evangelium</strong></span> <span class='ocrx_word' id='word_1_444' title='bbox 546 3177 801 3248; x_wconf 86' lang='lat' dir='ltr'><strong>1egis,ab</strong></span> <span class='ocrx_word' id='word_1_445' title='bbox 813 3180 964 3237; x_wconf 91' lang='lat' dir='ltr'><strong>ostio</strong></span> <span class='ocrx_word' id='word_1_446' title='bbox 979 3180 1243 3237; x_wconf 82' lang='lat' dir='ltr'><strong>ecclesiae</strong></span> <span class='ocrx_word' id='word_1_447' title='bbox 1261 3180 1460 3238; x_wconf 88' lang='lat' dir='ltr'><strong>audiri</strong></span> <span class='ocrx_word' id='word_1_448' title='bbox 1470 3181 1569 3236; x_wconf 88' lang='lat' dir='ltr'><strong>vix</strong></span> <span class='ocrx_word' id='word_1_449' title='bbox 1589 3180 1806 3253; x_wconf 89' lang='lat' dir='ltr'><strong>possis.</strong></span> 
     </span>
    </p>
   </div>
   <div class='ocr_carea' id='block_1_64' title="bbox 139 3264 1809 3343">
    <p class='ocr_par' dir='ltr' id='par_1_64' title="bbox 139 3264 1809 3343">
     <span class='ocr_line' id='line_1_64' title="bbox 139 3264 1809 3343; baseline 0.003 -24"><span class='ocrx_word' id='word_1_450' title='bbox 139 3264 309 3321; x_wconf 90' lang='lat' dir='ltr'><strong>Unde</strong></span> <span class='ocrx_word' id='word_1_451' title='bbox 349 3281 494 3336; x_wconf 88' lang='lat' dir='ltr'><strong>ergo</strong></span> <span class='ocrx_word' id='word_1_452' title='bbox 544 3269 842 3324; x_wconf 90' lang='lat' dir='ltr'><strong>sonoritas</strong></span> <span class='ocrx_word' id='word_1_453' title='bbox 880 3269 983 3325; x_wconf 91' lang='lat' dir='ltr'><strong>illa</strong></span> <span class='ocrx_word' id='word_1_454' title='bbox 1009 3269 1117 3326; x_wconf 91' lang='lat' dir='ltr'><strong>fuit</strong></span> <span class='ocrx_word' id='word_1_455' title='bbox 1144 3286 1280 3343; x_wconf 63' lang='lat' dir='ltr'><strong>quae</strong></span> <span class='ocrx_word' id='word_1_456' title='bbox 1329 3269 1427 3325; x_wconf 93' lang='lat' dir='ltr'><strong>die</strong></span> <span class='ocrx_word' id='word_1_457' title='bbox 1456 3272 1809 3326; x_wconf 88' lang='lat' dir='ltr'><strong>Parasceves</strong></span> 
     </span>
    </p>
   </div>
   <div class='ocr_carea' id='block_1_65' title="bbox 136 3356 1812 3431">
    <p class='ocr_par' dir='ltr' id='par_1_65' title="bbox 136 3356 1812 3431">
     <span class='ocr_line' id='line_1_65' title="bbox 136 3356 1812 3431; baseline 0.004 -23"><span class='ocrx_word' id='word_1_458' title='bbox 136 3369 316 3409; x_wconf 91' lang='lat' dir='ltr'><strong>aures</strong></span> <span class='ocrx_word' id='word_1_459' title='bbox 339 3357 575 3426; x_wconf 82' lang='lat' dir='ltr'><strong>Maurae,</strong></span> <span class='ocrx_word' id='word_1_460' title='bbox 591 3356 697 3413; x_wconf 91' lang='lat' dir='ltr'><strong>sed</strong></span> <span class='ocrx_word' id='word_1_461' title='bbox 720 3357 907 3414; x_wconf 89' lang='lat' dir='ltr'><strong>solius</strong></span> <span class='ocrx_word' id='word_1_462' title='bbox 929 3363 987 3415; x_wconf 90' lang='lat' dir='ltr'><strong>et</strong></span> <span class='ocrx_word' id='word_1_463' title='bbox 1003 3357 1184 3430; x_wconf 89' lang='lat' dir='ltr'><strong>longe</strong></span> <span class='ocrx_word' id='word_1_464' title='bbox 1205 3359 1418 3431; x_wconf 68' lang='lat' dir='ltr'><strong>positae</strong></span> <span class='ocrx_word' id='word_1_465' title='bbox 1438 3358 1812 3431; x_wconf 82' lang='lat' dir='ltr'><strong>penetravit?</strong></span> 
     </span>
    </p>
   </div>
   <div class='ocr_carea' id='block_1_66' title="bbox 137 3443 1810 3521">
    <p class='ocr_par' dir='ltr' id='par_1_66' title="bbox 137 3443 1810 3521">
     <span class='ocr_line' id='line_1_66' title="bbox 137 3443 1810 3521; baseline 0.006 -27"><span class='ocrx_word' id='word_1_466' title='bbox 137 3443 304 3500; x_wconf 90' lang='lat' dir='ltr'><strong>Dicta</strong></span> <span class='ocrx_word' id='word_1_467' title='bbox 329 3443 627 3517; x_wconf 87' lang='lat' dir='ltr'><strong>siquidem</strong></span> <span class='ocrx_word' id='word_1_468' title='bbox 667 3447 786 3518; x_wconf 90' lang='lat' dir='ltr'><strong>die,</strong></span> <span class='ocrx_word' id='word_1_469' title='bbox 818 3449 971 3505; x_wconf 89' lang='lat' dir='ltr'><strong>inter</strong></span> <span class='ocrx_word' id='word_1_470' title='bbox 1004 3451 1244 3506; x_wconf 84' lang='lat' dir='ltr'><strong>Sextam</strong></span> <span class='ocrx_word' id='word_1_471' title='bbox 1277 3453 1332 3505; x_wconf 91' lang='lat' dir='ltr'><strong>et</strong></span> <span class='ocrx_word' id='word_1_472' title='bbox 1363 3452 1618 3515; x_wconf 86' lang='lat' dir='ltr'><strong>Nonam,</strong></span> <span class='ocrx_word' id='word_1_473' title='bbox 1647 3448 1810 3521; x_wconf 88' lang='lat' dir='ltr'><strong>apud</strong></span> 
     </span>
    </p>
   </div>
   <div class='ocr_carea' id='block_1_67' title="bbox 137 3533 1812 3595">
    <p class='ocr_par' dir='ltr' id='par_1_67' title="bbox 137 3533 1812 3595">
     <span class='ocr_line' id='line_1_67' title="bbox 137 3533 1812 3595; baseline 0.002 -7"><span class='ocrx_word' id='word_1_474' title='bbox 137 3533 331 3590; x_wconf 89' lang='lat' dir='ltr'><strong>sancti</strong></span> <span class='ocrx_word' id='word_1_475' title='bbox 386 3536 657 3592; x_wconf 81' lang='lat' dir='ltr'><strong>Aventini</strong></span> <span class='ocrx_word' id='word_1_476' title='bbox 711 3538 1024 3595; x_wconf 86' lang='lat' dir='ltr'><strong>ecclesiam</strong></span> <span class='ocrx_word' id='word_1_477' title='bbox 1079 3539 1140 3595; x_wconf 91' lang='lat' dir='ltr'><strong>in</strong></span> <span class='ocrx_word' id='word_1_478' title='bbox 1206 3538 1497 3594; x_wconf 89' lang='lat' dir='ltr'><strong>suburbio</strong></span> <span class='ocrx_word' id='word_1_479' title='bbox 1561 3538 1812 3595; x_wconf 89' lang='lat' dir='ltr'><strong>civitatis</strong></span> 
     </span>
    </p>
   </div>
   <div class='ocr_carea' id='block_1_68' title="bbox 134 3621 1814 3699">
    <p class='ocr_par' dir='ltr' id='par_1_68' title="bbox 134 3621 1814 3699">
     <span class='ocr_line' id='line_1_68' title="bbox 134 3621 1814 3699; baseline 0.004 -24"><span class='ocrx_word' id='word_1_480' title='bbox 134 3621 352 3693; x_wconf 91' lang='lat' dir='ltr'><strong>ipsius,</strong></span> <span class='ocrx_word' id='word_1_481' title='bbox 385 3627 607 3680; x_wconf 89' lang='lat' dir='ltr'><strong>sanctae</strong></span> <span class='ocrx_word' id='word_1_482' title='bbox 637 3625 1082 3697; x_wconf 66' lang='lat' dir='ltr'><strong>praedicationis</strong></span> <span class='ocrx_word' id='word_1_483' title='bbox 1127 3627 1362 3682; x_wconf 90' lang='lat' dir='ltr'><strong>semina</strong></span> <span class='ocrx_word' id='word_1_484' title='bbox 1391 3642 1503 3696; x_wconf 90' lang='lat' dir='ltr'><strong>ego</strong></span> <span class='ocrx_word' id='word_1_485' title='bbox 1533 3630 1814 3699; x_wconf 89' lang='lat' dir='ltr'><strong>peccator</strong></span> 
     </span>
    </p>
   </div>
   <div class='ocr_carea' id='block_1_69' title="bbox 139 3710 1816 3788">
    <p class='ocr_par' dir='ltr' id='par_1_69' title="bbox 139 3710 1816 3788">
     <span class='ocr_line' id='line_1_69' title="bbox 139 3710 1816 3788; baseline 0.004 -24"><span class='ocrx_word' id='word_1_486' title='bbox 139 3710 538 3774; x_wconf 90' lang='lat' dir='ltr'><strong>miserrimus,</strong></span> <span class='ocrx_word' id='word_1_487' title='bbox 571 3713 705 3769; x_wconf 91' lang='lat' dir='ltr'><strong>talis</strong></span> <span class='ocrx_word' id='word_1_488' title='bbox 743 3715 942 3787; x_wconf 89' lang='lat' dir='ltr'><strong>qualis</strong></span> <span class='ocrx_word' id='word_1_489' title='bbox 970 3716 1314 3788; x_wconf 90' lang='lat' dir='ltr'><strong>episcopus,</strong></span> <span class='ocrx_word' id='word_1_490' title='bbox 1348 3730 1458 3788; x_wconf 91' lang='lat' dir='ltr'><strong>pro</strong></span> <span class='ocrx_word' id='word_1_491' title='bbox 1485 3714 1667 3771; x_wconf 88' lang='lat' dir='ltr'><strong>ofﬁcii</strong></span> <span class='ocrx_word' id='word_1_492' title='bbox 1693 3714 1816 3770; x_wconf 91' lang='lat' dir='ltr'><strong>mei</strong></span> 
     </span>
    </p>
   </div>
   <div class='ocr_carea' id='block_1_70' title="bbox 139 3799 1815 3878">
    <p class='ocr_par' dir='ltr' id='par_1_70' title="bbox 139 3799 1815 3878">
     <span class='ocr_line' id='line_1_70' title="bbox 139 3799 1815 3878; baseline 0.003 -23"><span class='ocrx_word' id='word_1_493' title='bbox 139 3799 348 3858; x_wconf 87' lang='lat' dir='ltr'><strong>debito</strong></span> <span class='ocrx_word' id='word_1_494' title='bbox 375 3800 438 3856; x_wconf 89' lang='lat' dir='ltr'><strong>in</strong></span> <span class='ocrx_word' id='word_1_495' title='bbox 460 3802 743 3859; x_wconf 87' lang='lat' dir='ltr'><strong>cordibus</strong></span> <span class='ocrx_word' id='word_1_496' title='bbox 759 3805 1132 3861; x_wconf 88' lang='lat' dir='ltr'><strong>audientium</strong></span> <span class='ocrx_word' id='word_1_497' title='bbox 1149 3805 1538 3877; x_wconf 83' lang='lat' dir='ltr'><strong>jaciebam,et</strong></span> <span class='ocrx_word' id='word_1_498' title='bbox 1558 3821 1670 3878; x_wconf 91' lang='lat' dir='ltr'><strong>pro</strong></span> <span class='ocrx_word' id='word_1_499' title='bbox 1688 3820 1815 3861; x_wconf 81' lang='lat' dir='ltr'><strong>mo-</strong></span> 
     </span>
    </p>
   </div>
   <div class='ocr_carea' id='block_1_71' title="bbox 142 3887 1818 3968">
    <p class='ocr_par' dir='ltr' id='par_1_71' title="bbox 142 3887 1818 3968">
     <span class='ocr_line' id='line_1_71' title="bbox 142 3887 1818 3968; baseline 0.003 -24"><span class='ocrx_word' id='word_1_500' title='bbox 142 3887 291 3944; x_wconf 91' lang='lat' dir='ltr'><strong>dulo</strong></span> <span class='ocrx_word' id='word_1_501' title='bbox 316 3905 454 3947; x_wconf 90' lang='lat' dir='ltr'><strong>meo</strong></span> <span class='ocrx_word' id='word_1_502' title='bbox 483 3890 672 3948; x_wconf 90' lang='lat' dir='ltr'><strong>divini</strong></span> <span class='ocrx_word' id='word_1_503' title='bbox 701 3894 995 3950; x_wconf 90' lang='lat' dir='ltr'><strong>sermonis</strong></span> <span class='ocrx_word' id='word_1_504' title='bbox 1027 3894 1212 3950; x_wconf 90' lang='lat' dir='ltr'><strong>hamo</strong></span> <span class='ocrx_word' id='word_1_505' title='bbox 1242 3893 1526 3968; x_wconf 88' lang='lat' dir='ltr'><strong>piscabar</strong></span> <span class='ocrx_word' id='word_1_506' title='bbox 1563 3893 1818 3966; x_wconf 89' lang='lat' dir='ltr'><strong>piscicu-</strong></span> 
     </span>
    </p>
   </div>
   <div class='ocr_carea' id='block_1_72' title="bbox 143 3978 1818 4056">
    <p class='ocr_par' dir='ltr' id='par_1_72' title="bbox 143 3978 1818 4056">
     <span class='ocr_line' id='line_1_72' title="bbox 143 3978 1818 4056; baseline 0.002 -22"><span class='ocrx_word' id='word_1_507' title='bbox 143 3978 259 4044; x_wconf 92' lang='lat' dir='ltr'><strong>los,</strong></span> <span class='ocrx_word' id='word_1_508' title='bbox 291 3979 403 4035; x_wconf 90' lang='lat' dir='ltr'><strong>etsi</strong></span> <span class='ocrx_word' id='word_1_509' title='bbox 427 3995 657 4052; x_wconf 88' lang='lat' dir='ltr'><strong>paucos</strong></span> <span class='ocrx_word' id='word_1_510' title='bbox 689 3985 746 4039; x_wconf 92' lang='lat' dir='ltr'><strong>et</strong></span> <span class='ocrx_word' id='word_1_511' title='bbox 766 3999 1010 4056; x_wconf 90' lang='lat' dir='ltr'><strong>parvos.</strong></span> <span class='ocrx_word' id='word_1_512' title='bbox 1037 3983 1260 4040; x_wconf 79' lang='lat' dir='ltr'><strong>Aderat</strong></span> <span class='ocrx_word' id='word_1_513' title='bbox 1291 3987 1349 4039; x_wconf 89' lang='lat' dir='ltr'><strong>et</strong></span> <span class='ocrx_word' id='word_1_514' title='bbox 1375 3986 1578 4039; x_wconf 89' lang='lat' dir='ltr'><strong>Maura</strong></span> <span class='ocrx_word' id='word_1_515' title='bbox 1599 3986 1818 4039; x_wconf 88' lang='lat' dir='ltr'><strong>attente</strong></span> 
     </span>
    </p>
   </div>
   <div class='ocr_carea' id='block_1_73' title="bbox 147 4070 1822 4144">
    <p class='ocr_par' dir='ltr' id='par_1_73' title="bbox 147 4070 1822 4144">
     <span class='ocr_line' id='line_1_73' title="bbox 147 4070 1822 4144; baseline 0.001 -18"><span class='ocrx_word' id='word_1_516' title='bbox 147 4070 424 4139; x_wconf 87' lang='lat' dir='ltr'><strong>audiens,</strong></span> <span class='ocrx_word' id='word_1_517' title='bbox 455 4075 512 4128; x_wconf 90' lang='lat' dir='ltr'><strong>et</strong></span> <span class='ocrx_word' id='word_1_518' title='bbox 536 4072 751 4128; x_wconf 90' lang='lat' dir='ltr'><strong>sedens</strong></span> <span class='ocrx_word' id='word_1_519' title='bbox 783 4073 936 4129; x_wconf 91' lang='lat' dir='ltr'><strong>inter</strong></span> <span class='ocrx_word' id='word_1_520' title='bbox 964 4072 1114 4128; x_wconf 89' lang='lat' dir='ltr'><strong>alios</strong></span> <span class='ocrx_word' id='word_1_521' title='bbox 1142 4073 1468 4138; x_wconf 90' lang='lat' dir='ltr'><strong>auditores,</strong></span> <span class='ocrx_word' id='word_1_522' title='bbox 1495 4089 1628 4144; x_wconf 84' lang='lat' dir='ltr'><strong>quae</strong></span> <span class='ocrx_word' id='word_1_523' title='bbox 1653 4071 1822 4128; x_wconf 89' lang='lat' dir='ltr'><strong>nulla</strong></span> 
     </span>
    </p>
   </div>
   <div class='ocr_carea' id='block_1_74' title="bbox 147 4161 1822 4234">
    <p class='ocr_par' dir='ltr' id='par_1_74' title="bbox 147 4161 1822 4234">
     <span class='ocr_line' id='line_1_74' title="bbox 147 4161 1822 4234; baseline 0 -18"><span class='ocrx_word' id='word_1_524' title='bbox 147 4175 428 4233; x_wconf 88' lang='lat' dir='ltr'><strong>unquam</strong></span> <span class='ocrx_word' id='word_1_525' title='bbox 455 4162 793 4230; x_wconf 90' lang='lat' dir='ltr'><strong>occasione,</strong></span> <span class='ocrx_word' id='word_1_526' title='bbox 818 4163 896 4218; x_wconf 89' lang='lat' dir='ltr'><strong>ab</strong></span> <span class='ocrx_word' id='word_1_527' title='bbox 921 4162 1277 4233; x_wconf 90' lang='lat' dir='ltr'><strong>hujusmodi</strong></span> <span class='ocrx_word' id='word_1_528' title='bbox 1295 4161 1400 4234; x_wconf 89' lang='lat' dir='ltr'><strong>pia</strong></span> <span class='ocrx_word' id='word_1_529' title='bbox 1425 4161 1822 4233; x_wconf 85' lang='lat' dir='ltr'><strong>occupatione</strong></span> 
     </span>
    </p>
   </div>
   <div class='ocr_carea' id='block_1_75' title="bbox 147 4248 1825 4324">
    <p class='ocr_par' dir='ltr' id='par_1_75' title="bbox 147 4248 1825 4324">
     <span class='ocr_line' id='line_1_75' title="bbox 147 4248 1825 4324; baseline 0 -18"><span class='ocrx_word' id='word_1_530' title='bbox 147 4251 347 4324; x_wconf 90' lang='lat' dir='ltr'><strong>potuit</strong></span> <span class='ocrx_word' id='word_1_531' title='bbox 369 4252 658 4319; x_wconf 89' lang='lat' dir='ltr'><strong>revocari,</strong></span> <span class='ocrx_word' id='word_1_532' title='bbox 696 4251 804 4308; x_wconf 89' lang='lat' dir='ltr'><strong>sed</strong></span> <span class='ocrx_word' id='word_1_533' title='bbox 847 4252 992 4324; x_wconf 83' lang='lat' dir='ltr'><strong>quia</strong></span> <span class='ocrx_word' id='word_1_534' title='bbox 1035 4268 1109 4307; x_wconf 84' lang='lat' dir='ltr'><strong>ex</strong></span> <span class='ocrx_word' id='word_1_535' title='bbox 1161 4252 1281 4307; x_wconf 93' lang='lat' dir='ltr'><strong>Deo</strong></span> <span class='ocrx_word' id='word_1_536' title='bbox 1328 4256 1478 4320; x_wconf 90' lang='lat' dir='ltr'><strong>erat,</strong></span> <span class='ocrx_word' id='word_1_537' title='bbox 1510 4251 1693 4307; x_wconf 89' lang='lat' dir='ltr'><strong>verba</strong></span> <span class='ocrx_word' id='word_1_538' title='bbox 1721 4248 1825 4306; x_wconf 91' lang='lat' dir='ltr'><strong>Dei</strong></span> 
     </span>
    </p>
   </div>
   <div class='ocr_carea' id='block_1_76' title="bbox 149 4338 1824 4413">
    <p class='ocr_par' dir='ltr' id='par_1_76' title="bbox 149 4338 1824 4413">
     <span class='ocr_line' id='line_1_76' title="bbox 149 4338 1824 4413; baseline -0.003 -14"><span class='ocrx_word' id='word_1_539' title='bbox 149 4340 463 4408; x_wconf 88' lang='lat' dir='ltr'><strong>audiebat,</strong></span> <span class='ocrx_word' id='word_1_540' title='bbox 494 4357 568 4398; x_wconf 90' lang='lat' dir='ltr'><strong>ea</strong></span> <span class='ocrx_word' id='word_1_541' title='bbox 597 4341 660 4398; x_wconf 92' lang='lat' dir='ltr'><strong>in</strong></span> <span class='ocrx_word' id='word_1_542' title='bbox 689 4341 871 4397; x_wconf 92' lang='lat' dir='ltr'><strong>corde</strong></span> <span class='ocrx_word' id='word_1_543' title='bbox 903 4357 1034 4409; x_wconf 89' lang='lat' dir='ltr'><strong>suo,</strong></span> <span class='ocrx_word' id='word_1_544' title='bbox 1065 4341 1242 4413; x_wconf 91' lang='lat' dir='ltr'><strong>quasi</strong></span> <span class='ocrx_word' id='word_1_545' title='bbox 1279 4340 1342 4396; x_wconf 93' lang='lat' dir='ltr'><strong>in</strong></span> <span class='ocrx_word' id='word_1_546' title='bbox 1371 4340 1525 4396; x_wconf 86' lang='lat' dir='ltr'><strong>libro</strong></span> <span class='ocrx_word' id='word_1_547' title='bbox 1555 4338 1824 4396; x_wconf 86' lang='lat' dir='ltr'><strong>conscri-</strong></span> 
     </span>
    </p>
   </div>
   <div class='ocr_carea' id='block_1_77' title="bbox 1920 3172 3586 3256">
    <p class='ocr_par' dir='ltr' id='par_1_77' title="bbox 1920 3172 3586 3256">
     <span class='ocr_line' id='line_1_77' title="bbox 1920 3172 3586 3256; baseline -0.009 -15"><span class='ocrx_word' id='word_1_548' title='bbox 1920 3185 2217 3256; x_wconf 89' lang='lat' dir='ltr'><strong>virginem</strong></span> <span class='ocrx_word' id='word_1_549' title='bbox 2259 3182 2510 3239; x_wconf 87' lang='lat' dir='ltr'><strong>dulciter</strong></span> <span class='ocrx_word' id='word_1_550' title='bbox 2555 3178 2954 3248; x_wconf 89' lang='lat' dir='ltr'><strong>mansuescis,</strong></span> <span class='ocrx_word' id='word_1_551' title='bbox 2985 3177 3091 3251; x_wconf 91' lang='lat' dir='ltr'><strong>qui</strong></span> <span class='ocrx_word' id='word_1_552' title='bbox 3112 3174 3414 3248; x_wconf 64' lang='lat' dir='ltr'><strong>AEthiopes</strong></span> <span class='ocrx_word' id='word_1_553' title='bbox 3443 3172 3586 3228; x_wconf 89' lang='lat' dir='ltr'><strong>hor-</strong></span> 
     </span>
    </p>
   </div>
   <div class='ocr_carea' id='block_1_78' title="bbox 1917 3259 3588 3344">
    <p class='ocr_par' dir='ltr' id='par_1_78' title="bbox 1917 3259 3588 3344">
     <span class='ocr_line' id='line_1_78' title="bbox 1917 3259 3588 3344; baseline -0.01 -14"><span class='ocrx_word' id='word_1_554' title='bbox 1917 3274 2083 3330; x_wconf 89' lang='lat' dir='ltr'><strong>ridos</strong></span> <span class='ocrx_word' id='word_1_555' title='bbox 2132 3286 2525 3344; x_wconf 89' lang='lat' dir='ltr'><strong>nequaquam</strong></span> <span class='ocrx_word' id='word_1_556' title='bbox 2572 3265 2946 3342; x_wconf 90' lang='lat' dir='ltr'><strong>expavescis.</strong></span> <span class='ocrx_word' id='word_1_557' title='bbox 2990 3263 3356 3320; x_wconf 90' lang='lat' dir='ltr'><strong>Adveniente</strong></span> <span class='ocrx_word' id='word_1_558' title='bbox 3409 3259 3588 3332; x_wconf 89' lang='lat' dir='ltr'><strong>igitur</strong></span> 
     </span>
    </p>
   </div>
   <div class='ocr_carea' id='block_1_79' title="bbox 1918 3353 3590 3428">
    <p class='ocr_par' dir='ltr' id='par_1_79' title="bbox 1918 3353 3590 3428">
     <span class='ocr_line' id='line_1_79' title="bbox 1918 3353 3590 3428; baseline -0.01 -9"><span class='ocrx_word' id='word_1_559' title='bbox 1918 3363 2256 3418; x_wconf 88' lang='lat' dir='ltr'><strong>memorata</strong></span> <span class='ocrx_word' id='word_1_560' title='bbox 2281 3357 2679 3424; x_wconf 89' lang='lat' dir='ltr'><strong>solemnitate,</strong></span> <span class='ocrx_word' id='word_1_561' title='bbox 2705 3371 2895 3428; x_wconf 92' lang='lat' dir='ltr'><strong>quam</strong></span> <span class='ocrx_word' id='word_1_562' title='bbox 2925 3353 3121 3411; x_wconf 80' lang='lat' dir='ltr'><strong>beatae</strong></span> <span class='ocrx_word' id='word_1_563' title='bbox 3170 3353 3388 3409; x_wconf 75' lang='lat' dir='ltr'><strong>Maurae</strong></span> <span class='ocrx_word' id='word_1_564' title='bbox 3414 3363 3590 3405; x_wconf 88' lang='lat' dir='ltr'><strong>voca-</strong></span> 
     </span>
    </p>
   </div>
   <div class='ocr_carea' id='block_1_80' title="bbox 1919 3435 3589 3518">
    <p class='ocr_par' dir='ltr' id='par_1_80' title="bbox 1919 3435 3589 3518">
     <span class='ocr_line' id='line_1_80' title="bbox 1919 3435 3589 3518; baseline -0.01 -13"><span class='ocrx_word' id='word_1_565' title='bbox 1919 3448 2096 3505; x_wconf 89' lang='lat' dir='ltr'><strong>tionis</strong></span> <span class='ocrx_word' id='word_1_566' title='bbox 2148 3465 2271 3503; x_wconf 77' lang='lat' dir='ltr'><strong>suae</strong></span> <span class='ocrx_word' id='word_1_567' title='bbox 2312 3445 2665 3518; x_wconf 89' lang='lat' dir='ltr'><strong>jucunditas</strong></span> <span class='ocrx_word' id='word_1_568' title='bbox 2712 3441 3084 3515; x_wconf 90' lang='lat' dir='ltr'><strong>duplicabat,</strong></span> <span class='ocrx_word' id='word_1_569' title='bbox 3117 3438 3294 3495; x_wconf 90' lang='lat' dir='ltr'><strong>nobis</strong></span> <span class='ocrx_word' id='word_1_570' title='bbox 3338 3435 3589 3492; x_wconf 90' lang='lat' dir='ltr'><strong>videnti-</strong></span> 
     </span>
    </p>
   </div>
   <div class='ocr_carea' id='block_1_81' title="bbox 1918 3524 3570 3608">
    <p class='ocr_par' dir='ltr' id='par_1_81' title="bbox 1918 3524 3570 3608">
     <span class='ocr_line' id='line_1_81' title="bbox 1918 3524 3570 3608; baseline -0.01 -14"><span class='ocrx_word' id='word_1_571' title='bbox 1918 3539 2057 3608; x_wconf 91' lang='lat' dir='ltr'><strong>bus,</strong></span> <span class='ocrx_word' id='word_1_572' title='bbox 2082 3536 2159 3592; x_wconf 92' lang='lat' dir='ltr'><strong>de</strong></span> <span class='ocrx_word' id='word_1_573' title='bbox 2195 3534 2412 3591; x_wconf 90' lang='lat' dir='ltr'><strong>lectulo</strong></span> <span class='ocrx_word' id='word_1_574' title='bbox 2460 3531 2822 3590; x_wconf 90' lang='lat' dir='ltr'><strong>inﬁrmitatis</strong></span> <span class='ocrx_word' id='word_1_575' title='bbox 2859 3547 3002 3597; x_wconf 80' lang='lat' dir='ltr'><strong>suae,</strong></span> <span class='ocrx_word' id='word_1_576' title='bbox 3034 3531 3215 3602; x_wconf 89' lang='lat' dir='ltr'><strong>prout</strong></span> <span class='ocrx_word' id='word_1_577' title='bbox 3249 3524 3464 3599; x_wconf 91' lang='lat' dir='ltr'><strong>potuit,</strong></span> <span class='ocrx_word' id='word_1_578' title='bbox 3497 3539 3570 3579; x_wconf 88' lang='lat' dir='ltr'><strong>ea</strong></span> 
     </span>
    </p>
   </div>
   <div class='ocr_carea' id='block_1_82' title="bbox 1920 3611 3589 3701">
    <p class='ocr_par' dir='ltr' id='par_1_82' title="bbox 1920 3611 3589 3701">
     <span class='ocr_line' id='line_1_82' title="bbox 1920 3611 3589 3701; baseline -0.01 -18"><span class='ocrx_word' id='word_1_579' title='bbox 1920 3630 2030 3701; x_wconf 87' lang='lat' dir='ltr'><strong>put</strong></span> <span class='ocrx_word' id='word_1_580' title='bbox 2049 3625 2252 3696; x_wconf 90' lang='lat' dir='ltr'><strong>erexit,</strong></span> <span class='ocrx_word' id='word_1_581' title='bbox 2275 3629 2334 3680; x_wconf 90' lang='lat' dir='ltr'><strong>et</strong></span> <span class='ocrx_word' id='word_1_582' title='bbox 2359 3627 2624 3679; x_wconf 89' lang='lat' dir='ltr'><strong>erectum</strong></span> <span class='ocrx_word' id='word_1_583' title='bbox 2644 3621 2707 3677; x_wconf 92' lang='lat' dir='ltr'><strong>in</strong></span> <span class='ocrx_word' id='word_1_584' title='bbox 2739 3625 2940 3692; x_wconf 90' lang='lat' dir='ltr'><strong>partes</strong></span> <span class='ocrx_word' id='word_1_585' title='bbox 2965 3622 3228 3692; x_wconf 90' lang='lat' dir='ltr'><strong>quatuor</strong></span> <span class='ocrx_word' id='word_1_586' title='bbox 3245 3611 3589 3683; x_wconf 85' lang='lat' dir='ltr'><strong>inclinavit;</strong></span> 
     </span>
    </p>
   </div>
   <div class='ocr_carea' id='block_1_83' title="bbox 1923 3699 3593 3774">
    <p class='ocr_par' dir='ltr' id='par_1_83' title="bbox 1923 3699 3593 3774">
     <span class='ocr_line' id='line_1_83' title="bbox 1923 3699 3593 3774; baseline -0.01 -1"><span class='ocrx_word' id='word_1_587' title='bbox 1923 3699 1979 3773; x_wconf 76' lang='lat' dir='ltr'><strong>et</strong></span> <span class='ocrx_word' id='word_1_588' title='bbox 2007 3731 2113 3772; x_wconf 91' lang='lat' dir='ltr'><strong>cur</strong></span> <span class='ocrx_word' id='word_1_589' title='bbox 2140 3715 2257 3771; x_wconf 90' lang='lat' dir='ltr'><strong>hoc</strong></span> <span class='ocrx_word' id='word_1_590' title='bbox 2307 3713 2528 3770; x_wconf 88' lang='lat' dir='ltr'><strong>faceret</strong></span> <span class='ocrx_word' id='word_1_591' title='bbox 2571 3727 2608 3768; x_wconf 88' lang='lat' dir='ltr'><strong>a</strong></span> <span class='ocrx_word' id='word_1_592' title='bbox 2647 3712 2840 3765; x_wconf 87' lang='lat' dir='ltr'><strong>Leone</strong></span> <span class='ocrx_word' id='word_1_593' title='bbox 2885 3705 3255 3762; x_wconf 87' lang='lat' dir='ltr'><strong>familiariter</strong></span> <span class='ocrx_word' id='word_1_594' title='bbox 3281 3699 3593 3774; x_wconf 64' lang='lat' dir='ltr'><strong>requisita.</strong></span> 
     </span>
    </p>
   </div>
   <div class='ocr_carea' id='block_1_84' title="bbox 1921 3789 3596 3878">
    <p class='ocr_par' dir='ltr' id='par_1_84' title="bbox 1921 3789 3596 3878">
     <span class='ocr_line' id='line_1_84' title="bbox 1921 3789 3596 3878; baseline -0.011 -16"><span class='ocrx_word' id='word_1_595' title='bbox 1921 3803 2269 3878; x_wconf 86' lang='lat' dir='ltr'><strong>respondit:</strong></span> <span class='ocrx_word' id='word_1_596' title='bbox 2328 3803 2418 3857; x_wconf 90' lang='lat' dir='ltr'><strong>En</strong></span> <span class='ocrx_word' id='word_1_597' title='bbox 2461 3799 2750 3856; x_wconf 89' lang='lat' dir='ltr'><strong>lectulum</strong></span> <span class='ocrx_word' id='word_1_598' title='bbox 2797 3812 3005 3852; x_wconf 88' lang='lat' dir='ltr'><strong>meum</strong></span> <span class='ocrx_word' id='word_1_599' title='bbox 3051 3797 3312 3867; x_wconf 88' lang='lat' dir='ltr'><strong>quatuor</strong></span> <span class='ocrx_word' id='word_1_600' title='bbox 3347 3789 3528 3847; x_wconf 86' lang='lat' dir='ltr'><strong>fortes</strong></span> <span class='ocrx_word' id='word_1_601' title='bbox 3553 3803 3596 3878; x_wconf 73' lang='lat' dir='ltr'><strong>_a</strong></span> 
     </span>
    </p>
   </div>
   <div class='ocr_carea' id='block_1_85' title="bbox 1923 3875 3600 3968">
    <p class='ocr_par' dir='ltr' id='par_1_85' title="bbox 1923 3875 3600 3968">
     <span class='ocr_line' id='line_1_85' title="bbox 1923 3875 3600 3968; baseline -0.011 -17"><span class='ocrx_word' id='word_1_602' title='bbox 1923 3875 2188 3968; x_wconf 76' lang='lat' dir='ltr'><strong>quatuor</strong></span> <span class='ocrx_word' id='word_1_603' title='bbox 2216 3891 2491 3964; x_wconf 87' lang='lat' dir='ltr'><strong>partibus</strong></span> <span class='ocrx_word' id='word_1_604' title='bbox 2523 3887 2822 3954; x_wconf 88' lang='lat' dir='ltr'><strong>ambiunt,</strong></span> <span class='ocrx_word' id='word_1_605' title='bbox 2856 3888 3134 3941; x_wconf 90' lang='lat' dir='ltr'><strong>cruentas</strong></span> <span class='ocrx_word' id='word_1_606' title='bbox 3155 3879 3379 3938; x_wconf 89' lang='lat' dir='ltr'><strong>bestias</strong></span> <span class='ocrx_word' id='word_1_607' title='bbox 3408 3875 3600 3968; x_wconf 88' lang='lat' dir='ltr'><strong>repel-</strong></span> 
     </span>
    </p>
   </div>
   <div class='ocr_carea' id='block_1_86' title="bbox 1924 3967 3600 4052">
    <p class='ocr_par' dir='ltr' id='par_1_86' title="bbox 1924 3967 3600 4052">
     <span class='ocr_line' id='line_1_86' title="bbox 1924 3967 3600 4052; baseline -0.01 -13"><span class='ocrx_word' id='word_1_608' title='bbox 1924 3967 2138 4052; x_wconf 89' lang='lat' dir='ltr'><strong>lentes,</strong></span> <span class='ocrx_word' id='word_1_609' title='bbox 2171 3984 2379 4036; x_wconf 90' lang='lat' dir='ltr'><strong>Petrus</strong></span> <span class='ocrx_word' id='word_1_610' title='bbox 2410 3977 2686 4033; x_wconf 89' lang='lat' dir='ltr'><strong>videlicet</strong></span> <span class='ocrx_word' id='word_1_611' title='bbox 2717 3979 2898 4048; x_wconf 89' lang='lat' dir='ltr'><strong>atque</strong></span> <span class='ocrx_word' id='word_1_612' title='bbox 2927 3972 3167 4038; x_wconf 89' lang='lat' dir='ltr'><strong>Paulus,</strong></span> <span class='ocrx_word' id='word_1_613' title='bbox 3202 3967 3515 4026; x_wconf 88' lang='lat' dir='ltr'><strong>Gervasius</strong></span> <span class='ocrx_word' id='word_1_614' title='bbox 3541 3968 3600 4022; x_wconf 80' lang='lat' dir='ltr'><strong>et</strong></span> 
     </span>
    </p>
   </div>
   <div class='ocr_carea' id='block_1_87' title="bbox 1928 4059 3597 4140">
    <p class='ocr_par' dir='ltr' id='par_1_87' title="bbox 1928 4059 3597 4140">
     <span class='ocr_line' id='line_1_87' title="bbox 1928 4059 3597 4140; baseline -0.011 -12"><span class='ocrx_word' id='word_1_615' title='bbox 1928 4070 2252 4137; x_wconf 90' lang='lat' dir='ltr'><strong>Protasius,</strong></span> <span class='ocrx_word' id='word_1_616' title='bbox 2283 4066 2506 4140; x_wconf 89' lang='lat' dir='ltr'><strong>quibus</strong></span> <span class='ocrx_word' id='word_1_617' title='bbox 2538 4065 2746 4138; x_wconf 91' lang='lat' dir='ltr'><strong>quoad</strong></span> <span class='ocrx_word' id='word_1_618' title='bbox 2789 4062 2909 4118; x_wconf 89' lang='lat' dir='ltr'><strong>vixi</strong></span> <span class='ocrx_word' id='word_1_619' title='bbox 2957 4059 3296 4124; x_wconf 88' lang='lat' dir='ltr'><strong>devotione,</strong></span> <span class='ocrx_word' id='word_1_620' title='bbox 3326 4073 3448 4129; x_wconf 88' lang='lat' dir='ltr'><strong>qua</strong></span> <span class='ocrx_word' id='word_1_621' title='bbox 3490 4070 3597 4128; x_wconf 86' lang='lat' dir='ltr'><strong>po-</strong></span> 
     </span>
    </p>
   </div>
   <div class='ocr_carea' id='block_1_88' title="bbox 1928 4145 3601 4228">
    <p class='ocr_par' dir='ltr' id='par_1_88' title="bbox 1928 4145 3601 4228">
     <span class='ocr_line' id='line_1_88' title="bbox 1928 4145 3601 4228; baseline -0.011 -11"><span class='ocrx_word' id='word_1_622' title='bbox 1928 4161 2015 4217; x_wconf 90' lang='lat' dir='ltr'><strong>tui</strong></span> <span class='ocrx_word' id='word_1_623' title='bbox 2044 4155 2362 4216; x_wconf 89' lang='lat' dir='ltr'><strong>deservivi.</strong></span> <span class='ocrx_word' id='word_1_624' title='bbox 2399 4155 2730 4228; x_wconf 91' lang='lat' dir='ltr'><strong>Statimque</strong></span> <span class='ocrx_word' id='word_1_625' title='bbox 2778 4153 2858 4210; x_wconf 88' lang='lat' dir='ltr'><strong>ad</strong></span> <span class='ocrx_word' id='word_1_626' title='bbox 2902 4167 3000 4208; x_wconf 89' lang='lat' dir='ltr'><strong>me</strong></span> <span class='ocrx_word' id='word_1_627' title='bbox 3033 4163 3324 4206; x_wconf 87' lang='lat' dir='ltr'><strong>conversa</strong></span> <span class='ocrx_word' id='word_1_628' title='bbox 3351 4145 3601 4216; x_wconf 89' lang='lat' dir='ltr'><strong>subjun-</strong></span> 
     </span>
    </p>
   </div>
   <div class='ocr_carea' id='block_1_89' title="bbox 1929 4235 3603 4314">
    <p class='ocr_par' dir='ltr' id='par_1_89' title="bbox 1929 4235 3603 4314">
     <span class='ocr_line' id='line_1_89' title="bbox 1929 4235 3603 4314; baseline -0.009 -9"><span class='ocrx_word' id='word_1_629' title='bbox 1929 4249 2014 4306; x_wconf 84' lang='lat' dir='ltr'><strong>xit</strong></span> <span class='ocrx_word' id='word_1_630' title='bbox 2040 4266 2054 4305; x_wconf 90' lang='lat'>:</span> <span class='ocrx_word' id='word_1_631' title='bbox 2088 4249 2211 4303; x_wconf 86' lang='lat' dir='ltr'><strong>Hoc</strong></span> <span class='ocrx_word' id='word_1_632' title='bbox 2237 4249 2576 4302; x_wconf 86' lang='lat' dir='ltr'><strong>extremum</strong></span> <span class='ocrx_word' id='word_1_633' title='bbox 2601 4259 2826 4300; x_wconf 91' lang='lat' dir='ltr'><strong>munus</strong></span> <span class='ocrx_word' id='word_1_634' title='bbox 2856 4258 2894 4299; x_wconf 91' lang='lat' dir='ltr'><strong>a</strong></span> <span class='ocrx_word' id='word_1_635' title='bbox 2920 4246 2976 4298; x_wconf 90' lang='lat' dir='ltr'><strong>te</strong></span> <span class='ocrx_word' id='word_1_636' title='bbox 3001 4243 3160 4314; x_wconf 92' lang='lat' dir='ltr'><strong>peto,</strong></span> <span class='ocrx_word' id='word_1_637' title='bbox 3192 4235 3473 4294; x_wconf 90' lang='lat' dir='ltr'><strong>Prudenti</strong></span> <span class='ocrx_word' id='word_1_638' title='bbox 3493 4235 3603 4290; x_wconf 86' lang='lat' dir='ltr'><strong>Pa-</strong></span> 
     </span>
    </p>
   </div>
   <div class='ocr_carea' id='block_1_90' title="bbox 1931 4327 3605 4410">
    <p class='ocr_par' dir='ltr' id='par_1_90' title="bbox 1931 4327 3605 4410">
     <span class='ocr_line' id='line_1_90' title="bbox 1931 4327 3605 4410; baseline -0.011 -15"><span class='ocrx_word' id='word_1_639' title='bbox 1931 4347 2020 4395; x_wconf 86' lang='lat' dir='ltr'><strong>ter</strong></span> <span class='ocrx_word' id='word_1_640' title='bbox 2047 4335 2352 4410; x_wconf 90' lang='lat' dir='ltr'><strong>episcope,</strong></span> <span class='ocrx_word' id='word_1_641' title='bbox 2379 4337 2446 4390; x_wconf 92' lang='lat' dir='ltr'><strong>ut</strong></span> <span class='ocrx_word' id='word_1_642' title='bbox 2491 4333 2555 4390; x_wconf 92' lang='lat' dir='ltr'><strong>in</strong></span> <span class='ocrx_word' id='word_1_643' title='bbox 2593 4348 2805 4390; x_wconf 90' lang='lat' dir='ltr'><strong>eorum</strong></span> <span class='ocrx_word' id='word_1_644' title='bbox 2833 4330 3151 4406; x_wconf 67' lang='lat' dir='ltr'><strong>praesentia</strong></span> <span class='ocrx_word' id='word_1_645' title='bbox 3179 4327 3254 4383; x_wconf 90' lang='lat' dir='ltr'><strong>de</strong></span> <span class='ocrx_word' id='word_1_646' title='bbox 3281 4341 3471 4382; x_wconf 89' lang='lat' dir='ltr'><strong>manu</strong></span> <span class='ocrx_word' id='word_1_647' title='bbox 3497 4327 3605 4379; x_wconf 87' lang='lat' dir='ltr'><strong>tua</strong></span> 
     </span>
    </p>
   </div>
   <div class='ocr_carea' id='block_1_91' title="bbox 150 4415 3605 4525">
    <p class='ocr_par' dir='ltr' id='par_1_91' title="bbox 150 4415 3605 4525">
     <span class='ocr_line' id='line_1_91' title="bbox 150 4415 3605 4525; baseline -0.006 -38"><span class='ocrx_word' id='word_1_648' title='bbox 150 4431 329 4496; x_wconf 83' lang='lat' dir='ltr'><strong>bens,</strong></span> <span class='ocrx_word' id='word_1_649' title='bbox 359 4446 619 4504; x_wconf 85' lang='lat' dir='ltr'><strong>cumque</strong></span> <span class='ocrx_word' id='word_1_650' title='bbox 648 4447 759 4504; x_wconf 91' lang='lat' dir='ltr'><strong>pro</strong></span> <span class='ocrx_word' id='word_1_651' title='bbox 807 4431 1096 4504; x_wconf 90' lang='lat' dir='ltr'><strong>temporis</strong></span> <span class='ocrx_word' id='word_1_652' title='bbox 1134 4429 1434 4501; x_wconf 89' lang='lat' dir='ltr'><strong>exigentia</strong></span> <span class='ocrx_word' id='word_1_653' title='bbox 1479 4443 1825 4485; x_wconf 89' lang='lat' dir='ltr'><strong>sermonem</strong></span> <span class='ocrx_word' id='word_1_654' title='bbox 1860 4471 1906 4525; x_wconf 66' lang='grc' dir='ltr'>Β</span> <span class='ocrx_word' id='word_1_655' title='bbox 1935 4424 2288 4483; x_wconf 71' lang='lat' dir='ltr'><strong>eucharistaa</strong></span> <span class='ocrx_word' id='word_1_656' title='bbox 2319 4427 2374 4480; x_wconf 93' lang='lat' dir='ltr'><strong>et</strong></span> <span class='ocrx_word' id='word_1_657' title='bbox 2411 4421 2714 4480; x_wconf 88' lang='lat' dir='ltr'><strong>unctionis</strong></span> <span class='ocrx_word' id='word_1_658' title='bbox 2751 4426 3032 4478; x_wconf 63' lang='lat' dir='ltr'><strong>extremae</strong></span> <span class='ocrx_word' id='word_1_659' title='bbox 3073 4415 3361 4489; x_wconf 83' lang='lat' dir='ltr'><strong>recipiam</strong></span> <span class='ocrx_word' id='word_1_660' title='bbox 3408 4426 3605 4468; x_wconf 88' lang='lat' dir='ltr'><strong>sacra-</strong></span> 
     </span>
     <span class='ocr_line' id='line_1_92' title="bbox 162 4501 3603 4525; baseline 0 0"><span class='ocrx_word' id='word_1_661' title='bbox 162 4520 181 4525; x_wconf 75' lang='lat'><strong>-</strong></span> <span class='ocrx_word' id='word_1_662' title='bbox 485 4519 496 4525; x_wconf 83' lang='grc'><strong>-</strong></span> <span class='ocrx_word' id='word_1_663' title='bbox 576 4523 604 4525; x_wconf 78' lang='lat'><strong><em>_</em></strong></span> <span class='ocrx_word' id='word_1_664' title='bbox 732 4519 742 4525; x_wconf 83' lang='grc'>.</span> <span class='ocrx_word' id='word_1_665' title='bbox 797 4520 806 4525; x_wconf 92' lang='grc'><strong>-</strong></span> <span class='ocrx_word' id='word_1_666' title='bbox 1099 4520 1109 4525; x_wconf 95' lang='grc'><strong>-</strong></span> <span class='ocrx_word' id='word_1_667' title='bbox 1205 4519 1214 4525; x_wconf 94' lang='grc'><strong>.</strong></span> <span class='ocrx_word' id='word_1_668' title='bbox 1621 4522 1628 4525; x_wconf 79' lang='grc'><strong>.</strong></span> <span class='ocrx_word' id='word_1_669' title='bbox 2086 4519 2095 4525; x_wconf 81' lang='grc'>.</span> <span class='ocrx_word' id='word_1_670' title='bbox 2338 4513 2354 4525; x_wconf 70' lang='grc' dir='ltr'>ι</span> <span class='ocrx_word' id='word_1_671' title='bbox 2445 4518 2454 4525; x_wconf 87' lang='grc'>.</span> <span class='ocrx_word' id='word_1_672' title='bbox 2515 4514 2535 4525; x_wconf 69' lang='grc' dir='ltr'>ι</span> <span class='ocrx_word' id='word_1_673' title='bbox 2611 4517 2622 4525; x_wconf 83' lang='grc'>.</span> <span class='ocrx_word' id='word_1_674' title='bbox 2861 4515 2871 4525; x_wconf 88' lang='grc'><em>.</em></span> <span class='ocrx_word' id='word_1_675' title='bbox 3001 4512 3011 4525; x_wconf 79' lang='grc' dir='ltr'>ι</span> <span class='ocrx_word' id='word_1_676' title='bbox 3061 4507 3154 4525; x_wconf 36' lang='lat' dir='ltr'><strong>ph-</strong></span> <span class='ocrx_word' id='word_1_677' title='bbox 3178 4521 3280 4525; x_wconf 37' lang='grc' dir='ltr'><strong>μμ--</strong></span> <span class='ocrx_word' id='word_1_678' title='bbox 3342 4501 3603 4525; x_wconf 65' lang='grc' dir='ltr'><strong>-..-ιζΑ-ιι</strong></span> 
     </span>
    </p>
   </div>
   <div class='ocr_carea' id='block_1_92' title="bbox 154 4519 1825 4592">
    <p class='ocr_par' dir='ltr' id='par_1_92' title="bbox 154 4519 1825 4592">
     <span class='ocr_line' id='line_1_93' title="bbox 154 4519 1825 4592; baseline -0.001 -17"><span class='ocrx_word' id='word_1_679' title='bbox 154 4520 417 4577; x_wconf 88' lang='lat' dir='ltr'><strong>facerem</strong></span> <span class='ocrx_word' id='word_1_680' title='bbox 460 4519 535 4576; x_wconf 91' lang='lat' dir='ltr'><strong>de</strong></span> <span class='ocrx_word' id='word_1_681' title='bbox 575 4519 898 4576; x_wconf 87' lang='lat' dir='ltr'><strong>Dominicae</strong></span> <span class='ocrx_word' id='word_1_682' title='bbox 947 4519 1250 4592; x_wconf 88' lang='lat' dir='ltr'><strong>passionis</strong></span> <span class='ocrx_word' id='word_1_683' title='bbox 1297 4522 1696 4588; x_wconf 85' lang='lat' dir='ltr'><strong>sacramento,</strong></span> <span class='ocrx_word' id='word_1_684' title='bbox 1731 4534 1825 4574; x_wconf 85' lang='lat' dir='ltr'><strong>re-</strong></span> 
     </span>
    </p>
   </div>
   <div class='ocr_carea' id='block_1_93' title="bbox 153 4608 1828 4684">
    <p class='ocr_par' dir='ltr' id='par_1_93' title="bbox 153 4608 1828 4684">
     <span class='ocr_line' id='line_1_94' title="bbox 153 4608 1828 4684; baseline -0.002 -18"><span class='ocrx_word' id='word_1_685' title='bbox 153 4615 336 4684; x_wconf 89' lang='lat' dir='ltr'><strong>pente</strong></span> <span class='ocrx_word' id='word_1_686' title='bbox 361 4627 424 4665; x_wconf 87' lang='lat' dir='ltr'><strong>se</strong></span> <span class='ocrx_word' id='word_1_687' title='bbox 462 4610 717 4681; x_wconf 86' lang='lat' dir='ltr'><strong>erigens,</strong></span> <span class='ocrx_word' id='word_1_688' title='bbox 752 4609 882 4667; x_wconf 87' lang='lat' dir='ltr'><strong>aliis</strong></span> <span class='ocrx_word' id='word_1_689' title='bbox 913 4609 1280 4676; x_wconf 87' lang='lat' dir='ltr'><strong>sedentibus,</strong></span> <span class='ocrx_word' id='word_1_690' title='bbox 1317 4608 1472 4665; x_wconf 88' lang='lat' dir='ltr'><strong>stetit</strong></span> <span class='ocrx_word' id='word_1_691' title='bbox 1509 4624 1693 4682; x_wconf 88' lang='lat' dir='ltr'><strong>supra</strong></span> <span class='ocrx_word' id='word_1_692' title='bbox 1723 4623 1828 4680; x_wconf 85' lang='lat' dir='ltr'><strong>pe-</strong></span> 
     </span>
    </p>
   </div>
   <div class='ocr_carea' id='block_1_94' title="bbox 157 4696 1833 4768">
    <p class='ocr_par' dir='ltr' id='par_1_94' title="bbox 157 4696 1833 4768">
     <span class='ocr_line' id='line_1_95' title="bbox 157 4696 1833 4768; baseline -0.002 -12"><span class='ocrx_word' id='word_1_693' title='bbox 157 4699 266 4756; x_wconf 89' lang='lat' dir='ltr'><strong>des</strong></span> <span class='ocrx_word' id='word_1_694' title='bbox 300 4716 463 4768; x_wconf 90' lang='lat' dir='ltr'><strong>suos,</strong></span> <span class='ocrx_word' id='word_1_695' title='bbox 494 4705 552 4755; x_wconf 88' lang='lat' dir='ltr'><strong>et</strong></span> <span class='ocrx_word' id='word_1_696' title='bbox 579 4703 769 4756; x_wconf 82' lang='lat' dir='ltr'><strong>totam</strong></span> <span class='ocrx_word' id='word_1_697' title='bbox 801 4715 863 4755; x_wconf 88' lang='lat' dir='ltr'><strong>se</strong></span> <span class='ocrx_word' id='word_1_698' title='bbox 909 4699 1081 4768; x_wconf 89' lang='lat' dir='ltr'><strong>signo</strong></span> <span class='ocrx_word' id='word_1_699' title='bbox 1123 4699 1372 4754; x_wconf 65' lang='lat' dir='ltr'><strong>vivificaa</strong></span> <span class='ocrx_word' id='word_1_700' title='bbox 1417 4697 1610 4753; x_wconf 90' lang='lat' dir='ltr'><strong>crucis</strong></span> <span class='ocrx_word' id='word_1_701' title='bbox 1639 4696 1833 4753; x_wconf 86' lang='lat' dir='ltr'><strong>muni-</strong></span> 
     </span>
    </p>
   </div>
   <div class='ocr_carea' id='block_1_95' title="bbox 157 4787 1828 4862">
    <p class='ocr_par' dir='ltr' id='par_1_95' title="bbox 157 4787 1828 4862">
     <span class='ocr_line' id='line_1_96' title="bbox 157 4787 1828 4862; baseline -0.002 -17"><span class='ocrx_word' id='word_1_702' title='bbox 157 4789 274 4845; x_wconf 56' lang='lat' dir='ltr'><strong>vit,</strong></span> <span class='ocrx_word' id='word_1_703' title='bbox 297 4790 570 4862; x_wconf 90' lang='lat' dir='ltr'><strong>Cumque</strong></span> <span class='ocrx_word' id='word_1_704' title='bbox 599 4789 958 4862; x_wconf 68' lang='lat' dir='ltr'><strong>quaasissem</strong></span> <span class='ocrx_word' id='word_1_705' title='bbox 989 4788 1068 4844; x_wconf 89' lang='lat' dir='ltr'><strong>ab</strong></span> <span class='ocrx_word' id='word_1_706' title='bbox 1102 4803 1175 4844; x_wconf 90' lang='lat' dir='ltr'><strong>ea</strong></span> <span class='ocrx_word' id='word_1_707' title='bbox 1223 4788 1372 4861; x_wconf 90' lang='lat' dir='ltr'><strong>quid</strong></span> <span class='ocrx_word' id='word_1_708' title='bbox 1414 4787 1467 4844; x_wconf 91' lang='lat' dir='ltr'><strong>ei</strong></span> <span class='ocrx_word' id='word_1_709' title='bbox 1498 4787 1828 4855; x_wconf 88' lang='lat' dir='ltr'><strong>accidisset,</strong></span> 
     </span>
    </p>
   </div>
   <div class='ocr_carea' id='block_1_96' title="bbox 160 4877 1835 4951">
    <p class='ocr_par' dir='ltr' id='par_1_96' title="bbox 160 4877 1835 4951">
     <span class='ocr_line' id='line_1_97' title="bbox 160 4877 1835 4951; baseline -0.002 -15"><span class='ocrx_word' id='word_1_710' title='bbox 160 4884 218 4936; x_wconf 89' lang='lat' dir='ltr'><strong>et</strong></span> <span class='ocrx_word' id='word_1_711' title='bbox 245 4894 456 4951; x_wconf 90' lang='lat' dir='ltr'><strong>quare,</strong></span> <span class='ocrx_word' id='word_1_712' title='bbox 488 4884 697 4934; x_wconf 88' lang='lat' dir='ltr'><strong>contra</strong></span> <span class='ocrx_word' id='word_1_713' title='bbox 725 4894 980 4949; x_wconf 85' lang='lat' dir='ltr'><strong>morem,</strong></span> <span class='ocrx_word' id='word_1_714' title='bbox 1010 4894 1148 4933; x_wconf 86' lang='lat' dir='ltr'><strong>cum</strong></span> <span class='ocrx_word' id='word_1_715' title='bbox 1175 4877 1306 4934; x_wconf 88' lang='lat' dir='ltr'><strong>aliis</strong></span> <span class='ocrx_word' id='word_1_716' title='bbox 1332 4877 1683 4934; x_wconf 88' lang='lat' dir='ltr'><strong>sedentibus</strong></span> <span class='ocrx_word' id='word_1_717' title='bbox 1708 4891 1835 4933; x_wconf 91' lang='lat' dir='ltr'><strong>non</strong></span> 
     </span>
    </p>
   </div>
   <div class='ocr_carea' id='block_1_97' title="bbox 161 4965 1836 5041">
    <p class='ocr_par' dir='ltr' id='par_1_97' title="bbox 161 4965 1836 5041">
     <span class='ocr_line' id='line_1_98' title="bbox 161 4965 1836 5041; baseline -0.003 -15"><span class='ocrx_word' id='word_1_718' title='bbox 161 4969 414 5035; x_wconf 90' lang='lat' dir='ltr'><strong>sederet,</strong></span> <span class='ocrx_word' id='word_1_719' title='bbox 449 4972 515 5025; x_wconf 92' lang='lat' dir='ltr'><strong>ut</strong></span> <span class='ocrx_word' id='word_1_720' title='bbox 535 4973 662 5024; x_wconf 88' lang='lat' dir='ltr'><strong>erat</strong></span> <span class='ocrx_word' id='word_1_721' title='bbox 688 4969 823 5041; x_wconf 89' lang='lat' dir='ltr'><strong>ipsa</strong></span> <span class='ocrx_word' id='word_1_722' title='bbox 861 4967 1208 5025; x_wconf 90' lang='lat' dir='ltr'><strong>verecundo</strong></span> <span class='ocrx_word' id='word_1_723' title='bbox 1237 4967 1428 5038; x_wconf 88' lang='lat' dir='ltr'><strong>vultu,</strong></span> <span class='ocrx_word' id='word_1_724' title='bbox 1460 4971 1518 5022; x_wconf 91' lang='lat' dir='ltr'><strong>et</strong></span> <span class='ocrx_word' id='word_1_725' title='bbox 1545 4965 1836 5023; x_wconf 80' lang='lat' dir='ltr'><strong>columbi-</strong></span> 
     </span>
    </p>
   </div>
   <div class='ocr_carea' id='block_1_98' title="bbox 162 5053 1835 5131">
    <p class='ocr_par' dir='ltr' id='par_1_98' title="bbox 162 5053 1835 5131">
     <span class='ocr_line' id='line_1_99' title="bbox 162 5053 1835 5131; baseline -0.003 -17"><span class='ocrx_word' id='word_1_726' title='bbox 162 5075 245 5115; x_wconf 88' lang='lat' dir='ltr'><strong>na</strong></span> <span class='ocrx_word' id='word_1_727' title='bbox 293 5057 693 5131; x_wconf 88' lang='lat' dir='ltr'><strong>simplicitate,</strong></span> <span class='ocrx_word' id='word_1_728' title='bbox 733 5057 1085 5130; x_wconf 90' lang='lat' dir='ltr'><strong>respondit:</strong></span> <span class='ocrx_word' id='word_1_729' title='bbox 1138 5059 1335 5121; x_wconf 88' lang='lat' dir='ltr'><strong>Estne,</strong></span> <span class='ocrx_word' id='word_1_730' title='bbox 1381 5056 1574 5124; x_wconf 88' lang='lat' dir='ltr'><strong>Pater,</strong></span> <span class='ocrx_word' id='word_1_731' title='bbox 1623 5053 1835 5110; x_wconf 90' lang='lat' dir='ltr'><strong>seden-</strong></span> 
     </span>
    </p>
   </div>
   <div class='ocr_carea' id='block_1_99' title="bbox 163 5143 1838 5221">
    <p class='ocr_par' dir='ltr' id='par_1_99' title="bbox 163 5143 1838 5221">
     <span class='ocr_line' id='line_1_100' title="bbox 163 5143 1838 5221; baseline -0.005 -16"><span class='ocrx_word' id='word_1_732' title='bbox 163 5150 337 5221; x_wconf 87' lang='lat' dir='ltr'><strong>dum,</strong></span> <span class='ocrx_word' id='word_1_733' title='bbox 376 5146 628 5221; x_wconf 90' lang='lat' dir='ltr'><strong>quando</strong></span> <span class='ocrx_word' id='word_1_734' title='bbox 676 5152 954 5203; x_wconf 87' lang='lat' dir='ltr'><strong>sanctum</strong></span> <span class='ocrx_word' id='word_1_735' title='bbox 1001 5146 1218 5216; x_wconf 88' lang='lat' dir='ltr'><strong>legitur</strong></span> <span class='ocrx_word' id='word_1_736' title='bbox 1266 5143 1705 5214; x_wconf 85' lang='lat' dir='ltr'><strong>Evangelium?</strong></span> <span class='ocrx_word' id='word_1_737' title='bbox 1752 5145 1838 5198; x_wconf 87' lang='lat' dir='ltr'><strong>En</strong></span> 
     </span>
    </p>
   </div>
   <div class='ocr_carea' id='block_1_100' title="bbox 165 5231 1839 5308">
    <p class='ocr_par' dir='ltr' id='par_1_100' title="bbox 165 5231 1839 5308">
     <span class='ocr_line' id='line_1_101' title="bbox 165 5231 1839 5308; baseline -0.007 -10"><span class='ocrx_word' id='word_1_738' title='bbox 165 5237 484 5298; x_wconf 85' lang='lat' dir='ltr'><strong>Mauricius</strong></span> <span class='ocrx_word' id='word_1_739' title='bbox 526 5238 731 5294; x_wconf 82' lang='lat' dir='ltr'><strong>Levita</strong></span> <span class='ocrx_word' id='word_1_740' title='bbox 777 5232 840 5292; x_wconf 91' lang='lat' dir='ltr'><strong>in</strong></span> <span class='ocrx_word' id='word_1_741' title='bbox 878 5234 1132 5292; x_wconf 85' lang='lat' dir='ltr'><strong>ecclesia</strong></span> <span class='ocrx_word' id='word_1_742' title='bbox 1177 5233 1607 5308; x_wconf 83' lang='lat' dir='ltr'><strong>Apostolorum</strong></span> <span class='ocrx_word' id='word_1_743' title='bbox 1637 5231 1839 5288; x_wconf 90' lang='lat' dir='ltr'><strong>Domi-</strong></span> 
     </span>
    </p>
   </div>
   <div class='ocr_carea' id='block_1_101' title="bbox 164 5319 1842 5410">
    <p class='ocr_par' dir='ltr' id='par_1_101' title="bbox 164 5319 1842 5410">
     <span class='ocr_line' id='line_1_102' title="bbox 164 5319 1842 5410; baseline -0.007 -22"><span class='ocrx_word' id='word_1_744' title='bbox 164 5327 582 5410; x_wconf 30' lang='lat' dir='ltr'><strong>nicam‘ccepit</strong></span> <span class='ocrx_word' id='word_1_745' title='bbox 608 5327 806 5398; x_wconf 89' lang='lat' dir='ltr'><strong>legere</strong></span> <span class='ocrx_word' id='word_1_746' title='bbox 852 5325 1223 5398; x_wconf 82' lang='lat' dir='ltr'><strong>passionem,</strong></span> <span class='ocrx_word' id='word_1_747' title='bbox 1257 5324 1306 5380; x_wconf 91' lang='lat' dir='ltr'><strong>si</strong></span> <span class='ocrx_word' id='word_1_748' title='bbox 1352 5323 1549 5397; x_wconf 89' lang='lat' dir='ltr'><strong>placet</strong></span> <span class='ocrx_word' id='word_1_749' title='bbox 1593 5319 1842 5379; x_wconf 90' lang='lat' dir='ltr'><strong>astanti-</strong></span> 
     </span>
    </p>
   </div>
   <div class='ocr_carea' id='block_1_102' title="bbox 165 5410 1842 5491">
    <p class='ocr_par' dir='ltr' id='par_1_102' title="bbox 165 5410 1842 5491">
     <span class='ocr_line' id='line_1_103' title="bbox 165 5410 1842 5491; baseline -0.008 -13"><span class='ocrx_word' id='word_1_750' title='bbox 165 5424 311 5489; x_wconf 89' lang='lat' dir='ltr'><strong>bus,</strong></span> <span class='ocrx_word' id='word_1_751' title='bbox 343 5418 584 5477; x_wconf 90' lang='lat' dir='ltr'><strong>omissis</strong></span> <span class='ocrx_word' id='word_1_752' title='bbox 614 5415 932 5491; x_wconf 89' lang='lat' dir='ltr'><strong>paululum</strong></span> <span class='ocrx_word' id='word_1_753' title='bbox 989 5414 1121 5471; x_wconf 90' lang='lat' dir='ltr'><strong>aliis</strong></span> <span class='ocrx_word' id='word_1_754' title='bbox 1174 5413 1579 5480; x_wconf 88' lang='lat' dir='ltr'><strong>audiendam;</strong></span> <span class='ocrx_word' id='word_1_755' title='bbox 1614 5410 1842 5467; x_wconf 89' lang='lat' dir='ltr'><strong>statim-</strong></span> 
     </span>
    </p>
   </div>
   <div class='ocr_carea' id='block_1_103' title="bbox 168 5499 1843 5585">
    <p class='ocr_par' dir='ltr' id='par_1_103' title="bbox 168 5499 1843 5585">
     <span class='ocr_line' id='line_1_104' title="bbox 168 5499 1843 5585; baseline -0.007 -19"><span class='ocrx_word' id='word_1_756' title='bbox 168 5528 289 5585; x_wconf 88' lang='lat' dir='ltr'><strong>que</strong></span> <span class='ocrx_word' id='word_1_757' title='bbox 321 5509 370 5564; x_wconf 90' lang='lat' dir='ltr'><strong>si</strong></span> <span class='ocrx_word' id='word_1_758' title='bbox 396 5508 544 5582; x_wconf 91' lang='lat' dir='ltr'><strong>quid</strong></span> <span class='ocrx_word' id='word_1_759' title='bbox 569 5507 846 5564; x_wconf 90' lang='lat' dir='ltr'><strong>audirent</strong></span> <span class='ocrx_word' id='word_1_760' title='bbox 893 5521 930 5562; x_wconf 90' lang='lat' dir='ltr'><strong>a</strong></span> <span class='ocrx_word' id='word_1_761' title='bbox 958 5502 1491 5561; x_wconf 90' lang='lat' dir='ltr'><strong>circumstantibus</strong></span> <span class='ocrx_word' id='word_1_762' title='bbox 1536 5499 1843 5573; x_wconf 90' lang='lat' dir='ltr'><strong>inquisivi,</strong></span> 
     </span>
    </p>
   </div>
   <div class='ocr_carea' id='block_1_104' title="bbox 171 5591 1844 5673">
    <p class='ocr_par' dir='ltr' id='par_1_104' title="bbox 171 5591 1844 5673">
     <span class='ocr_line' id='line_1_105' title="bbox 171 5591 1844 5673; baseline -0.008 -16"><span class='ocrx_word' id='word_1_763' title='bbox 171 5603 454 5673; x_wconf 89' lang='lat' dir='ltr'><strong>factoque</strong></span> <span class='ocrx_word' id='word_1_764' title='bbox 481 5597 714 5654; x_wconf 90' lang='lat' dir='ltr'><strong>silentio</strong></span> <span class='ocrx_word' id='word_1_765' title='bbox 763 5600 886 5652; x_wconf 90' lang='lat' dir='ltr'><strong>tota</strong></span> <span class='ocrx_word' id='word_1_766' title='bbox 916 5593 1238 5651; x_wconf 91' lang='lat' dir='ltr'><strong>multitudo</strong></span> <span class='ocrx_word' id='word_1_767' title='bbox 1291 5609 1351 5647; x_wconf 91' lang='lat' dir='ltr'><strong>se</strong></span> <span class='ocrx_word' id='word_1_768' title='bbox 1403 5591 1551 5647; x_wconf 90' lang='lat' dir='ltr'><strong>nihil</strong></span> <span class='ocrx_word' id='word_1_769' title='bbox 1595 5605 1844 5664; x_wconf 89' lang='lat' dir='ltr'><strong>prorsus</strong></span> 
     </span>
    </p>
   </div>
   <div class='ocr_carea' id='block_1_105' title="bbox 1936 4501 3605 4588">
    <p class='ocr_par' dir='ltr' id='par_1_105' title="bbox 1936 4501 3605 4588">
     <span class='ocr_line' id='line_1_106' title="bbox 1936 4501 3605 4588; baseline -0.011 -15"><span class='ocrx_word' id='word_1_770' title='bbox 1936 4519 2160 4583; x_wconf 92' lang='lat' dir='ltr'><strong>menta,</strong></span> <span class='ocrx_word' id='word_1_771' title='bbox 2193 4513 2360 4588; x_wconf 90' lang='lat' dir='ltr'><strong>quod</strong></span> <span class='ocrx_word' id='word_1_772' title='bbox 2405 4518 2462 4570; x_wconf 91' lang='lat' dir='ltr'><strong>et</strong></span> <span class='ocrx_word' id='word_1_773' title='bbox 2512 4514 2736 4570; x_wconf 88' lang='lat' dir='ltr'><strong>factum</strong></span> <span class='ocrx_word' id='word_1_774' title='bbox 2790 4515 2914 4578; x_wconf 90' lang='lat' dir='ltr'><strong>est;</strong></span> <span class='ocrx_word' id='word_1_775' title='bbox 2967 4507 3286 4578; x_wconf 88' lang='lat' dir='ltr'><strong>statimque</strong></span> <span class='ocrx_word' id='word_1_776' title='bbox 3335 4501 3605 4559; x_wconf 89' lang='lat' dir='ltr'><strong>oratione</strong></span> 
     </span>
    </p>
   </div>
   <div class='ocr_carea' id='block_1_106' title="bbox 1939 4590 3610 4670">
    <p class='ocr_par' dir='ltr' id='par_1_106' title="bbox 1939 4590 3610 4670">
     <span class='ocr_line' id='line_1_107' title="bbox 1939 4590 3610 4670; baseline -0.01 -10"><span class='ocrx_word' id='word_1_777' title='bbox 1939 4604 2250 4662; x_wconf 90' lang='lat' dir='ltr'><strong>Dominica</strong></span> <span class='ocrx_word' id='word_1_778' title='bbox 2277 4604 2584 4670; x_wconf 89' lang='lat' dir='ltr'><strong>inchoata,</strong></span> <span class='ocrx_word' id='word_1_779' title='bbox 2608 4618 2748 4658; x_wconf 90' lang='lat' dir='ltr'><strong>cum</strong></span> <span class='ocrx_word' id='word_1_780' title='bbox 2770 4597 3110 4656; x_wconf 89' lang='lat' dir='ltr'><strong>secundum</strong></span> <span class='ocrx_word' id='word_1_781' title='bbox 3129 4593 3479 4667; x_wconf 88' lang='lat' dir='ltr'><strong>petitionem</strong></span> <span class='ocrx_word' id='word_1_782' title='bbox 3501 4590 3610 4644; x_wconf 80' lang='lat' dir='ltr'><strong>im-</strong></span> 
     </span>
    </p>
   </div>
   <div class='ocr_carea' id='block_1_107' title="bbox 1937 4687 3609 4770">
    <p class='ocr_par' dir='ltr' id='par_1_107' title="bbox 1937 4687 3609 4770">
     <span class='ocr_line' id='line_1_108' title="bbox 1937 4687 3609 4770; baseline -0.011 -19"><span class='ocrx_word' id='word_1_783' title='bbox 1937 4695 2187 4770; x_wconf 88' lang='lat' dir='ltr'><strong>plesset,</strong></span> <span class='ocrx_word' id='word_1_784' title='bbox 2218 4709 2344 4766; x_wconf 89' lang='lat' dir='ltr'><strong>qua</strong></span> <span class='ocrx_word' id='word_1_785' title='bbox 2363 4691 2584 4748; x_wconf 88' lang='lat' dir='ltr'><strong>dicitur</strong></span> <span class='ocrx_word' id='word_1_786' title='bbox 2609 4708 2622 4746; x_wconf 90' lang='lat'>:</span> <span class='ocrx_word' id='word_1_787' title='bbox 2649 4689 2952 4746; x_wconf 80' lang='lat' dir='ltr'><strong>Adveniat</strong></span> <span class='ocrx_word' id='word_1_788' title='bbox 2977 4699 3230 4756; x_wconf 80' lang='lat' dir='ltr'><strong>regnum</strong></span> <span class='ocrx_word' id='word_1_789' title='bbox 3263 4687 3452 4770; x_wconf 70' lang='lat' dir='ltr'><strong>tuum,</strong></span> <span class='ocrx_word' id='word_1_790' title='bbox 3475 4693 3609 4770; x_wconf 80' lang='lat' dir='ltr'><strong>con-</strong></span> 
     </span>
    </p>
   </div>
   <div class='ocr_carea' id='block_1_108' title="bbox 1941 4765 3611 4854">
    <p class='ocr_par' dir='ltr' id='par_1_108' title="bbox 1941 4765 3611 4854">
     <span class='ocr_line' id='line_1_109' title="bbox 1941 4765 3611 4854; baseline -0.011 -14"><span class='ocrx_word' id='word_1_791' title='bbox 1941 4765 2257 4840; x_wconf 11' lang='lat' dir='ltr'><strong>summato,</strong></span> <span class='ocrx_word' id='word_1_792' title='bbox 2297 4795 2575 4854; x_wconf 86' lang='lat' dir='ltr'><strong>supernae</strong></span> <span class='ocrx_word' id='word_1_793' title='bbox 2623 4775 2958 4836; x_wconf 90' lang='lat' dir='ltr'><strong>vocationis</strong></span> <span class='ocrx_word' id='word_1_794' title='bbox 2981 4772 3177 4846; x_wconf 92' lang='lat' dir='ltr'><strong>jubilo</strong></span> <span class='ocrx_word' id='word_1_795' title='bbox 3229 4768 3474 4828; x_wconf 87' lang='lat' dir='ltr'><strong>feliciter</strong></span> <span class='ocrx_word' id='word_1_796' title='bbox 3503 4765 3611 4822; x_wconf 85' lang='lat' dir='ltr'><strong>mi-</strong></span> 
     </span>
    </p>
   </div>
   <div class='ocr_carea' id='block_1_109' title="bbox 1943 4862 3610 4944">
    <p class='ocr_par' dir='ltr' id='par_1_109' title="bbox 1943 4862 3610 4944">
     <span class='ocr_line' id='line_1_110' title="bbox 1943 4862 3610 4944; baseline -0.01 -15"><span class='ocrx_word' id='word_1_797' title='bbox 1943 4871 2138 4944; x_wconf 86' lang='lat' dir='ltr'><strong>gravit</strong></span> <span class='ocrx_word' id='word_1_798' title='bbox 2185 4871 2267 4927; x_wconf 90' lang='lat' dir='ltr'><strong>ad</strong></span> <span class='ocrx_word' id='word_1_799' title='bbox 2313 4869 2657 4926; x_wconf 90' lang='lat' dir='ltr'><strong>Dominum.</strong></span> <span class='ocrx_word' id='word_1_800' title='bbox 2706 4871 2838 4926; x_wconf 84' lang='lat' dir='ltr'><strong>Mox</strong></span> <span class='ocrx_word' id='word_1_801' title='bbox 2883 4862 3246 4923; x_wconf 82' lang='lat' dir='ltr'><strong>Mauriciana</strong></span> <span class='ocrx_word' id='word_1_802' title='bbox 3306 4862 3610 4924; x_wconf 88' lang='lat' dir='ltr'><strong>matrona,</strong></span> 
     </span>
    </p>
   </div>
   <div class='ocr_carea' id='block_1_110' title="bbox 1945 4949 3614 5027">
    <p class='ocr_par' dir='ltr' id='par_1_110' title="bbox 1945 4949 3614 5027">
     <span class='ocr_line' id='line_1_111' title="bbox 1945 4949 3614 5027; baseline -0.01 -8"><span class='ocrx_word' id='word_1_803' title='bbox 1945 4977 2114 5019; x_wconf 89' lang='lat' dir='ltr'><strong>soror</strong></span> <span class='ocrx_word' id='word_1_804' title='bbox 2152 4960 2428 5027; x_wconf 67' lang='lat' dir='ltr'><strong>Sedulius,</strong></span> <span class='ocrx_word' id='word_1_805' title='bbox 2462 4962 2519 5015; x_wconf 91' lang='lat' dir='ltr'><strong>et</strong></span> <span class='ocrx_word' id='word_1_806' title='bbox 2565 4957 2702 5015; x_wconf 86' lang='lat' dir='ltr'><strong>duae</strong></span> <span class='ocrx_word' id='word_1_807' title='bbox 2748 4955 2886 5012; x_wconf 62' lang='lat' dir='ltr'><strong>ﬁlia:</strong></span> <span class='ocrx_word' id='word_1_808' title='bbox 2916 4951 3312 5021; x_wconf 77' lang='lat' dir='ltr'><strong>Mauricianae,</strong></span> <span class='ocrx_word' id='word_1_809' title='bbox 3339 4949 3614 5005; x_wconf 89' lang='lat' dir='ltr'><strong>Damona</strong></span> 
     </span>
    </p>
   </div>
   <div class='ocr_carea' id='block_1_111' title="bbox 1945 5036 3612 5119">
    <p class='ocr_par' dir='ltr' id='par_1_111' title="bbox 1945 5036 3612 5119">
     <span class='ocr_line' id='line_1_112' title="bbox 1945 5036 3612 5119; baseline -0.01 -13"><span class='ocrx_word' id='word_1_810' title='bbox 1945 5056 2004 5108; x_wconf 91' lang='lat' dir='ltr'><strong>et</strong></span> <span class='ocrx_word' id='word_1_811' title='bbox 2049 5048 2286 5119; x_wconf 88' lang='lat' dir='ltr'><strong>Thecia,</strong></span> <span class='ocrx_word' id='word_1_812' title='bbox 2319 5046 2578 5103; x_wconf 90' lang='lat' dir='ltr'><strong>cilicium</strong></span> <span class='ocrx_word' id='word_1_813' title='bbox 2607 5046 2683 5102; x_wconf 90' lang='lat' dir='ltr'><strong>de</strong></span> <span class='ocrx_word' id='word_1_814' title='bbox 2737 5047 2947 5101; x_wconf 90' lang='lat' dir='ltr'><strong>sancto</strong></span> <span class='ocrx_word' id='word_1_815' title='bbox 2996 5055 3247 5113; x_wconf 91' lang='lat' dir='ltr'><strong>corpore</strong></span> <span class='ocrx_word' id='word_1_816' title='bbox 3287 5036 3612 5110; x_wconf 87' lang='lat' dir='ltr'><strong>rapientes,</strong></span> 
     </span>
    </p>
   </div>
   <div class='ocr_carea' id='block_1_112' title="bbox 1947 5125 3616 5210">
    <p class='ocr_par' dir='ltr' id='par_1_112' title="bbox 1947 5125 3616 5210">
     <span class='ocr_line' id='line_1_113' title="bbox 1947 5125 3616 5210; baseline -0.011 -15"><span class='ocrx_word' id='word_1_817' title='bbox 1947 5140 2010 5195; x_wconf 91' lang='lat' dir='ltr'><strong>in</strong></span> <span class='ocrx_word' id='word_1_818' title='bbox 2058 5141 2321 5210; x_wconf 89' lang='lat' dir='ltr'><strong>quatuor</strong></span> <span class='ocrx_word' id='word_1_819' title='bbox 2365 5134 2694 5208; x_wconf 88' lang='lat' dir='ltr'><strong>particulas</strong></span> <span class='ocrx_word' id='word_1_820' title='bbox 2747 5132 3098 5198; x_wconf 90' lang='lat' dir='ltr'><strong>diviserunt,</strong></span> <span class='ocrx_word' id='word_1_821' title='bbox 3144 5134 3202 5186; x_wconf 92' lang='lat' dir='ltr'><strong>et</strong></span> <span class='ocrx_word' id='word_1_822' title='bbox 3257 5127 3372 5183; x_wconf 90' lang='lat' dir='ltr'><strong>sibi</strong></span> <span class='ocrx_word' id='word_1_823' title='bbox 3424 5125 3616 5181; x_wconf 87' lang='lat' dir='ltr'><strong>tribus</strong></span> 
     </span>
    </p>
   </div>
   <div class='ocr_carea' id='block_1_113' title="bbox 1947 5213 3616 5298">
    <p class='ocr_par' dir='ltr' id='par_1_113' title="bbox 1947 5213 3616 5298">
     <span class='ocr_line' id='line_1_114' title="bbox 1947 5213 3616 5298; baseline -0.01 -15"><span class='ocrx_word' id='word_1_824' title='bbox 1947 5226 2211 5294; x_wconf 90' lang='lat' dir='ltr'><strong>retentis,</strong></span> <span class='ocrx_word' id='word_1_825' title='bbox 2262 5228 2544 5298; x_wconf 90' lang='lat' dir='ltr'><strong>quartam</strong></span> <span class='ocrx_word' id='word_1_826' title='bbox 2599 5223 2768 5293; x_wconf 88' lang='lat' dir='ltr'><strong>mihi,</strong></span> <span class='ocrx_word' id='word_1_827' title='bbox 2815 5237 3005 5294; x_wconf 88' lang='lat' dir='ltr'><strong>quam</strong></span> <span class='ocrx_word' id='word_1_828' title='bbox 3049 5235 3161 5292; x_wconf 90' lang='lat' dir='ltr'><strong>pro</strong></span> <span class='ocrx_word' id='word_1_829' title='bbox 3221 5229 3449 5284; x_wconf 86' lang='lat' dir='ltr'><strong>magno</strong></span> <span class='ocrx_word' id='word_1_830' title='bbox 3495 5213 3616 5267; x_wconf 89' lang='lat' dir='ltr'><strong>the-</strong></span> 
     </span>
    </p>
   </div>
   <div class='ocr_carea' id='block_1_114' title="bbox 1952 5303 3617 5384">
    <p class='ocr_par' dir='ltr' id='par_1_114' title="bbox 1952 5303 3617 5384">
     <span class='ocr_line' id='line_1_115' title="bbox 1952 5303 3617 5384; baseline -0.01 -13"><span class='ocrx_word' id='word_1_831' title='bbox 1952 5330 2134 5372; x_wconf 89' lang='lat' dir='ltr'><strong>sauro</strong></span> <span class='ocrx_word' id='word_1_832' title='bbox 2181 5312 2455 5369; x_wconf 89' lang='lat' dir='ltr'><strong>custodio</strong></span> <span class='ocrx_word' id='word_1_833' title='bbox 2513 5314 2864 5384; x_wconf 92' lang='lat' dir='ltr'><strong>posuerunt,</strong></span> <span class='ocrx_word' id='word_1_834' title='bbox 2924 5320 3266 5380; x_wconf 90' lang='lat' dir='ltr'><strong>corpusque</strong></span> <span class='ocrx_word' id='word_1_835' title='bbox 3319 5303 3395 5358; x_wconf 91' lang='lat' dir='ltr'><strong>de</strong></span> <span class='ocrx_word' id='word_1_836' title='bbox 3446 5313 3617 5356; x_wconf 88' lang='lat' dir='ltr'><strong>more</strong></span> 
     </span>
    </p>
   </div>
   <div class='ocr_carea' id='block_1_115' title="bbox 1950 5390 3617 5476">
    <p class='ocr_par' dir='ltr' id='par_1_115' title="bbox 1950 5390 3617 5476">
     <span class='ocr_line' id='line_1_116' title="bbox 1950 5390 3617 5476; baseline -0.011 -13"><span class='ocrx_word' id='word_1_837' title='bbox 1950 5407 2244 5475; x_wconf 88' lang='lat' dir='ltr'><strong>lavantes,</strong></span> <span class='ocrx_word' id='word_1_838' title='bbox 2277 5420 2502 5476; x_wconf 89' lang='lat' dir='ltr'><strong>aquam</strong></span> <span class='ocrx_word' id='word_1_839' title='bbox 2552 5403 2614 5458; x_wconf 91' lang='lat' dir='ltr'><strong>in</strong></span> <span class='ocrx_word' id='word_1_840' title='bbox 2654 5401 2747 5458; x_wconf 88' lang='lat' dir='ltr'><strong>lac</strong></span> <span class='ocrx_word' id='word_1_841' title='bbox 2796 5414 3174 5460; x_wconf 88' lang='lat' dir='ltr'><strong>conversam,</strong></span> <span class='ocrx_word' id='word_1_842' title='bbox 3208 5390 3617 5452; x_wconf 88' lang='lat' dir='ltr'><strong>testimonium</strong></span> 
     </span>
    </p>
   </div>
   <div class='ocr_carea' id='block_1_116' title="bbox 1951 5483 3618 5571">
    <p class='ocr_par' dir='ltr' id='par_1_116' title="bbox 1951 5483 3618 5571">
     <span class='ocr_line' id='line_1_117' title="bbox 1951 5483 3618 5571; baseline -0.012 -17"><span class='ocrx_word' id='word_1_843' title='bbox 1951 5495 2254 5571; x_wconf 85' lang='lat' dir='ltr'><strong>pudicitiae</strong></span> <span class='ocrx_word' id='word_1_844' title='bbox 2303 5493 2633 5565; x_wconf 89' lang='lat' dir='ltr'><strong>virginalis,</strong></span> <span class='ocrx_word' id='word_1_845' title='bbox 2662 5490 2990 5546; x_wconf 84' lang='lat' dir='ltr'><strong>videndam</strong></span> <span class='ocrx_word' id='word_1_846' title='bbox 3045 5487 3196 5543; x_wconf 90' lang='lat' dir='ltr'><strong>meis</strong></span> <span class='ocrx_word' id='word_1_847' title='bbox 3243 5483 3431 5541; x_wconf 90' lang='lat' dir='ltr'><strong>oculis</strong></span> <span class='ocrx_word' id='word_1_848' title='bbox 3468 5496 3618 5554; x_wconf 86' lang='lat' dir='ltr'><strong>prae-</strong></span> 
     </span>
    </p>
   </div>
   <div class='ocr_carea' id='block_1_117' title="bbox 1957 5569 3618 5650">
    <p class='ocr_par' dir='ltr' id='par_1_117' title="bbox 1957 5569 3618 5650">
     <span class='ocr_line' id='line_1_118' title="bbox 1957 5569 3618 5650; baseline -0.012 -7"><span class='ocrx_word' id='word_1_849' title='bbox 1957 5569 2288 5643; x_wconf 78' lang='lat' dir='ltr'><strong>sentarunt.</strong></span> <span class='ocrx_word' id='word_1_850' title='bbox 2348 5584 2520 5650; x_wconf 89' lang='lat' dir='ltr'><strong>Quod</strong></span> <span class='ocrx_word' id='word_1_851' title='bbox 2577 5581 2884 5642; x_wconf 86' lang='lat' dir='ltr'><strong>Leonicus,</strong></span> <span class='ocrx_word' id='word_1_852' title='bbox 2939 5577 3096 5634; x_wconf 85' lang='lat' dir='ltr'><strong>ﬁlius</strong></span> <span class='ocrx_word' id='word_1_853' title='bbox 3145 5577 3451 5634; x_wconf 69' lang='lat' dir='ltr'><strong>Damonaa,</strong></span> <span class='ocrx_word' id='word_1_854' title='bbox 3483 5569 3618 5625; x_wconf 86' lang='lat' dir='ltr'><strong>dul-</strong></span> 
     </span>
    </p>
   </div>
   <div class='ocr_carea' id='block_1_118' title="bbox 173 5661 3617 5760">
    <p class='ocr_par' dir='ltr' id='par_1_118' title="bbox 173 5661 3617 5760">
     <span class='ocr_line' id='line_1_119' title="bbox 173 5661 3617 5760; baseline -0.009 -14"><span class='ocrx_word' id='word_1_855' title='bbox 173 5661 386 5748; x_wconf 71' lang='lat' dir='ltr'><strong>audire</strong></span> <span class='ocrx_word' id='word_1_856' title='bbox 409 5686 740 5760; x_wconf 90' lang='lat' dir='ltr'><strong>respondit,</strong></span> <span class='ocrx_word' id='word_1_857' title='bbox 764 5685 925 5741; x_wconf 89' lang='lat' dir='ltr'><strong>unde</strong></span> <span class='ocrx_word' id='word_1_858' title='bbox 951 5682 1217 5739; x_wconf 87' lang='lat' dir='ltr'><strong>divinam</strong></span> <span class='ocrx_word' id='word_1_859' title='bbox 1243 5661 1668 5752; x_wconf 74' lang='lat' dir='ltr'><strong>intelligensin</strong></span> <span class='ocrx_word' id='word_1_860' title='bbox 1697 5694 1846 5751; x_wconf 77' lang='lat' dir='ltr'><strong>prze-</strong></span> <span class='ocrx_word' id='word_1_861' title='bbox 1956 5677 2166 5734; x_wconf 87' lang='lat' dir='ltr'><strong>cedinc</strong></span> <span class='ocrx_word' id='word_1_862' title='bbox 2196 5680 2430 5747; x_wconf 89' lang='lat' dir='ltr'><strong>captus,</strong></span> <span class='ocrx_word' id='word_1_863' title='bbox 2456 5672 2699 5730; x_wconf 87' lang='lat' dir='ltr'><strong>abunde</strong></span> <span class='ocrx_word' id='word_1_864' title='bbox 2730 5669 3085 5741; x_wconf 90' lang='lat' dir='ltr'><strong>deglutiens,</strong></span> <span class='ocrx_word' id='word_1_865' title='bbox 3111 5683 3148 5722; x_wconf 91' lang='lat' dir='ltr'><strong>a</strong></span> <span class='ocrx_word' id='word_1_866' title='bbox 3178 5663 3370 5722; x_wconf 88' lang='lat' dir='ltr'><strong>febrili</strong></span> <span class='ocrx_word' id='word_1_867' title='bbox 3401 5661 3617 5760; x_wconf 69' lang='lat' dir='ltr'><strong>ardore</strong></span> 
     </span>
    </p>
   </div>
   <div class='ocr_carea' id='block_1_119' title="bbox 174 5767 1836 5848">
    <p class='ocr_par' dir='ltr' id='par_1_119' title="bbox 174 5767 1836 5848">
     <span class='ocr_line' id='line_1_120' title="bbox 174 5767 1836 5848; baseline -0.008 -11"><span class='ocrx_word' id='word_1_868' title='bbox 174 5781 338 5838; x_wconf 84' lang='lat' dir='ltr'><strong>clara</strong></span> <span class='ocrx_word' id='word_1_869' title='bbox 365 5777 594 5848; x_wconf 84' lang='lat' dir='ltr'><strong>virgine</strong></span> <span class='ocrx_word' id='word_1_870' title='bbox 639 5775 921 5843; x_wconf 87' lang='lat' dir='ltr'><strong>adfuisse,</strong></span> <span class='ocrx_word' id='word_1_871' title='bbox 950 5774 1223 5832; x_wconf 87' lang='lat' dir='ltr'><strong>virtutem</strong></span> <span class='ocrx_word' id='word_1_872' title='bbox 1270 5770 1556 5846; x_wconf 83' lang='lat' dir='ltr'><strong>lacrymis</strong></span> <span class='ocrx_word' id='word_1_873' title='bbox 1581 5767 1836 5837; x_wconf 81' lang='lat' dir='ltr'><strong>ubertim</strong></span> 
     </span>
    </p>
   </div>
   <div class='ocr_carea' id='block_1_120' title="bbox 1958 5748 3621 5835">
    <p class='ocr_par' dir='ltr' id='par_1_120' title="bbox 1958 5748 3621 5835">
     <span class='ocr_line' id='line_1_121' title="bbox 1958 5748 3621 5835; baseline -0.008 -12"><span class='ocrx_word' id='word_1_874' title='bbox 1958 5771 2204 5826; x_wconf 88' lang='lat' dir='ltr'><strong>sanatus</strong></span> <span class='ocrx_word' id='word_1_875' title='bbox 2219 5768 2308 5827; x_wconf 80' lang='lat' dir='ltr'><strong>est</strong></span> <span class='ocrx_word' id='word_1_876' title='bbox 2329 5783 2341 5834; x_wconf 85' lang='lat'><strong>;</strong></span> <span class='ocrx_word' id='word_1_877' title='bbox 2376 5766 2657 5835; x_wconf 87' lang='lat' dir='ltr'><strong>tactuque</strong></span> <span class='ocrx_word' id='word_1_878' title='bbox 2679 5759 2868 5819; x_wconf 89' lang='lat' dir='ltr'><strong>sancti</strong></span> <span class='ocrx_word' id='word_1_879' title='bbox 2884 5757 3057 5816; x_wconf 91' lang='lat' dir='ltr'><strong>cilicii</strong></span> <span class='ocrx_word' id='word_1_880' title='bbox 3082 5753 3294 5816; x_wconf 87' lang='lat' dir='ltr'><strong>Thecia</strong></span> <span class='ocrx_word' id='word_1_881' title='bbox 3321 5769 3357 5810; x_wconf 87' lang='lat' dir='ltr'><strong>a</strong></span> <span class='ocrx_word' id='word_1_882' title='bbox 3377 5748 3621 5812; x_wconf 81' lang='lat' dir='ltr'><strong>macula</strong></span> 
     </span>
    </p>
   </div>
  </div>
