3950 6372
387 286 524 351 1379

1454 284 1510 342 s.
1550 273 1921 340 pauonum
1957 266 2330 341 TRECENSIS
2378 286 2686 344 EPISOOPI

3663 289 3818 350 I380

386 417 588 474 denuo
618 417 863 483 Hugone
891 409 1220 466 abbate'et
1237 407 1558 479 Adalgario
1589 406 1828 477 comite,
1855 406 1929 462 de
1949 405 2043 462 in-
2073 410 2120 463 Α
2151 406 2193 462 li
2221 408 2400 465 etiam
2430 411 2746 468 occasione
2776 411 3048 468 divinam
3097 416 3306 470 contra
3336 430 3398 470 se
3429 414 3825 473 iracundiam

386 505 666 561 ﬁrmitate
688 517 757 558 ac
782 498 1233 570 recuperatione
1255 497 1305 567 ej
1315 514 1384 552 us
1413 501 1470 553 et
1488 495 1797 552 voluntate
1819 494 1883 551 in
1907 510 2045 568 pos-

387 599 585 652 terum
613 588 902 647 veniendi
944 586 1264 660 quassitum
1304 591 1416 654 est,
1446 601 1684 641 necnon
1713 584 1789 640 de
1815 584 2044 641 restitu-

386 685 545 742 tione
573 695 773 738 rerum
804 676 1070 733 ecclesiis
1129 677 1232 732 Dei
1280 675 1343 732 in
1392 675 1642 732 Francia
1688 673 2039 742 constitutis,

385 790 520 846 quas
549 772 612 827 in
641 768 811 826 Italia
832 767 978 835 sitae,
1012 783 1050 822 a
1098 766 1224 822 suis
1271 781 1382 840 pro
1411 765 1583 822 libitu
1611 765 1850 822 fuerant
1873 779 2044 820 usur-

383 866 539 936 patte
563 878 578 929 ;
611 874 818 915 verum
845 861 903 912 et
927 856 1002 912 de
1032 855 1333 930 episcopis
1363 859 1543 928 atque
1573 853 1914 921 comitibus,
1936 852 2042 926 qui

383 950 620 1008 dudum
649 964 790 1004 cum
811 948 1089 1016 Augusta
1119 945 1282 1001 ﬁdeli
1308 943 1629 1001 devotione
1650 943 1726 1000 de
1755 941 1924 999 Italia
1954 957 2040 998 ve-

380 1041 614 1107 nerant,
647 1041 712 1093 ut
740 1035 826 1092 eis
847 1039 905 1092 et
930 1034 1105 1091 sedes
1135 1033 1396 1107 proprias
1428 1037 1485 1090 et
1505 1031 1828 1089 comitatus
1851 1047 1920 1088 ac
1941 1030 2042 1087 be-

381 1129 598 1186 neﬁcia
624 1143 729 1183 seu
758 1142 852 1182 res
890 1124 1148 1198 propriae
1177 1122 1586 1180 redderentur.
1637 1122 1728 1178 Ad
1770 1123 1902 1178 haec
1937 1123 2042 1177 Lo-

382 1219 612 1276 tharius
635 1233 743 1291 per
767 1217 989 1272 missos
1010 1231 1172 1279 suos,
1201 1213 1496 1287 oppositis
1517 1211 1884 1285 quibusdam
1904 1225 2044 1268 con-

383 1309 732 1370 ditionibus,
749 1321 874 1362 non
899 1307 962 1361 in
991 1305 1280 1362 omnibus
1307 1320 1370 1360 se
1393 1302 1668 1361 assentiri
1681 1318 1859 1376 posse
1876 1316 2045 1358 man-

384 1399 569 1455 davit.
604 1396 830 1453 Eodem
876 1400 1148 1468 tempore
1180 1393 1551 1450 Nordmanni
1598 1391 2001 1450 Dorestadum
2023 1391 2039 1424 ¹

383 1493 442 1546 et
471 1487 719 1544 Frisiam
740 1501 984 1541 rursum
1009 1483 1359 1558 depopulati
1380 1487 1538 1553 sunt,
1572 1482 1678 1538 sed
1721 1486 1778 1538 et
1807 1479 2041 1547 Horich,

384 1593 490 1634 rex
521 1579 850 1645 Danorum,
895 1589 1003 1646 per
1028 1573 1258 1643 legatos
1289 1589 1434 1629 suos
1474 1572 1536 1627 in
1577 1570 1791 1628 codem
1823 1568 2045 1642 placito

385 1664 662 1723 amicitiae
689 1668 868 1736 atque
913 1661 1266 1719 obedientiae
1297 1660 1673 1717 conditiones
1716 1658 2042 1726 mandans,

2153 497 2461 554 ardentius
2481 501 2771 557 incitaret.
2798 502 2908 568 Qui
2938 507 3241 559 tantorum
3263 508 3504 577 patrum
3532 521 3828 562 assensus

2153 579 2424 656 consilio,
2458 595 2674 647 cuncta
2703 591 2976 659 restituit,
3010 608 3080 648 ac
3111 592 3362 663 singulis
3390 593 3657 650 ecclesiis
3687 611 3829 652 eas-

2151 675 2290 732 dem
2316 693 2412 733 res
2444 679 2869 753 scriptionibus
2890 683 2912 716 ‘
2935 681 3160 738 annulo
3177 683 3198 718 ⁸
3230 698 3340 739 suo
3369 682 3666 744 roboratis
3681 701 3830 757 pro-

2150 765 2278 837 prie
2307 767 2652 838 resignavit.
2687 770 2869 840 Igitur
2897 769 3241 843 imperator,
3275 771 3571 844 disposita
3618 773 3824 829 Frisim

2151 854 2578 929 Maritimmque
2607 859 2628 893 ⁶
2660 867 2683 894 ο
2713 858 3006 922 custodia,
3041 875 3250 916 mense
3271 860 3420 917 Maio
3440 861 3520 917 ad
3549 861 3826 919 Theodo—

2151 945 2246 999 nis
2275 936 2482 1000 villam
2515 945 2758 1002 veniens
2786 951 2844 1004 et
2870 947 3158 1004 annualia
3187 949 3351 1006 dona
3366 949 3680 1023 recipiens,
3708 951 3828 1006 iter

2153 1048 2332 1088 suum
2355 1034 2617 1090 Romam
2639 1035 3008 1093 defensionis
3038 1043 3259 1094 sanctae
3286 1041 3568 1095 Romante
3621 1039 3826 1095 Eccle-

2152 1121 2254 1178 site
2277 1127 2458 1196 atque
2488 1125 2777 1180 orationis
2808 1126 3000 1196 gratia
3043 1125 3276 1194 indixit,
3304 1127 3544 1183 directis
3574 1127 3822 1184 interim

2152 1210 2233 1266 ad
2265 1212 2608 1269 Lotharium
2637 1213 2870 1284 logatis,
2891 1214 3280 1272 monentibus
3298 1220 3363 1272 ut
3392 1233 3532 1273 eum
3562 1221 3827 1290 paterna

2151 1303 2486 1360 reverentia
2512 1303 3052 1377 susciperet,atque
3080 1305 3305 1362 itineris
3335 1310 3700 1379 apparatum
3720 1305 3830 1362 de-

2155 1395 2356 1447 center
2385 1397 2846 1466 opportuneque
2903 1399 3275 1466 procuraret.
3336 1399 3416 1452 Ea
3469 1399 3828 1469 tempestate

2154 1481 2529 1538 Nordmanni
2558 1479 2584 1519 ἀ
2613 1481 2943 1554 irruptione
3002 1483 3180 1540 solita
3238 1484 3488 1541 Frisiam
3523 1485 3827 1540 irruentes

2153 1569 2215 1625 in
2245 1569 2444 1626 insula
2464 1585 2599 1642 qua;
2631 1569 2920 1627 Walacria
2942 1579 2963 1605 °
2986 1571 3204 1627 dicitur
3218 1576 3461 1628 nostros
3482 1573 3827 1645 imparatos

2155 1658 2442 1729 aggressi,
2475 1658 2698 1714 multos
2729 1658 3200 1731 trucidaverunt,
3241 1661 3442 1733 plures
3479 1654 3824 1734 depraedati

385 1771 450 1812 se
479 1753 822 1811 nullatenus
847 1767 1058 1807 eorum
1111 1749 1670 1824 importunitatibus
1723 1763 2045 1806 assensum
2075 1763 2119 1816 Β
2157 1751 2326 1814 sunt;
2385 1750 2442 1802 et
2487 1747 2864 1820 aliquamdiu
2916 1748 3064 1804 inibi
3118 1755 3583 1813 commorantes,
3634 1763 3830 1805 censu

383 1843 714 1918 praebuisse
770 1845 1040 1909 testatus,
1091 1841 1166 1898 de
1199 1856 1450 1897 suorum
1495 1839 1576 1896 ad
1619 1839 2046 1913 imperatorem

382 1935 709 1991 missorum
736 1931 1141 1988 interiectione
1153 1933 1519 2004 conquestus
1546 1935 1652 1999 est,
1680 1928 1786 2002 qui
1810 1927 2046 1984 dudum

382 2025 543 2082 circa
596 2022 904 2081 Coloniam
970 2020 1365 2093 Agrippinam
1433 2019 1845 2092 quorumdam
1897 2033 2049 2090 prm-

384 2113 731 2186 sumptione
766 2111 960 2167 necati
987 2110 1254 2178 fuerant;
1295 2125 1560 2182 quorum
1607 2124 1819 2164 necem
1865 2107 2046 2163 etiam

383 2204 736 2275 imperator,
762 2199 962 2255 missis
979 2199 1059 2254 ad
1088 2200 1204 2255 hoc
1234 2198 1431 2254 solum
1463 2197 1693 2268 legatis,
1718 2196 2046 2268 justissime

387 2292 548 2348 ultus
572 2294 678 2346 est.
712 2291 964 2344 Peracta
993 2287 1330 2344 autumnali
1350 2287 1669 2343 venatione
1695 2286 1758 2342 in
1787 2287 2045 2341 Franco-

384 2379 606 2436 nofurd
634 2377 880 2451 palatio,
913 2376 993 2432 ad
1038 2377 1402 2448 Aquisgrani
1455 2392 1732 2432 reversus
1780 2379 1887 2443 est,
1941 2374 2046 2430 ubi

384 2469 567 2526 etiam
605 2465 774 2522 missi
795 2465 1065 2521 eiusdem
1095 2465 1313 2520 Horich
1346 2469 1660 2535 venerunt,
1708 2466 2045 2536 quaerentes

387 2571 692 2612 summam
717 2569 949 2620 eorum,
979 2567 1133 2624 quos
1166 2551 1296 2624 ipse
1326 2556 1534 2623 captos
1560 2567 1634 2606 ex
1671 2550 1764 2606 his
1793 2548 2044 2606 interﬁci

384 2646 628 2710 fecerat,
659 2643 764 2717 qui
792 2642 854 2697 in
885 2646 1123 2698 nostros
1143 2641 1294 2696 ﬁnes
1317 2640 1458 2696 talia
1485 2639 1846 2695 iamdudum
1875 2637 2062 2696 moli-.

385 2735 428 2790 ti
455 2737 610 2788 sunt.
639 2729 960 2787 Azenarius
983 2744 1247 2802 quoque,
1281 2728 1562 2784 citerioris
1594 2727 1921 2783 Wasconite
1948 2743 2046 2782 co-

386 2838 538 2890 mes,
579 2821 686 2894 qui
717 2825 854 2876 ante
882 2818 1107 2891 aliquot
1133 2832 1327 2873 annos
1355 2833 1392 2873 a
1412 2817 1662 2890 Pippino
1691 2817 2040 2884 desciverat,

385 2909 654 2967 horribili
683 2913 873 2965 morte
902 2907 1138 2974 interiit;
1158 2906 1457 2979 fraterque
1481 2907 1636 2962 illius
1661 2906 2044 2963 Sancio-San-

387 3001 438 3056 ci
467 2999 746 3056 eamdem
774 2997 1082 3067 regionem
1111 3001 1370 3066 negante
1412 2996 1664 3071 Pippino
1705 2996 2037 3069 occupavit.

2154 1839 2336 1909 prout
2361 1835 2534 1892 libuit
2583 1841 2816 1905 exacto,
2867 1837 2947 1893 ad
2989 1838 3385 1895 Dorestadum
3416 1839 3632 1895 eadem
3660 1838 3828 1894 furia

2155 1931 2577 1998 pervenerunt,
2601 1930 2658 1982 et
2689 1925 2908 1982 tributa
2937 1926 3206 1983 similiter
3234 1926 3826 1998 exegerunt.Quibus

2157 2015 2484 2088 imperator
2514 2015 2754 2084 auditis,
2781 2016 3182 2088 praetermisso
3213 2021 3547 2073 memorato
3578 2016 3817 2086 itinere,

2156 2105 2232 2160 ad
2254 2104 2692 2175 Noviomagum
2719 2110 3002 2174 castrum,
3031 2105 3299 2162 vicinum
3325 2105 3823 2178 Dorestado,pro-

2153 2211 2368 2268 perare
2387 2210 2510 2251 non
2531 2193 2757 2251 distulit
2782 2211 2797 2261 ;
2819 2195 2993 2266 cujus
3014 2196 3281 2252 adventu
3305 2195 3677 2253 Nordmanni
3707 2211 3821 2251 au-

2155 2283 2301 2352 dito,
2326 2283 2613 2340 continuo
2645 2288 3044 2340 recesserunt.
3079 2289 3411 2358 Imperator
3461 2301 3604 2341 vero
3633 2299 3819 2354 gene-

2154 2373 2266 2429 rali
2296 2378 2596 2450 conventu
2611 2373 2841 2439 habito,
2861 2373 3102 2446 publice
3127 2390 3268 2430 cum
3293 2374 3387 2430 his
3415 2374 3820 2447 quaestionem

2152 2462 2380 2525 habuit.
2451 2478 2607 2535 quos
2661 2463 2966 2536 principes
3025 2463 3106 2520 ad
3149 2465 3428 2522 eamdem
3479 2463 3819 2520 custodiam

2153 2551 2565 2621 delegaverat.
2599 2551 2726 2612 Qua
2766 2552 3144 2609 discussione
3186 2554 3402 2626 patuit,
3451 2552 3674 2626 partim
3698 2553 3817 2608 im-

2152 2640 2568 2713 possibilitate,
2596 2641 2815 2714 partim
2832 2642 3241 2708 quorumdam
3273 2641 3678 2699 inobodientia
3706 2657 3814 2698 eos

2153 2728 2412 2784 inimicis
2439 2745 2562 2785 non
2593 2729 2864 2802 potuisse
2892 2731 3202 2799 resistere;
3236 2731 3398 2787 unde
3428 2735 3485 2787 et
3524 2731 3604 2787 ad
3651 2747 3813 2787 com-

2152 2817 2535 2891 primendam
2601 2818 2934 2875 Frisionum
2973 2822 2991 2854 τ
3067 2819 3540 2876 inobedientiam
3587 2820 3812 2877 strenui

2153 2907 2407 2963 abbates
2433 2924 2502 2963 at;
2528 2907 2775 2964 comites
2805 2907 3012 2965 directi
3044 2913 3206 2980 sunt,
3240 2914 3314 2973 et,
3342 2914 3405 2966 ut
3436 2909 3719 2982 deinceps
3744 2909 3812 2965 il-

2151 2995 2349 3052 lorum
2372 2996 2820 3052 incursionibus
2847 2997 3080 3053 facilius
3129 2998 3335 3055 obsisti
3366 3003 3568 3072 queat,
3599 2997 3810 3054 classis

386 3091 554 3146 Tunc
580 3089 759 3144 etiam
789 3086 954 3143 Walo
985 3085 1147 3142 abba
1171 3089 1214 3154 ²,
1247 3086 1417 3141 cuius
1445 3085 1708 3142 consiliis
1730 3087 2042 3142 Lotharius
2073 3127 2114 3184 Ο
2151 3104 2402 3161 quaqua
2425 3102 2634 3144 versus
2674 3087 3016 3158 diligentius
3057 3104 3240 3162 parar
3263 3090 3432 3145 iussa
3463 3093 3568 3146 est.
3604 3088 3812 3146 Lotha-

382 3179 709 3252 plurimum
747 3176 1046 3246 utebatur,
1078 3175 1141 3231 in
1172 3174 1341 3231 Italia
1365 3175 1534 3232 obiit.

1005 3318 1416 3375 DCCCXXXVII

457 3447 786 3518 Imperator
807 3445 1010 3499 autem
1037 3445 1176 3514 post
1201 3441 1485 3497 natalitite
1538 3441 1902 3500 celebritatis
1941 3461 2038 3501 so-

383 3535 626 3601 lemnia,
655 3531 1071 3605 puriﬁcatione
1095 3531 1122 3569 ὒ
1150 3529 1344 3585 beatae
1370 3545 1608 3601 semper
1652 3531 1899 3602 virginis
1930 3536 2042 3591 Ma-

383 3624 483 3680 riae
513 3623 938 3696 episcoporum
978 3623 1344 3675 conventum
1401 3619 1462 3673 in
1500 3620 1684 3690 Aquis
1715 3620 1944 3685 habuit,
1977 3622 2039 3678 in

382 3728 507 3785 quo
539 3712 612 3767 de
642 3710 863 3766 sanctis
897 3707 996 3763 Dei
1023 3706 1286 3763 ecclesiis
1331 3706 1663 3779 plurimum
1721 3712 2038 3766 tractatum

381 3807 490 3872 est,
519 3807 576 3858 et
607 3799 755 3874 quid
785 3799 1002 3872 cuique
1025 3797 1230 3853 ordine
1260 3797 1504 3869 proprio
1553 3797 1913 3862 conveniret,
1935 3816 2039 3872 pa-

381 3892 668 3950 tefactum
694 3893 874 3961 atque
905 3885 1271 3960 descriptum
1303 3891 1408 3941 est.
1450 3886 1710 3959 Epistola
1747 3889 1925 3944 etiam
1956 3889 2035 3946 ab

381 3981 597 4039 eodem
642 3977 1078 4036 venerabilium
1131 3974 1556 4048 episcoporum
1609 3981 1909 4034 conventu
1957 3977 2037 4034 ad

380 4071 708 4144 Pippinum
736 4067 964 4124 directa
992 4069 1100 4136 est,
1123 4064 1186 4120 in
1215 4066 1238 4099 3
1289 4079 1414 4138 qua
1463 4079 1604 4120 eum
1650 4064 1858 4121 salutis
1911 4082 2035 4124 suae

378 4173 749 4231 magnopere
774 4157 1160 4224 monuerunt,
1183 4157 1240 4209 et
1263 4153 1534 4225 insuper,
1561 4157 1626 4209 ut
1655 4169 1889 4211 memor
1902 4172 2033 4213 mo-

379 4247 459 4303 ris
487 4245 942 4319 progenitorum
969 4257 1241 4317 suorum,
1263 4241 1567 4314 prmcipue
1587 4242 1841 4314 piissimi
1868 4247 2033 4314 geni-

377 4333 523 4391 toris
551 4333 764 4402 sui,res
787 4331 1180 4389 ecclesiarum
1195 4329 1296 4386 Dei
1317 4329 1553 4402 pridem
1584 4346 1622 4387 a
1645 4330 1768 4386 suis
1791 4332 2032 4392 invasas

379 4428 561 4498 atque
584 4422 852 4496 direptas
879 4420 1200 4492 integritati
1229 4435 1440 4477 earum
1463 4419 1814 4492 restitueret,
1842 4438 1919 4479 ne
1949 4430 2034 4482 ta-

2150 3178 2274 3234 rius
2305 3182 2505 3234 autem
2560 3177 2759 3234 clusas
2798 3179 2859 3234 in
2889 3178 3140 3251 Alpibus
3194 3178 3388 3235 muris
3440 3177 3810 3235 ﬁrmissimis

2149 3267 2362 3324 arctari
2393 3267 2694 3340 praecepit.
2723 3269 2791 3322 Et
2821 3266 3214 3332 Landbertus,
3249 3266 3556 3324 fautorum
3602 3267 3812 3324 Lotha-

2148 3354 2218 3412 rii
2249 3357 2573 3422 maximus,
2615 3359 2671 3412 et
2695 3358 2886 3427 Hugo,
2925 3371 3094 3412 socer
3141 3356 3318 3421 illius,
3351 3356 3668 3413 defunctus
3697 3360 3804 3413 est.

2149 3447 2379 3500 Interea
2405 3445 2714 3508 Brittones,
2749 3443 3022 3517 quadam
3064 3443 3384 3501 insolentia
3412 3445 3580 3514 moti,
3620 3444 3809 3502 rebel-

2147 3532 2270 3590 lare
2302 3534 2500 3590 conati
2553 3537 2721 3602 sunt;
2780 3549 3044 3606 quorum
3091 3540 3293 3590 motus
3339 3533 3667 3607 imperator
3721 3533 3809 3589 di-

2144 3626 2306 3678 recta
2329 3621 2707 3694 expeditione
2733 3621 2849 3677 cito
2879 3621 3637 3696 compressit,redditaque
3665 3638 3807 3679 nos-

2148 3710 2251 3766 tris
2284 3714 2437 3765 terra
2485 3714 2541 3765 et
2570 3709 2724 3765 datis
2769 3709 3105 3779 obsidibus,
3139 3709 3346 3766 ﬁdeles
3387 3728 3515 3767 sese
3558 3710 3803 3784 polliciti

2147 3803 2287 3854 sunt
2305 3814 2754 3872 permansuros.
2779 3801 2916 3854 Post
2949 3799 3078 3855 haec
3108 3800 3462 3857 adveniente
3493 3805 3672 3873 atque
3701 3816 3804 3857 an-

2144 3891 2367 3943 nuente
2393 3885 2654 3942 Ludoico
2679 3890 2736 3942 et
2754 3885 2953 3942 missis
2986 3887 3238 3960 Pippini,
3262 3889 3553 3961 omnique
3577 3888 3802 3962 populo

2144 3977 2249 4049 qui
2277 3979 2606 4049 praesentes
2650 3974 2710 4030 in
2763 3975 2950 4047 Aquis
2983 3975 3208 4047 palatio
3247 3976 3463 4033 adesse
3491 3977 3642 4032 iussi
3682 3977 3804 4033 fue-

2143 4070 2298 4135 rant,
2330 4064 2493 4121 dedit
2521 4063 2643 4120 ﬁlio
2696 4080 2806 4120 suo
2837 4064 3047 4122 Carolo
3097 4065 3432 4122 maximam
3490 4067 3802 4137 Belgarum

2143 4160 2402 4231 partem,
2434 4155 2496 4210 id
2521 4158 2613 4211 est
2643 4171 2680 4211 a
2709 4155 2865 4211 mari
2890 4171 2999 4227 per
3026 4155 3178 4212 ﬁnes
3201 4157 3476 4213 Saxonis:
3509 4173 3700 4231 usque
3722 4155 3802 4212 ad

2141 4247 2294 4302 ﬁnes
2325 4245 2749 4301 Bibuariorum
2778 4249 2969 4302 totam
2996 4246 3016 4280 ⁸
3055 4246 3326 4316 Frisiam,
3385 4252 3442 4304 et
3470 4263 3578 4320 per
3600 4247 3750 4303 ﬁnes
3787 4244 3803 4277 ‘

2143 4334 2567 4393 Ribuariorum
2634 4334 2953 4391 comitatus
3011 4334 3204 4393 Moilla
3241 4341 3280 4405 ‘,
3337 4337 3546 4406 Batua,
3621 4339 3800 4392 Ham-

2145 4425 2372 4482 melant
2399 4426 2441 4492 9,
2477 4426 2758 4495 Mosagao
2792 4441 2805 4494 ;
2861 4423 3080 4481 deinde
3119 4441 3262 4484 vero
3303 4425 3602 4498 quidquid
3650 4424 3800 4483 inter

1681 4520 2074 4582 VARIANTES
2132 4523 2520 4581 LECTIONES

452 4597 468 4630 ¹
502 4595 883 4652 Dorestatum
917 4591 1132 4665 Chesji.
1187 4589 1422 4665 ’Abbas
1440 4590 1515 4644 B.
1567 4591 1780 4665 f’Deest
1798 4591 1909 4665 Ch.
1982 4596 2003 4628 ἰ
2035 4594 2293 4653 Easdem
2317 4592 2808 4665 rescriptionibus
2834 4593 2971 4665 Ch,
3013 4595 3034 4628 τ’
3061 4595 3133 4649 In
3155 4595 3792 4665 autographosinedu-

379 4667 472 4723 bio
494 4667 678 4723 anulo
693 4667 932 4737 legitur.
991 4665 1012 4738 *ξ
1038 4663 1147 4738 Ch.
1169 4667 1222 4718 et
1245 4663 1319 4738 Β,
1349 4661 1646 4738 disposita
1667 4661 1865 4738 Frisia:
1885 4665 2311 4738 maritimaque
2331 4661 2635 4738 custodia;
2656 4665 2817 4738 quod
2831 4665 2918 4738 ita
2932 4661 3330 4738 deprecaturi:
3346 4661 3468 4723 esse
3477 4669 3796 4738 puto,quia

370 4739 689 4810 propriam
703 4734 858 4794 vocis
875 4734 1168 4794 Maritima
1194 4735 1313 4790 vim
1333 4749 1454 4789 non
1467 4734 1902 4791 intellexerint.
1960 4739 1978 4771 τ
2008 4734 2426 4805 Fresnionum,
2447 4734 2681 4793 Chesn.’
2716 4735 2738 4770 ⁸
2766 4739 2807 4790 t.
2841 4737 2899 4791 F.
2925 4739 3070 4807 etp.
3092 4735 3136 4792 f.
3156 4739 3220 4794 R.
3237 4737 3399 4794 deest
3413 4734 3524 4796 Cit.
3577 4740 3597 4772 ⁹

3682 4755 3796 4798 anc

445 4931 464 4998 ξ
487 4927 682 4998 Fratre
709 4922 1088 4998 imperatoris
1111 4940 1124 4991 ;
1145 4921 1218 4977 cf.
1244 4921 1437 4998 Vitam
1453 4920 1762 4998 Ludovici,
1793 4837 2474 4998 cap.551‘f%T%ampapia
2492 4921 2871 4998 et‘Mqritingq
2884 4937 2985 4998 me
2991 4921 3214 4998 legisse
3221 4923 3619 4998 memini,non
3633 4927 3793 4998 quod

443 4996 471 5036 ιι
501 4997 602 5051 Hic
624 4991 971 5066 conventus,
985 5009 1147 5050 anno
1175 4991 1468 5066 superiori
1495 4991 1739 5066 habitus
1771 4991 1888 5066 est,
1915 5009 2028 5066 nec

373 5067 472 5123 die
501 5065 930 5123 Puriﬁcationis
957 5065 1148 5121 beatae
1177 5063 1457 5136 Virginis,
1483 5063 1588 5136 sed
1617 5068 1785 5136 sexta
1813 5063 1909 5120 die
1948 5065 2028 5122 fe-

371 5137 619 5208 bruarii,
647 5142 712 5194 ut
735 5137 1154 5192 demonstrant
1182 5134 1384 5206 verba,
1421 5134 1645 5208 Quibus
1669 5135 2023 5192 inchoatur:

375 5209 523 5267 Cum
558 5207 1028 5266 cenvenissemus
1060 5208 1389 5277 episcopi...
1412 5207 1789 5277 Aquisgrani
1805 5207 2031 5276 palatii

372 5282 436 5338 in
465 5282 784 5338 secretario
809 5280 1069 5336 basilica:
1088 5284 1310 5335 saneta:
1332 5279 1654 5334 Genetricis
1666 5279 1780 5334 Dei
1793 5279 2024 5350 Mariae,

371 5354 532 5424 quod
556 5353 782 5409 dicitur
794 5350 1134 5424 Lateranis,
1167 5365 1326 5424 anno
1357 5351 1799 5424 incargiatz‘onz's
1827 5351 2029 5406 Domi-

372 5421 440 5479 ἠέ
473 5425 838 5481 NostriJesu
865 5422 1096 5479 Christi
1131 5425 1234 5478 836
1264 5421 1476 5478 indict.
1531 5421 1616 5492 14,
1677 5436 1839 5479 anno
1888 5437 2027 5479 vero

372 5495 611 5564 imperii
636 5495 916 5564 praedicti
936 5494 1186 5549 Cz-L’sam's
1206 5497 1296 5562 23,
1326 5495 1357 5547 8
1379 5494 1602 5548 scilicet
1633 5494 1851 5549 Iduum
1867 5509 2030 5550 men-

373 5567 450 5619 sis
472 5568 794 5621 Februarii
816 5569 1089 5628 Bormum.

445 5639 699 5708 {Frisiis
725 5638 1164 5708 Maritiquue
1191 5637 1254 5708 h.
1286 5652 1337 5691 e.
1364 5635 1564 5708 Frisiae
1585 5641 1641 5693 et
1675 5637 2026 5708 Seelandiae,

377 5704 590 5762 eodem
619 5707 804 5763 modo
824 5721 946 5776 quo
986 5704 1289 5764 ineharﬁs
1309 5707 1492 5765 medii
1533 5708 1646 5764 aevi
1677 5709 1844 5767 haud
1864 5704 2025 5780 raro,

2137 4993 2509 5068 Seelaudiaa
2525 4993 3096 5068 Frisia,et_Maritima
3118 5009 3156 5050 a
3174 4995 3505 5068 Campania
3525 4993 3794 5056 Romana

2135 5081 2385 5139 prorsus
2406 5064 2678 5139 diversas,
2703 5063 2812 5120 Sed
2827 5064 2992 5138 quod
3013 5081 3225 5139 earum
3249 5063 3450 5139 partes
3481 5067 3718 5126 fuerint.

2209 5137 2230 5166 “
2247 5136 2633 5208 Nordmanni
2660 5136 2866 5208 usque
2885 5138 3168 5194 continuo
3199 5136 3570 5196 recesserunt
3595 5155 3668 5196 ex
3682 5156 3788 5197 no-

2139 5208 2275 5265 stris
2307 5208 2590 5280 decerpta
2616 5207 2678 5263 in
2705 5207 2988 5280 chronico
3032 5209 3107 5264 de
3149 5211 3330 5280 gestis
3374 5212 3788 5270 Nordmanno-

2137 5296 2274 5337 rum
2305 5280 2377 5354 in_
2399 5279 2664 5354 Eraneia,
2691 5279 2858 5354 quod
2882 5279 3037 5354 infra
3065 5279 3363 5354 sequetur.

2210 5361 2231 5388 ο
2256 5351 2569 5408 Walehern
2590 5351 2652 5407 in
2685 5350 3017 5408 Sﬁeclandia.

2209 5421 2224 5452 '
2251 5423 2374 5480 Per
2398 5424 2547 5504 fines
2566 5421 2914 5504 idestiude
2942 5439 2980 5504 ᾳ
3004 5425 3225 5504 ﬁnibus
3247 5443 3264 5504 ξ
3284 5426 3601 5484 comitatus
3630 5426 3784 5504 enim

2133 5495 2265 5570 jam
2293 5493 2651 5570 nominandi
2678 5494 2883 5570 Frisizr,
2914 5500 2971 5550 et
2999 5493 3322 5554 Austrasize
3351 5504 3570 5570 partes,
3618 5502 3673 5553 et
3710 5499 3783 5553 ad

2139 5568 2292 5621 tinos
2315 5567 2734 5622 Ribuariorum
2760 5567 2852 5622 siti
2885 5572 3074 5624 crant.

2211 5669 2236 5706 ε
2260 5637 2587 5695 Comitatus
2611 5638 2812 5695 Moilla
2827 5639 2904 5695 ad
2924 5639 3208 5697 Vahalem
3236 5641 3295 5696 in
3309 5639 3647 5696 conﬁnibus
3671 5641 3782 5696 Fri~

2141 5708 2244 5767 sia:
2274 5713 2331 5766 et
2361 5709 2656 5769 Ribuariae
2687 5710 3028 5782 ponendus,
3049 5711 3155 5769 ubi
3181 5712 3332 5771 inter
3352 5711 3779 5783 Noviomagum
