3950 6400
183 276 312 332 1381

1716 277 2066 337 ANNALES.

3505 291 3616 350 382

175 402 402 456 Mosam
441 400 498 455 et
549 399 896 471 Sequanam
940 415 1135 473 usque
1164 401 1245 458 ad
1273 402 1686 473 Burgundiam
1720 418 1846 459 una
1873 403 1924 458 A
1954 403 2238 463 dentibus
2267 407 2566 466 submersi
2610 413 2768 467 sunt.
2822 410 3152 468 Ludoicus6
3196 418 3400 471 autem
3429 417 3617 488 patris

175 504 316 544 cum
356 488 751 544 Viridunense
784 489 1063 554 constitit,
1095 495 1152 547 et
1179 490 1290 546 dell
1317 492 1668 563 Burgundia
1709 491 1844 548 Tul-

172 577 430 648 lensem,
469 579 941 649 Odornensemb,
988 580 1414 652 Bedensem”,
1464 581 1842 645 Blesinsem‘,

173 669 508 726 Pertinsem
522 677 564 733 °,
584 674 876 743 utrosque
898 673 1236 742 Barenses‘,
1266 673 1706 740 Brioneusem',
1730 671 1848 728 Tri-

173 756 505 824 cassinum,
555 756 1017 828 Altiodrensem,
1068 760 1452 831 Senonicum,
1497 759 1844 816 Wastinen-

174 845 366 917 semh,
406 845 914 915 Milidunensem‘,
965 849 1406 920 Stampensem,
1459 848 1842 911 Castrinsem,

171 935 565 1004 Parisiacum,
617 940 675 993 et
721 936 939 992 deinde
986 953 1096 1009 per
1146 940 1491 1010 Sequanam
1539 953 1735 1010 usque
1782 937 1844 992 in

171 1040 342 1082 mare
371 1041 690 1096 oceanum,
745 1029 802 1081 et
849 1041 956 1098 per
985 1025 1147 1082 idem
1179 1043 1346 1083 mare
1374 1043 1568 1100 usque
1608 1026 1687 1083 ad
1730 1025 1846 1081 Fri-

173 1113 372 1184 siam;
403 1130 616 1171 omnes
645 1113 920 1171 videlicet
953 1115 1362 1188 episcopatus,
1407 1115 1706 1184 abbatias,
1751 1130 1848 1170 co-

169 1203 439 1272 mitatus,
461 1203 667 1275 ﬁscos,
686 1207 744 1260 et
773 1204 979 1260 omnia
1004 1204 1164 1260 intra
1183 1206 1503 1278 praadictos
1528 1204 1680 1260 ﬁnes
1704 1219 1846 1260 con-

169 1292 441 1349 sistentia
465 1309 605 1348 cum
633 1292 920 1349 omnibus
944 1294 1021 1349 ad
1048 1309 1109 1349 se
1139 1293 1597 1366 pertinentibus,
1617 1293 1678 1349 in
1700 1309 1846 1366 qua-

167 1395 436 1452 cumque
466 1380 711 1451 regione
739 1380 1074 1437 consistant
1106 1399 1119 1436 :
1153 1381 1356 1454 sicque
1381 1381 1630 1452 jubente
1660 1381 1848 1452 impe-

163 1471 388 1535 ratore,
409 1467 472 1522 in
495 1467 591 1523 sui
619 1469 942 1540 praesentia
970 1469 1259 1542 episcopi,
1291 1469 1564 1536 abbatcs,
1597 1468 1846 1525 comites

166 1559 227 1612 et
255 1555 501 1612 vassalli
531 1555 820 1611 dominici
868 1556 930 1612 in
978 1557 1319 1613 memoratis
1358 1557 1506 1614 locis
1549 1557 1847 1614 beneﬁcia

164 1643 487 1709 habentes,
524 1641 738 1701 Carolo
770 1660 832 1700 se
876 1647 1477 1716 commendaverunt,
1513 1651 1570 1703 et
1597 1646 1845 1703 ﬁdelita-

165 1737 293 1791 tem
321 1737 700 1792 sacramento
726 1733 1141 1793 ﬁrmaverunt.

778 1882 1158 1940 DCCCXXXVI
1171 1885 1232 1939 ΙΙ.

241 2009 377 2064 Post
403 2007 532 2063 hinc
561 2008 819 2080 peractis
851 2023 1038 2064 sacrae
1060 2007 1420 2070 Nativitatis,
1447 2006 1842 2080 apparitionis

166 2099 352 2170 atque
381 2096 701 2153 oblationis
727 2096 1047 2153 dominicae
1070 2097 1572 2163 solemnitatibus,
1598 2096 1843 2152 inchoa-

165 2186 366 2258 tisque
414 2186 902 2256 Quadragesimze
943 2186 1209 2258 jejuniis,
1253 2185 1603 2258 imperatori
1644 2201 1842 2242 sermo

165 2274 448 2345 innotuit,
482 2275 850 2332 Ludoicum’
883 2275 1080 2331 fratris
1121 2275 1382 2331 Lotharii
1411 2277 1569 2332 intra
1602 2275 1843 2348 Alpium

167 2369 343 2437 septa
371 2364 741 2438 colloquium
763 2366 1116 2438 expetiisse3
1141 2384 1153 2435 ;
1189 2366 1356 2439 quod
1387 2366 1533 2438 quia
1563 2381 1624 2421 se
1654 2365 1843 2421 inscio

166 2453 630 2528 inconsultoque
669 2457 1163 2528 praesumpserat,
1209 2470 1366 2525 aegre
1399 2454 1548 2523 tulit,
1581 2453 1844 2510 directis-

164 2559 290 2618 que
333 2559 522 2616 quam
573 2544 880 2601 celerrime
927 2560 1426 2618 quaquaversum
1472 2544 1840 2616 cursoribus,

165 2633 526 2704 generaliter
570 2634 778 2690 ﬁdeles
826 2635 1094 2703 accersit,
1147 2650 1525 2707 propereque
1572 2634 1843 2706 undique

166 2723 635 2780 adcurrentibus
667 2724 932 2781 ﬁliorum
961 2731 1308 2798 suspectum
1339 2724 1709 2798 colloquium
1737 2741 1844 2798 pa-

166 2812 392 2880 tefacit,
431 2817 488 2869 et
527 2813 577 2869 si
615 2814 700 2870 ita
740 2814 1066 2871 necessitas
1115 2815 1394 2888 postulet,
1441 2815 1522 2870 ad
1567 2815 1844 2870 resisten-

167 2901 323 2958 dum
360 2902 778 2975 paratissimos
807 2908 1032 2960 monet.
1077 2905 1207 2970 Quo
1248 2904 1547 2960 Ludoicus
1578 2904 1838 2975 cognito,

168 2995 524 3048 octavarum
577 2996 800 3047 sanctae
843 2993 1084 3047 Paschaa
1125 2991 1551 3048 hebdomada‘
1589 2993 1842 3062 jubente

167 3084 343 3153 patre
372 3079 636 3150 advenit,
669 3080 1084 3152 subtiliterque
1113 3079 1440 3148 discussus,
1471 3080 1719 3137 tandem
1750 3095 1844 3137 sa-
1873 3112 1914 3168 α

167 3172 486 3226 cramento
518 3183 658 3224 cum
689 3168 803 3225 sibi
847 3169 1110 3226 maxime
1142 3168 1422 3240 credulis,
1466 3169 1618 3225 nihil
1657 3169 1845 3226 ﬁdeli-

166 3259 279 3317 tati
308 3258 499 3332 patris
551 3263 731 3332 atque
778 3259 996 3315 honori
1039 3258 1365 3316 adversum
1411 3259 1512 3315 illo
1542 3258 1843 3332 colloquio

164 3347 554 3420 meditatum,
585 3347 877 3416 ﬁrmavit;
922 3347 1128 3421 sicque
1170 3348 1423 3404 remisso
1453 3347 1532 3404 ad
1575 3348 1840 3420 propria,

167 3442 239 3494 ut
264 3453 474 3494 mense
503 3436 666 3493 maio
712 3437 1062 3510 imperatori
1106 3437 1168 3493 in
1209 3437 1585 3507 Noviomago
1631 3451 1841 3493 occur-

165 3529 348 3596 reret,
394 3526 736 3598 injunctum
784 3531 891 3583 est.
937 3530 1090 3584 Nam
1134 3526 1235 3582 illo
1281 3527 1450 3582 iuxta
1498 3527 1843 3583 condictum

169 3617 506 3689 imperator
532 3615 815 3689 progredi
834 3615 1218 3688 disponebat,
1243 3620 1542 3688 quatenus
1568 3632 1677 3672 sua
1696 3632 1844 3688 prse-

169 3705 368 3762 sentia
391 3705 689 3762 damnum
717 3706 884 3778 quod
915 3706 1089 3762 annis
1124 3705 1440 3779 praeteritis
1476 3706 1841 3778 piratarum5

167 3794 626 3866 importunitate
655 3798 1125 3868 nostrorumque
1156 3793 1391 3850 desidia
1412 3795 1744 3866 contigerat
1760 3795 1845 3850 vi-

168 3887 440 3954 taretur;
489 3883 820 3956 habitoque
871 3889 1170 3941 conventu
1214 3883 1507 3949 ﬁdelium,
1560 3885 1845 3957 copiosus

170 3974 335 4030 circa
353 3974 658 4031 maritima
679 3979 1013 4047 apparatus
1035 3974 1390 4030 distributus
1408 3978 1514 4031 est.
1533 3974 1689 4030 Inter
1703 3991 1841 4047 quae

171 4067 486 4120 Danorum
503 4064 710 4137 piratae
733 4065 929 4138 patria
950 4063 1198 4134 egressi,
1223 4067 1474 4135 ortoque
1501 4064 1702 4120 subito
1717 4080 1847 4121 ma-

170 4153 516 4212 ritimorum
540 4153 837 4210 ﬂuctuum
867 4152 1126 4220 turbine,
1167 4151 1266 4209 vix
1301 4151 1685 4224 paucissimis
1716 4169 1847 4209 eva-

1954 496 2309 568 prassentiae,
2349 499 2685 554 secundum
2729 499 2897 573 quod
2932 500 3171 571 jussum
3225 503 3436 568 fuerat,
3487 521 3617 563 sese

1954 583 2167 640 oﬂ‘erre
2213 602 2337 643 non
2363 587 2608 656 distulit,
2639 589 2969 662 habitaque
3013 607 3185 647 secus
3221 610 3411 666 quam
3442 611 3619 668 opor-

1954 677 2149 732 tuerat
2178 677 2618 734 conﬂictatione
2646 679 2994 746 verborum,
3023 680 3325 755 quidquid
3353 683 3508 740 ultra
3539 683 3618 740 ci-

1954 767 2164 837 traque
2213 765 2487 823 Rhenum
2532 768 2769 840 paterni
2809 769 2961 840 juris
3003 775 3421 843 usurpaverat,
3465 773 3616 828 reci-

1953 853 2153 925 piente
2173 860 2344 928 patre
2366 856 2932 927 amisit,Helisatiam
2952 857 3240 928 videlicet,
3267 861 3615 932 Saxoniam,

1953 944 2359 1013 Thoringiam,
2418 946 2722 1002 Austriam
2781 950 2960 1020 atque
3017 947 3462 1006 Alamanniam.
3521 954 3617 1006 In-

1954 1032 2129 1088 terim
2182 1035 2652 1091 Sarracenorum
2708 1035 2974 1108 piraticte
3021 1035 3244 1093 classes
3299 1037 3617 1094 Massiliam

1954 1121 2276 1178 Provinciae
2333 1123 2644 1190 irruentes,
2700 1123 2978 1181 abductis
3033 1125 3614 1196 sanctimonialibus,

1954 1225 2215 1282 quarum
2267 1212 2383 1268 illic
2435 1227 2560 1268 non
2606 1213 2848 1271 modica
2899 1215 3286 1285 congregatio
3335 1215 3615 1287 degebat,

1955 1297 2262 1364 omnibus,
2309 1303 2366 1355 et
2411 1299 2640 1355 cunctis
2670 1301 3009 1369 masculini,
3057 1318 3241 1358 sexus
3284 1302 3511 1359 clericis
3560 1304 3620 1358 et

1951 1385 2144 1459 laicis,
2175 1393 2530 1461 vastataque
2582 1388 2753 1460 urbe,
2799 1390 3113 1446 thesauros
3151 1407 3396 1464 quoque
3437 1391 3620 1447 eccle-

1957 1476 2186 1534 siarum
2241 1477 2454 1535 Christi
2504 1495 2711 1534 secum
2754 1479 3164 1536 universaliter
3210 1484 3618 1553 asportarunt.

1954 1565 2134 1636 Igitur
2188 1565 2517 1640 imperator
2554 1568 2634 1625 ad
2669 1568 2960 1641 placitum
3006 1585 3184 1624 suum
3214 1569 3511 1639 generale,
3539 1570 3618 1626 si-

1953 1659 2054 1711 cut
2103 1656 2472 1726 condixerat,
2529 1657 2834 1714 mediante
2878 1661 3152 1728 Augusto
3195 1659 3259 1714 in
3317 1659 3618 1717 Carisiaco

1951 1746 2258 1817 pervenit;
2291 1761 2416 1818 quo
2463 1746 2719 1819 Pippino
2763 1747 3030 1819 paternis
3075 1747 3387 1821 obsequiis
3436 1749 3617 1806 assis-

1952 1837 2110 1890 tente
2134 1840 2316 1907 atque
2346 1835 2603 1904 favente,
2631 1835 2798 1892 fratri
2827 1837 3061 1905 Carolo,
3087 1841 3231 1894 tunc
3255 1838 3496 1908 cingulo
3525 1839 3618 1894 in-

1951 1923 2191 1993 signito,
2221 1938 2364 1995 pars
2391 1923 2664 1980 Niustriae
2685 1924 2765 1981 ad
2787 1939 3057 1996 praesens
3077 1925 3220 1982 data
3239 1926 3618 1996 est,ducatus

1950 2011 2224 2067 videlicet
2253 2013 2754 2083 Cenomannicus,
2803 2014 3122 2086 omnisque
3169 2015 3436 2071 occiduas
3487 2015 3618 2072 Gal-

1951 2099 2046 2156 liae
2067 2117 2173 2158 ora
2192 2101 2349 2158 intra
2371 2102 2623 2172 Ligerim
2645 2107 2702 2158 et
2725 2105 3071 2176 Sequanam
3092 2105 3617 2162 constituta.Abso-

1949 2189 2196 2263 lutoque
2241 2195 2557 2262 conventu,
2603 2191 2730 2264 ipse
2779 2192 3067 2249 orationis
3116 2193 3308 2264 gratia
3354 2195 3614 2250 Parisius

1951 2284 2419 2354 sanctorumque
2474 2285 2812 2354 martyrum
2865 2281 3146 2337 basilicas
3193 2282 3424 2338 curavit
3468 2283 3616 2338 invi-

1951 2384 2101 2426 sere.
2152 2369 2505 2443 Directoque
2545 2369 2756 2426 Carolo
2794 2369 2855 2425 in
2883 2374 3086 2442 partes
3117 2371 3613 2440 Cenomannicas,

1949 2455 2078 2528 ipse
2116 2457 2177 2513 in
2226 2460 2464 2526 Veran,
2511 2458 2882 2531 Compendio
2925 2459 3256 2531 ceterisque
3302 2459 3615 2517 circumia~

1951 2544 2226 2601 centibus
2267 2545 2415 2602 locis
2455 2546 2762 2602 venationi
2799 2547 3081 2616 congruis
3118 2546 3336 2603 stativa
3376 2547 3611 2616 habuit,

1952 2636 2133 2705 atque
2188 2633 2476 2690 invitante
2520 2636 2790 2703 Hugone,
2835 2633 3015 2690 fratre
3054 2639 3109 2690 et
3153 2633 3314 2690 beati
3350 2634 3615 2698 Quintini

1950 2721 2234 2794 martyris
2253 2721 2602 2780 monasterii
2630 2722 2868 2786 abbate,
2893 2722 3164 2778 eiusdem
3189 2724 3470 2796 martyris
3500 2723 3615 2779 fes-

1951 2811 2172 2868 tivitate
2216 2811 2547 2868 honoriﬁce
2594 2810 2986 2884 alacriterque
3017 2811 3337 2878 celebrata,
3369 2812 3613 2870 Attinia-

1951 2917 2092 2957 cum
2139 2901 2516 2974 perveniens,
2578 2900 2858 2958 Carolum
2914 2901 3266 2959 redeuntem
3324 2903 3608 2975 suscepit.

1954 2991 2064 3046 Ubi
2110 2991 2290 3048 etiam
2328 2990 2497 3046 missi
2545 2989 2764 3046 Horich
2811 2990 3133 3059 venientes,
3178 2992 3511 3062 piratarum
3548 2993 3611 3048 in

1950 3083 2187 3136 nostros
2214 3079 2366 3135 ﬁnes
2386 3078 2620 3134 dudum
2647 3077 3002 3134 irruentium
3033 3079 3333 3135 maximos
3363 3096 3400 3137 a
3429 3097 3491 3136 se
3529 3081 3610 3137 ob

1949 3169 2326 3242 imperatoris
2341 3167 2688 3225 ﬁdelitatem
2708 3171 2916 3240 captos
2937 3172 3118 3240 atque
3142 3167 3396 3225 interﬁci
3409 3171 3608 3227 iussos

1949 3257 2295 3326 retulerunt,
2350 3260 2619 3329 petentes
2673 3255 2922 3327 insuper
2976 3255 3088 3311 sibi
3135 3256 3267 3313 dari
3313 3258 3611 3315 Frisianos

1951 3353 2130 3419 atque
2159 3345 2506 3402 Abodritos.
2538 3345 2719 3416 Cujus
2749 3345 2973 3416 petitio,
3004 3350 3235 3418 quanto
3263 3346 3612 3420 imperatori

1948 3437 2233 3493 indecens
2288 3437 2412 3492 sive
2466 3435 2800 3505 incongrua
2856 3435 2987 3491 visa
3043 3440 3153 3506 est,
3212 3441 3380 3494 tanto
3435 3438 3611 3494 vilius

1951 3529 2152 3598 spreta
2180 3529 2237 3581 et
2260 3541 2371 3599 pro
2400 3524 2587 3580 nihilo
2613 3523 2795 3580 ducta
2823 3528 2932 3581 est.
2965 3527 3182 3580 Verum
3221 3525 3457 3598 pridem
3501 3526 3613 3583 im-

1950 3618 2224 3687 peratore
2255 3614 2314 3670 in
2344 3629 2527 3670 verno
2569 3612 2950 3670 venationem
2979 3619 3308 3683 exercente,
3357 3615 3613 3685 Adalga-

1951 3705 2076 3761 rius
2103 3709 2159 3761 et
2187 3703 2352 3774 Egilo
2377 3719 2601 3772 comes,
2635 3702 2715 3758 ad
2743 3702 3062 3758 Abodritos
3093 3708 3150 3759 et
3174 3704 3384 3759 Wilzos
3425 3721 3461 3760 a
3489 3705 3611 3761 ﬁde

1953 3793 2299 3850 deﬁcientes
2339 3793 2575 3849 dudum
2622 3791 2848 3858 directi,
2879 3791 3101 3847 reversi
3145 3797 3302 3861 sunt,
3334 3793 3611 3850 adductis

1954 3899 2158 3940 secum
2213 3881 2530 3938 obsidibus
2587 3880 2933 3953 imperatori
2997 3880 3282 3954 deinceps
3338 3883 3613 3940 subditos

1954 3972 2080 4029 fore
2126 3970 2493 4027 nuntiantes.
2551 3970 2882 4041 Imperator
2933 3985 3074 4025 vero
3131 3975 3392 4044 ereptum
3441 3989 3614 4045 pera-

1956 4077 2104 4133 gens
2132 4059 2261 4131 iter,
2293 4059 2375 4116 ad
2403 4056 2857 4115 Franconofurd
2883 4057 3195 4115 hiemandi
3243 4061 3435 4131 gratia
3469 4078 3611 4134 pro-

1957 4153 2148 4208 fectus
2179 4153 2286 4206 est.
2316 4147 2607 4221 Eclipsin"
2640 4146 2788 4203 luna
2816 4147 3266 4219 quintadecima
3286 4150 3486 4208 medio
3505 4167 3613 4208 no-

1470 4249 1882 4308 VARIANTES
1921 4249 2326 4306 LECTIONES.

171 4324 374 4381 Meam
404 4324 811 4381 coniecturam
841 4339 902 4380 se
930 4324 1122 4394 ipsam
1147 4323 1534 4394 defensuram
1565 4337 1684 4394 esse
1715 4323 1962 4392 conﬁdo.
1995 4322 2210 4394 Chesn.
2245 4325 2298 4376 et
2319 4321 2756 4394 Boiiquegunt
2783 4317 2993 4394 Moilla,
3024 4321 3352 4394 Ettraham,
3375 4322 3609 4391 Melant,

172 4396 472 4452 Nithardi
502 4395 755 4452 historia
789 4394 888 4450 lib.
919 4391 971 4450 f.
1000 4411 1132 4464 cap.
1163 4391 1226 4448 6.
1252 4391 1466 4466 ltioilla.
1500 4392 1649 4466 Halt,
1680 4392 2194 4466 Trahammolant,
2225 4392 2386 4466 quod
2425 4393 2696 4466 Yalezius
2731 4392 2983 4466 corrigit
3011 4392 3222 4460 Moilla,
3250 4395 3611 4466 Hattuarias,

174 4466 584 4524 Hammolant.
664 4469 682 4502 ί
715 4467 876 4523 deest
922 4466 1031 4522 Ch.
1072 4461 1085 4464 “
1109 4467 1131 4500 ²
1163 4464 1450 4520 Lodicum
1498 4464 1611 4520 Ch.
1688 4465 1710 4498 ³
1739 4465 2046 4524 Exnetisse
2093 4461 2200 4522 Ch.
2234 4461 2251 4464 “
2278 4465 2300 4498 ⁴
2327 4462 2683 4522 Ebdomada
2724 4461 2836 4518 Ch.

2912 4463 2934 4497 ⁵
2958 4465 3312 4534 Pyratarum
3357 4464 3491 4528 Ch.,
3524 4463 3612 4522 ita

173 4540 428 4609 plurales.
508 4541 530 4575 ⁶
561 4537 855 4596 Lodoicus
887 4537 997 4595 Ch.
1075 4539 1095 4572 ⁷
1130 4535 1412 4609 Eclypsin
1445 4534 1658 4593 Chesn.
1691 4534 1952 4594 scribere
1979 4537 2147 4593 solet.

178 4731 238 4784 et
268 4725 832 4802 schengenschantz
862 4725 1178 4802 hodieque
1226 4723 1720 4802 vicus__lliillingen
1749 4637 2210 4802 οῗρὲξιλξθιιὶοιζ
2223 4724 2428 4802 adhuc
2458 4725 2678 4783 saeculo
2706 4728 2982 4798 proxime
3011 4728 3223 4802 elapso
3269 4731 3435 4802 Pays
3480 4731 3612 4790 Ble-

179 4796 572 4871 currit;pagi
600 4801 808 4863 Batua,
858 4796 1244 4856 Hammolant
1288 4800 1346 4853 et
1387 4799 1668 4868 Mosagao
1699 4797 1844 4854 satis

177 4871 327 4928 noti.

250 4951 278 4977 ει
304 4944 393 5015 De
412 4945 478 4998 ut
507 4957 693 5015 supra
716 4957 853 5015 per,
866 4941 1031 5015 idem
1077 4955 1150 5015 ac
1177 4940 1315 4997 inde
1336 4954 1373 4996 a
1399 4957 1417 5015 ί
1431 4956 1592 5015 Διιεωι
1630 4956 1843 5015 omnes

178 5013 325 5098 pagi
358 5014 491 5095 jam
529 5010 1091 5094 re'censendiextra
1139 5010 1550 5082 Burgundiam
1592 5013 1844 5086 eiusque

178 5102 243 5142 1n
269 5084 612 5141 conﬁnibus
638 5085 911 5142 collocati
937 5087 1128 5140 erant.

433 5100 612 5140 DlDllS
638 5100 911 5140 couocau
937 5100 1128 5140 erant.

177 5102 243 5142 1n
269 5101 612 5141 comminus
638 5101 911 5142 couocau
937 5101 1128 5140 erant.

252 5157 282 5197 δ
308 5156 400 5212 Ad
429 5156 624 5213 fontes
655 5156 910 5213 Odornae
931 5156 1050 5227 sive
1082 5157 1277 5227 Ornae,
1302 5153 1621 5227 quaeinfra
1650 5155 1846 5225 Vztry-

183 5229 579 5301 le-Francaisg
593 5226 1162 5301 Matronaminﬂuit,
1185 5225 1348 5301 Ραῃέ
1369 5225 1664 5301 d'Ornois.

253 5308 277 5335 °
308 5296 504 5370 Pagus
522 5299 620 5356 hic
644 5299 798 5356 inter
816 5297 1158 5354 Tullensem
1189 5301 1245 5353 et
1268 5297 1606 5370 Blesensem
1621 5296 1684 5352 in
1707 5299 1846 5352 Bas-

181 5368 417 5428 siniaco
444 5371 593 5428 situs
623 5370 837 5439 fuerit;
863 5386 1009 5427 nam
1037 5385 1250 5426 vocem
1290 5368 1369 5441 ab
1396 5368 1673 5441 imperito
1701 5383 1850 5440 quo«

369 5443 670 5522 intrusam
716 5458 871 5522 esse,
922 5439 1374 5522 statuihnequit,
1420 5439 1589 5512 quod
1626 5439 1763 5496 eam
1792 5442 1848 5496 et

184 5514 509 5570 Nithardus
529 5519 582 5571 1.
617 5516 658 5570 Ι.
689 5530 741 5571 c.
774 5517 824 5570 6.
857 5514 1149 5582 agnoscit.

255 5585 282 5624 τι
313 5589 469 5642 Inter
499 5581 921 5643 ()dorncnscm’
960 5589 1017 5640 et
1061 5586 1436 5653 Barrensem,
1480 5582 1559 5639 ad
1595 5581 1848 5637 ﬂuvium

185 5658 389 5731 Bloise
434 5657 541 5731 qui
561 5660 921 5731 _M_atronar_n_
947 5654 1270 5731 inﬂuit,_in_
1308 5671 1432 5728 quo
1463 5671 1515 5731 e_.
1548 5670 1605 5731 g.
1641 5655 1848 5726 Blesy,

182 5726 793 5796 Blaize-lé-Chdteau,
842 5728 1297 5799 Blezy-au-Bois
1321 5726 1349 5797 ξ
1364 5726 1511 5800 pagi
1537 5727 1668 5797 ejus
1708 5740 1850 5798 pars

1954 4797 2072 4853 sois
2094 4795 2398 4852 audiebat.

2025 4876 2046 4944 ὲ
2072 4867 2162 4944 Ad
2188 4868 2551 4944 Matronam,
2580 4868 2644 4925 in
2671 4886 2814 4944 quo,
2838 4886 2891 4928 e.
2924 4873 3202 4944 g.Pertes
3223 4873 3381 4931 infra
3411 4875 3612 4933 Saint-

1953 4940 2170 5007 Dizier,
2204 4942 2262 4994 et
2286 4939 2563 4996 Pontion.

2024 5012 2045 5047 ι
2068 5016 2134 5083 In
2163 5009 2388 5083 quibus
2411 5011 2877 5071 Bar-sur-Seine
2905 5021 2958 5072 et
2988 5017 3468 5079 Bar-sur—Aube.

2026 5097 2051 5160 β
2079 5082 2268 5160 Circa,
2290 5083 2573 5160 Brieune,
2605 5085 2845 5160 Troyes,
2871 5089 3168 5160 Auxerre,
3191 5091 3362 5149 Sens.

2023 5153 2047 5184 ¹¹
2074 5155 2158 5210 Le
2186 5155 2483 5234 Gastinqis
2507 5172 2528 5234 ;_
2553 5153 2742 5234 quod'
2767 5164 2976 5229 postea
3022 5164 3079 5234 et
3118 5153 3350 5234 pagum
3393 5165 3612 5222 Milidu—

1954 5241 2207 5306 nensem
2226 5225 2790 5306 complectebatur}
2824 5245 3023 5306 pagus
3050 5225 3614 5306 interfAureliancn-

1955 5313 2106 5374 sem,
2127 5296 2731 5374 Antissioidorensem,
2757 5296 3140 5374 Senonicum,
3158 5304 3612 5364 Milidunensem

1957 5372 2014 5425 et
2042 5370 2461 5440 Stampensem
2487 5368 2632 5424 situs
2653 5368 2799 5427 erat.

2029 5438 2260 5516 ‘_(_lirca,
2284 5440 2514 5516 Melan,
2542 5442 2846 5516 Etampes,
2881 5445 3188 5516 Chartres,
3218 5449 3418 5505 Paris.

2029 5513 2319 5580 jVernum
2352 5510 2520 5584 locus
2543 5517 2629 5568 est
2651 5510 2766 5569 Ver
2786 5513 2998 5584 dictus,
3023 5510 3324 5584 Crispiaco
3354 5525 3411 5576 et
3441 5521 3611 5577 Silvm

1960 5597 2032 5665 ac
2062 5587 2240 5665 Isara:
2264 5582 2676 5665 propinquus.
2698 5589 2764 5665 Et
2783 5593 2937 5665 certe
2965 5582 3026 5665 in
3054 5582 3266 5665 iisdem
3293 5593 3614 5649 annalibus

1957 5653 2038 5737 ad
2060 5669 2115 5710 a.
2140 5653 2453 5737 877.;Ver'ni
2471 5653 2620 5711 situs
2641 5655 2990 5737 designatur
3007 5661 3160 5737 inter
3175 5664 3614 5737 Compendium

1957 5729 2014 5783 et
2041 5724 2479 5783 monasterium
2509 5728 2702 5786 sancti
2726 5724 3008 5803 Dionysii.
3043 5732 3216 5797 Bouo.
