  <div class='ocr_page' id='page_1' title='image "/cluster/home/n/w/nwhite01/storage/ocr_20150623/115-116/uc1.31175006916467/699.png"; bbox 0 0 3950 6384; ppageno 0'>
   <div class='ocr_carea' id='block_1_1' title="bbox 418 257 552 315">
    <p class='ocr_par' dir='ltr' id='par_1_1' title="bbox 418 257 552 315">
     <span class='ocr_line' id='line_1_1' title="bbox 418 257 552 315; baseline -0.022 0"><span class='ocrx_word' id='word_1_1' title='bbox 418 257 552 315; x_wconf 68' lang='grc'><strong>1383</strong></span> 
     </span>
    </p>
   </div>
   <div class='ocr_carea' id='block_1_2' title="bbox 1497 247 2771 314">
    <p class='ocr_par' dir='ltr' id='par_1_2' title="bbox 1497 247 2771 314">
     <span class='ocr_line' id='line_1_2' title="bbox 1497 247 2771 314; baseline -0.005 -3"><span class='ocrx_word' id='word_1_2' title='bbox 1497 257 1553 311; x_wconf 89' lang='lat' dir='ltr'><strong>S.</strong></span> <span class='ocrx_word' id='word_1_3' title='bbox 1597 252 1976 314; x_wconf 79' lang='lat' dir='ltr'><strong>PRUDENTII</strong></span> <span class='ocrx_word' id='word_1_4' title='bbox 2014 247 2398 312; x_wconf 70' lang='lat' dir='ltr'><strong>TRECENSIS</strong></span> <span class='ocrx_word' id='word_1_5' title='bbox 2440 249 2771 307; x_wconf 86' lang='lat' dir='ltr'><strong>EPISCOPI.</strong></span> 
     </span>
    </p>
   </div>
   <div class='ocr_carea' id='block_1_3' title="bbox 3727 252 3877 306">
    <p class='ocr_par' dir='ltr' id='par_1_3' title="bbox 3727 252 3877 306">
     <span class='ocr_line' id='line_1_3' title="bbox 3727 252 3877 306; baseline -0.007 -2"><span class='ocrx_word' id='word_1_6' title='bbox 3727 252 3877 306; x_wconf 73' lang='grc'><strong>1384</strong></span> 
     </span>
    </p>
   </div>
   <div class='ocr_carea' id='block_1_4' title="bbox 414 370 3879 452">
    <p class='ocr_par' dir='ltr' id='par_1_4' title="bbox 414 370 3879 452">
     <span class='ocr_line' id='line_1_4' title="bbox 414 370 3879 452; baseline -0.002 -17"><span class='ocrx_word' id='word_1_7' title='bbox 414 378 520 436; x_wconf 86' lang='lat' dir='ltr'><strong>etis</strong></span> <span class='ocrx_word' id='word_1_8' title='bbox 551 382 752 437; x_wconf 85' lang='lat' dir='ltr'><strong>Nonas</strong></span> <span class='ocrx_word' id='word_1_9' title='bbox 780 378 1119 437; x_wconf 83' lang='lat' dir='ltr'><strong>Decembris</strong></span> <span class='ocrx_word' id='word_1_10' title='bbox 1140 393 1322 451; x_wconf 86' lang='lat' dir='ltr'><strong>passa</strong></span> <span class='ocrx_word' id='word_1_11' title='bbox 1341 382 1449 436; x_wconf 91' lang='lat' dir='ltr'><strong>est.</strong></span> <span class='ocrx_word' id='word_1_12' title='bbox 1472 379 1763 452; x_wconf 89' lang='lat' dir='ltr'><strong>Pippinus</strong></span> <span class='ocrx_word' id='word_1_13' title='bbox 1791 379 1950 437; x_wconf 88' lang='lat' dir='ltr'><strong>ﬁlius</strong></span> <span class='ocrx_word' id='word_1_14' title='bbox 1975 377 2082 433; x_wconf 88' lang='lat' dir='ltr'><strong>im-</strong></span> <span class='ocrx_word' id='word_1_15' title='bbox 2109 378 2160 435; x_wconf 79' lang='grc' dir='ltr'><strong>Α</strong></span> <span class='ocrx_word' id='word_1_16' title='bbox 2190 372 2350 442; x_wconf 86' lang='lat' dir='ltr'><strong>giam</strong></span> <span class='ocrx_word' id='word_1_17' title='bbox 2378 388 2513 444; x_wconf 81' lang='lat' dir='ltr'><strong>quas</strong></span> <span class='ocrx_word' id='word_1_18' title='bbox 2545 372 2863 448; x_wconf 77' lang='lat' dir='ltr'><strong>Bodomab</strong></span> <span class='ocrx_word' id='word_1_19' title='bbox 2889 371 3106 429; x_wconf 84' lang='lat' dir='ltr'><strong>dicitur</strong></span> <span class='ocrx_word' id='word_1_20' title='bbox 3127 370 3494 443; x_wconf 80' lang='lat' dir='ltr'><strong>properavit.</strong></span> <span class='ocrx_word' id='word_1_21' title='bbox 3527 374 3775 429; x_wconf 91' lang='lat' dir='ltr'><strong>Interea</strong></span> <span class='ocrx_word' id='word_1_22' title='bbox 3793 371 3879 429; x_wconf 90' lang='lat' dir='ltr'><strong>la-</strong></span> 
     </span>
    </p>
   </div>
   <div class='ocr_carea' id='block_1_5' title="bbox 411 467 2079 543">
    <p class='ocr_par' dir='ltr' id='par_1_5' title="bbox 411 467 2079 543">
     <span class='ocr_line' id='line_1_5' title="bbox 411 467 2079 543; baseline -0.004 -16"><span class='ocrx_word' id='word_1_23' title='bbox 411 468 724 543; x_wconf 86' lang='lat' dir='ltr'><strong>peratoris,</strong></span> <span class='ocrx_word' id='word_1_24' title='bbox 739 484 843 523; x_wconf 84' lang='lat' dir='ltr'><strong>rex</strong></span> <span class='ocrx_word' id='word_1_25' title='bbox 863 467 1220 541; x_wconf 54' lang='lat' dir='ltr'><strong>Aquitania,</strong></span> <span class='ocrx_word' id='word_1_26' title='bbox 1234 468 1373 525; x_wconf 84' lang='lat' dir='ltr'><strong>Idus</strong></span> <span class='ocrx_word' id='word_1_27' title='bbox 1398 470 1741 527; x_wconf 79' lang='lat' dir='ltr'><strong>Decembris</strong></span> <span class='ocrx_word' id='word_1_28' title='bbox 1762 470 2079 526; x_wconf 79' lang='lat' dir='ltr'><strong>defunctus</strong></span> 
     </span>
    </p>
   </div>
   <div class='ocr_carea' id='block_1_6' title="bbox 412 555 2084 631">
    <p class='ocr_par' dir='ltr' id='par_1_6' title="bbox 412 555 2084 631">
     <span class='ocr_line' id='line_1_6' title="bbox 412 555 2084 631; baseline -0.003 -14"><span class='ocrx_word' id='word_1_29' title='bbox 412 559 520 625; x_wconf 84' lang='lat' dir='ltr'><strong>est,</strong></span> <span class='ocrx_word' id='word_1_30' title='bbox 551 555 767 613; x_wconf 85' lang='lat' dir='ltr'><strong>relictis</strong></span> <span class='ocrx_word' id='word_1_31' title='bbox 798 556 1040 613; x_wconf 74' lang='lat' dir='ltr'><strong>duobus</strong></span> <span class='ocrx_word' id='word_1_32' title='bbox 1068 556 1202 615; x_wconf 87' lang='lat' dir='ltr'><strong>ﬁliis</strong></span> <span class='ocrx_word' id='word_1_33' title='bbox 1234 558 1485 631; x_wconf 91' lang='lat' dir='ltr'><strong>Pippino</strong></span> <span class='ocrx_word' id='word_1_34' title='bbox 1531 562 1589 616; x_wconf 91' lang='lat' dir='ltr'><strong>et</strong></span> <span class='ocrx_word' id='word_1_35' title='bbox 1627 559 1858 617; x_wconf 87' lang='lat' dir='ltr'><strong>Carolo.</strong></span> <span class='ocrx_word' id='word_1_36' title='bbox 1902 556 2084 614; x_wconf 88' lang='lat' dir='ltr'><strong>Proﬁ-</strong></span> 
     </span>
    </p>
   </div>
   <div class='ocr_carea' id='block_1_7' title="bbox 412 644 2080 720">
    <p class='ocr_par' dir='ltr' id='par_1_7' title="bbox 412 644 2080 720">
     <span class='ocr_line' id='line_1_7' title="bbox 412 644 2080 720; baseline -0.002 -16"><span class='ocrx_word' id='word_1_37' title='bbox 412 644 657 706; x_wconf 85' lang='lat' dir='ltr'><strong>ciscenti</strong></span> <span class='ocrx_word' id='word_1_38' title='bbox 693 645 872 718; x_wconf 79' lang='lat' dir='ltr'>igitur</span> <span class='ocrx_word' id='word_1_39' title='bbox 909 646 1261 720; x_wconf 81' lang='lat' dir='ltr'><strong>imperatori</strong></span> <span class='ocrx_word' id='word_1_40' title='bbox 1291 647 1612 705; x_wconf 86' lang='lat' dir='ltr'><strong>nunciatus</strong></span> <span class='ocrx_word' id='word_1_41' title='bbox 1643 655 1731 707; x_wconf 89' lang='lat' dir='ltr'><strong>est</strong></span> <span class='ocrx_word' id='word_1_42' title='bbox 1759 647 2080 715; x_wconf 89' lang='lat' dir='ltr'><strong>Ludoicus,</strong></span> 
     </span>
    </p>
   </div>
   <div class='ocr_carea' id='block_1_8' title="bbox 410 733 2082 810">
    <p class='ocr_par' dir='ltr' id='par_1_8' title="bbox 410 733 2082 810">
     <span class='ocr_line' id='line_1_8' title="bbox 410 733 2082 810; baseline -0.003 -15"><span class='ocrx_word' id='word_1_43' title='bbox 410 733 571 795; x_wconf 88' lang='lat' dir='ltr'><strong>ﬁlius</strong></span> <span class='ocrx_word' id='word_1_44' title='bbox 593 736 745 810; x_wconf 84' lang='lat' dir='ltr'><strong>ejus,</strong></span> <span class='ocrx_word' id='word_1_45' title='bbox 777 736 1231 795; x_wconf 87' lang='lat' dir='ltr'><strong>Franconofurd</strong></span> <span class='ocrx_word' id='word_1_46' title='bbox 1255 738 1580 797; x_wconf 89' lang='lat' dir='ltr'><strong>hostilibus</strong></span> <span class='ocrx_word' id='word_1_47' title='bbox 1605 739 1859 798; x_wconf 89' lang='lat' dir='ltr'><strong>vallatus</strong></span> <span class='ocrx_word' id='word_1_48' title='bbox 1889 736 2082 807; x_wconf 85' lang='lat' dir='ltr'><strong>agmi-</strong></span> 
     </span>
    </p>
   </div>
   <div class='ocr_carea' id='block_1_9' title="bbox 408 824 2082 899">
    <p class='ocr_par' dir='ltr' id='par_1_9' title="bbox 408 824 2082 899">
     <span class='ocr_line' id='line_1_9' title="bbox 408 824 2082 899; baseline -0.001 -16"><span class='ocrx_word' id='word_1_49' title='bbox 408 824 590 883; x_wconf 85' lang='lat' dir='ltr'>nibus</span> <span class='ocrx_word' id='word_1_50' title='bbox 618 824 933 893; x_wconf 84' lang='lat' dir='ltr'><strong>insedisse,</strong></span> <span class='ocrx_word' id='word_1_51' title='bbox 967 826 1203 899; x_wconf 87' lang='lat' dir='ltr'>sibique</span> <span class='ocrx_word' id='word_1_52' title='bbox 1245 843 1371 885; x_wconf 88' lang='lat' dir='ltr'><strong>non</strong></span> <span class='ocrx_word' id='word_1_53' title='bbox 1417 828 1616 886; x_wconf 89' lang='lat' dir='ltr'><strong>solum</strong></span> <span class='ocrx_word' id='word_1_54' title='bbox 1663 828 1934 887; x_wconf 82' lang='lat' dir='ltr'>eiusdem</span> <span class='ocrx_word' id='word_1_55' title='bbox 1974 840 2082 898; x_wconf 89' lang='lat' dir='ltr'><strong>pa-</strong></span> 
     </span>
    </p>
   </div>
   <div class='ocr_carea' id='block_1_10' title="bbox 410 911 2083 983">
    <p class='ocr_par' dir='ltr' id='par_1_10' title="bbox 410 911 2083 983">
     <span class='ocr_line' id='line_1_10' title="bbox 410 911 2083 983; baseline 0.002 -15"><span class='ocrx_word' id='word_1_56' title='bbox 410 911 540 975; x_wconf 87' lang='lat' dir='ltr'><strong>latii</strong></span> <span class='ocrx_word' id='word_1_57' title='bbox 560 913 894 972; x_wconf 87' lang='lat' dir='ltr'>sessionem</span> <span class='ocrx_word' id='word_1_58' title='bbox 911 914 990 975; x_wconf 89' lang='lat' dir='ltr'><strong>ad</strong></span> <span class='ocrx_word' id='word_1_59' title='bbox 1009 915 1429 983; x_wconf 84' lang='lat' dir='ltr'><strong>hiemandum,</strong></span> <span class='ocrx_word' id='word_1_60' title='bbox 1453 933 1666 974; x_wconf 85' lang='lat' dir='ltr'><strong>verum</strong></span> <span class='ocrx_word' id='word_1_61' title='bbox 1694 916 1875 974; x_wconf 89' lang='lat' dir='ltr'><strong>etiam</strong></span> <span class='ocrx_word' id='word_1_62' title='bbox 1897 915 2083 972; x_wconf 81' lang='lat' dir='ltr'><strong>Rheni</strong></span> 
     </span>
    </p>
   </div>
   <div class='ocr_carea' id='block_1_11' title="bbox 407 1001 2083 1078">
    <p class='ocr_par' dir='ltr' id='par_1_11' title="bbox 407 1001 2083 1078">
     <span class='ocr_line' id='line_1_11' title="bbox 407 1001 2083 1078; baseline -0.002 -17"><span class='ocrx_word' id='word_1_63' title='bbox 407 1001 679 1061; x_wconf 85' lang='lat' dir='ltr'><strong>ﬂuminis</strong></span> <span class='ocrx_word' id='word_1_64' title='bbox 699 1002 896 1063; x_wconf 88' lang='lat' dir='ltr'><strong>moliri</strong></span> <span class='ocrx_word' id='word_1_65' title='bbox 926 1005 1249 1062; x_wconf 82' lang='lat' dir='ltr'>transitum</span> <span class='ocrx_word' id='word_1_66' title='bbox 1277 1004 1548 1063; x_wconf 89' lang='lat' dir='ltr'><strong>inhibere</strong></span> <span class='ocrx_word' id='word_1_67' title='bbox 1571 1024 1584 1075; x_wconf 94' lang='lat'><strong>;</strong></span> <span class='ocrx_word' id='word_1_68' title='bbox 1615 1022 1737 1078; x_wconf 92' lang='lat' dir='ltr'><strong>quo</strong></span> <span class='ocrx_word' id='word_1_69' title='bbox 1758 1005 2083 1077; x_wconf 82' lang='lat' dir='ltr'><strong>imperator</strong></span> 
     </span>
    </p>
   </div>
   <div class='ocr_carea' id='block_1_12' title="bbox 408 1093 2081 1168">
    <p class='ocr_par' dir='ltr' id='par_1_12' title="bbox 408 1093 2081 1168">
     <span class='ocr_line' id='line_1_12' title="bbox 408 1093 2081 1168; baseline -0.001 -17"><span class='ocrx_word' id='word_1_70' title='bbox 408 1093 635 1151; x_wconf 80' lang='lat' dir='ltr'><strong>nuncin</strong></span> <span class='ocrx_word' id='word_1_71' title='bbox 663 1093 831 1151; x_wconf 84' lang='lat' dir='ltr'><strong>haud</strong></span> <span class='ocrx_word' id='word_1_72' title='bbox 859 1094 1243 1152; x_wconf 83' lang='lat' dir='ltr'><strong>mediocriter</strong></span> <span class='ocrx_word' id='word_1_73' title='bbox 1280 1099 1503 1164; x_wconf 88' lang='lat' dir='ltr'><strong>motus,</strong></span> <span class='ocrx_word' id='word_1_74' title='bbox 1553 1111 1803 1168; x_wconf 86' lang='lat' dir='ltr'><strong>quaqua</strong></span> <span class='ocrx_word' id='word_1_75' title='bbox 1839 1110 2081 1152; x_wconf 86' lang='lat' dir='ltr'><strong>versum</strong></span> 
     </span>
    </p>
   </div>
   <div class='ocr_carea' id='block_1_13' title="bbox 408 1180 2079 1257">
    <p class='ocr_par' dir='ltr' id='par_1_13' title="bbox 408 1180 2079 1257">
     <span class='ocr_line' id='line_1_13' title="bbox 408 1180 2079 1257; baseline 0 -18"><span class='ocrx_word' id='word_1_76' title='bbox 408 1180 621 1241; x_wconf 86' lang='lat' dir='ltr'><strong>ﬁdeles</strong></span> <span class='ocrx_word' id='word_1_77' title='bbox 671 1182 851 1239; x_wconf 88' lang='lat' dir='ltr'><strong>acciri</strong></span> <span class='ocrx_word' id='word_1_78' title='bbox 895 1183 1198 1253; x_wconf 83' lang='lat' dir='ltr'><strong>decernit;</strong></span> <span class='ocrx_word' id='word_1_79' title='bbox 1236 1188 1298 1244; x_wconf 88' lang='lat' dir='ltr'><strong>at</strong></span> <span class='ocrx_word' id='word_1_80' title='bbox 1334 1184 1486 1257; x_wconf 91' lang='lat' dir='ltr'><strong>ipse,</strong></span> <span class='ocrx_word' id='word_1_81' title='bbox 1524 1190 1590 1241; x_wconf 90' lang='lat' dir='ltr'><strong>ut</strong></span> <span class='ocrx_word' id='word_1_82' title='bbox 1629 1188 1910 1257; x_wconf 77' lang='lat' dir='ltr'><strong>coeperat,</strong></span> <span class='ocrx_word' id='word_1_83' title='bbox 1963 1186 2079 1239; x_wconf 85' lang='lat' dir='ltr'><strong>Ma-</strong></span> 
     </span>
    </p>
   </div>
   <div class='ocr_carea' id='block_1_14' title="bbox 411 1270 2081 1344">
    <p class='ocr_par' dir='ltr' id='par_1_14' title="bbox 411 1270 2081 1344">
     <span class='ocr_line' id='line_1_14' title="bbox 411 1270 2081 1344; baseline -0.001 -15"><span class='ocrx_word' id='word_1_84' title='bbox 411 1270 685 1344; x_wconf 85' lang='lat' dir='ltr'><strong>guntiam</strong></span> <span class='ocrx_word' id='word_1_85' title='bbox 733 1272 1002 1330; x_wconf 83' lang='lat' dir='ltr'><strong>Pervenit</strong></span> <span class='ocrx_word' id='word_1_86' title='bbox 1051 1289 1215 1331; x_wconf 92' lang='lat' dir='ltr'><strong>anno</strong></span> <span class='ocrx_word' id='word_1_87' title='bbox 1264 1273 1342 1333; x_wconf 88' lang='lat' dir='ltr'><strong>ab</strong></span> <span class='ocrx_word' id='word_1_88' title='bbox 1389 1273 1802 1332; x_wconf 80' lang='lat' dir='ltr'><strong>incarnatione</strong></span> <span class='ocrx_word' id='word_1_89' title='bbox 1845 1271 2081 1331; x_wconf 84' lang='lat' dir='ltr'><strong>Domini</strong></span> 
     </span>
    </p>
   </div>
   <div class='ocr_carea' id='block_1_15' title="bbox 410 1361 537 1417">
    <p class='ocr_par' dir='ltr' id='par_1_15' title="bbox 410 1361 537 1417">
     <span class='ocr_line' id='line_1_15' title="bbox 410 1361 537 1417; baseline -0.008 0"><span class='ocrx_word' id='word_1_90' title='bbox 410 1361 537 1417; x_wconf 82' lang='grc'><strong>839.</strong></span> 
     </span>
    </p>
   </div>
   <div class='ocr_carea' id='block_1_16' title="bbox 1060 1487 1440 1543">
    <p class='ocr_par' dir='ltr' id='par_1_16' title="bbox 1060 1487 1440 1543">
     <span class='ocr_line' id='line_1_16' title="bbox 1060 1487 1440 1543; baseline 0.008 -3"><span class='ocrx_word' id='word_1_91' title='bbox 1060 1487 1440 1543; x_wconf 82' lang='lat' dir='ltr'><strong>DCCCXXXIX</strong></span> 
     </span>
    </p>
   </div>
   <div class='ocr_carea' id='block_1_17' title="bbox 486 1624 2085 1700">
    <p class='ocr_par' dir='ltr' id='par_1_17' title="bbox 486 1624 2085 1700">
     <span class='ocr_line' id='line_1_17' title="bbox 486 1624 2085 1700; baseline 0.003 -19"><span class='ocrx_word' id='word_1_92' title='bbox 486 1624 600 1683; x_wconf 88' lang='lat' dir='ltr'><strong>Ubi</strong></span> <span class='ocrx_word' id='word_1_93' title='bbox 618 1624 954 1686; x_wconf 86' lang='lat' dir='ltr'><strong>Nativitatis</strong></span> <span class='ocrx_word' id='word_1_94' title='bbox 972 1630 1151 1699; x_wconf 90' lang='lat' dir='ltr'><strong>atque</strong></span> <span class='ocrx_word' id='word_1_95' title='bbox 1172 1627 1566 1700; x_wconf 84' lang='lat' dir='ltr'><strong>apparitionis</strong></span> <span class='ocrx_word' id='word_1_96' title='bbox 1582 1627 1903 1686; x_wconf 73' lang='lat' dir='ltr'><strong>dominicas</strong></span> <span class='ocrx_word' id='word_1_97' title='bbox 1926 1627 2085 1685; x_wconf 89' lang='lat' dir='ltr'><strong>festi-</strong></span> 
     </span>
    </p>
   </div>
   <div class='ocr_carea' id='block_1_18' title="bbox 412 1714 2083 1786">
    <p class='ocr_par' dir='ltr' id='par_1_18' title="bbox 412 1714 2083 1786">
     <span class='ocr_line' id='line_1_18' title="bbox 412 1714 2083 1786; baseline 0 -13"><span class='ocrx_word' id='word_1_98' title='bbox 412 1714 698 1773; x_wconf 82' lang='lat' dir='ltr'><strong>vitatibus</strong></span> <span class='ocrx_word' id='word_1_99' title='bbox 728 1715 1008 1778; x_wconf 85' lang='lat' dir='ltr'><strong>emensis,</strong></span> <span class='ocrx_word' id='word_1_100' title='bbox 1048 1715 1289 1773; x_wconf 87' lang='lat' dir='ltr'><strong>directis</strong></span> <span class='ocrx_word' id='word_1_101' title='bbox 1321 1716 1627 1773; x_wconf 89' lang='lat' dir='ltr'><strong>celerrime</strong></span> <span class='ocrx_word' id='word_1_102' title='bbox 1656 1716 1957 1786; x_wconf 89' lang='lat' dir='ltr'><strong>ﬁdelibus,</strong></span> <span class='ocrx_word' id='word_1_103' title='bbox 2002 1717 2083 1775; x_wconf 90' lang='lat' dir='ltr'><strong>ad</strong></span> 
     </span>
    </p>
   </div>
   <div class='ocr_carea' id='block_1_19' title="bbox 412 1794 2080 1879">
    <p class='ocr_par' dir='ltr' id='par_1_19' title="bbox 412 1794 2080 1879">
     <span class='ocr_line' id='line_1_19' title="bbox 412 1794 2080 1879; baseline 0.003 -20"><span class='ocrx_word' id='word_1_104' title='bbox 412 1803 582 1879; x_wconf 87' lang='lat' dir='ltr'><strong>pacis</strong></span> <span class='ocrx_word' id='word_1_105' title='bbox 612 1794 1002 1862; x_wconf 74' lang='lat' dir='ltr'><strong>concordiam</strong></span> <span class='ocrx_word' id='word_1_106' title='bbox 1035 1804 1368 1862; x_wconf 89' lang='lat' dir='ltr'><strong>Ludoicum</strong></span> <span class='ocrx_word' id='word_1_107' title='bbox 1398 1806 1672 1865; x_wconf 83' lang='lat' dir='ltr'><strong>hortatus</strong></span> <span class='ocrx_word' id='word_1_108' title='bbox 1693 1811 1801 1865; x_wconf 89' lang='lat' dir='ltr'><strong>est.</strong></span> <span class='ocrx_word' id='word_1_109' title='bbox 1831 1806 1945 1863; x_wconf 91' lang='lat' dir='ltr'><strong>Sed</strong></span> <span class='ocrx_word' id='word_1_110' title='bbox 1975 1822 2080 1864; x_wconf 88' lang='lat' dir='ltr'><strong>ne-</strong></span> 
     </span>
    </p>
   </div>
   <div class='ocr_carea' id='block_1_20' title="bbox 412 1892 2082 1969">
    <p class='ocr_par' dir='ltr' id='par_1_20' title="bbox 412 1892 2082 1969">
     <span class='ocr_line' id='line_1_20' title="bbox 412 1892 2082 1969; baseline 0.001 -18"><span class='ocrx_word' id='word_1_111' title='bbox 412 1907 733 1967; x_wconf 88' lang='lat' dir='ltr'><strong>quaquam</strong></span> <span class='ocrx_word' id='word_1_112' title='bbox 775 1892 965 1951; x_wconf 86' lang='lat' dir='ltr'><strong>valuit</strong></span> <span class='ocrx_word' id='word_1_113' title='bbox 1008 1909 1313 1965; x_wconf 85' lang='lat' dir='ltr'><strong>revocare,</strong></span> <span class='ocrx_word' id='word_1_114' title='bbox 1362 1895 1512 1968; x_wconf 91' lang='lat' dir='ltr'><strong>quin</strong></span> <span class='ocrx_word' id='word_1_115' title='bbox 1558 1896 1806 1969; x_wconf 87' lang='lat' dir='ltr'><strong>insuper</strong></span> <span class='ocrx_word' id='word_1_116' title='bbox 1854 1898 2082 1954; x_wconf 84' lang='lat' dir='ltr'><strong>consis-</strong></span> 
     </span>
    </p>
   </div>
   <div class='ocr_carea' id='block_1_21' title="bbox 410 1981 2081 2057">
    <p class='ocr_par' dir='ltr' id='par_1_21' title="bbox 410 1981 2081 2057">
     <span class='ocr_line' id='line_1_21' title="bbox 410 1981 2081 2057; baseline 0.002 -17"><span class='ocrx_word' id='word_1_117' title='bbox 410 1981 556 2041; x_wconf 86' lang='lat' dir='ltr'><strong>tenti</strong></span> <span class='ocrx_word' id='word_1_118' title='bbox 612 1983 925 2054; x_wconf 69' lang='lat' dir='ltr'><strong>Maguntias</strong></span> <span class='ocrx_word' id='word_1_119' title='bbox 982 1983 1353 2057; x_wconf 81' lang='lat' dir='ltr'><strong>imperatori,</strong></span> <span class='ocrx_word' id='word_1_120' title='bbox 1408 1985 1537 2056; x_wconf 91' lang='lat' dir='ltr'><strong>ipse</strong></span> <span class='ocrx_word' id='word_1_121' title='bbox 1594 2001 1667 2042; x_wconf 82' lang='lat' dir='ltr'><strong>ex</strong></span> <span class='ocrx_word' id='word_1_122' title='bbox 1719 1986 1976 2044; x_wconf 88' lang='lat' dir='ltr'><strong>adverso</strong></span> <span class='ocrx_word' id='word_1_123' title='bbox 2018 1986 2081 2044; x_wconf 88' lang='lat' dir='ltr'><strong>in</strong></span> 
     </span>
    </p>
   </div>
   <div class='ocr_carea' id='block_1_22' title="bbox 410 2070 2080 2148">
    <p class='ocr_par' dir='ltr' id='par_1_22' title="bbox 410 2070 2080 2148">
     <span class='ocr_line' id='line_1_22' title="bbox 410 2070 2080 2148; baseline 0.004 -24"><span class='ocrx_word' id='word_1_124' title='bbox 410 2070 736 2129; x_wconf 69' lang='lat' dir='ltr'><strong>Castella”</strong></span> <span class='ocrx_word' id='word_1_125' title='bbox 763 2071 921 2131; x_wconf 89' lang='lat' dir='ltr'><strong>ultra</strong></span> <span class='ocrx_word' id='word_1_126' title='bbox 951 2073 1227 2132; x_wconf 84' lang='lat' dir='ltr'><strong>Rhenum</strong></span> <span class='ocrx_word' id='word_1_127' title='bbox 1254 2074 1453 2147; x_wconf 88' lang='lat' dir='ltr'><strong>posita</strong></span> <span class='ocrx_word' id='word_1_128' title='bbox 1490 2075 1870 2147; x_wconf 89' lang='lat' dir='ltr'><strong>pertinaciter</strong></span> <span class='ocrx_word' id='word_1_129' title='bbox 1898 2081 2080 2148; x_wconf 90' lang='lat' dir='ltr'><strong>atque</strong></span> 
     </span>
    </p>
   </div>
   <div class='ocr_carea' id='block_1_23' title="bbox 409 2160 2076 2232">
    <p class='ocr_par' dir='ltr' id='par_1_23' title="bbox 409 2160 2076 2232">
     <span class='ocr_line' id='line_1_23' title="bbox 409 2160 2076 2232; baseline 0.002 -15"><span class='ocrx_word' id='word_1_130' title='bbox 409 2160 701 2220; x_wconf 83' lang='lat' dir='ltr'><strong>hostiliter</strong></span> <span class='ocrx_word' id='word_1_131' title='bbox 730 2160 1086 2232; x_wconf 87' lang='lat' dir='ltr'><strong>immorans,</strong></span> <span class='ocrx_word' id='word_1_132' title='bbox 1130 2163 1384 2222; x_wconf 88' lang='lat' dir='ltr'><strong>transitu</strong></span> <span class='ocrx_word' id='word_1_133' title='bbox 1423 2163 1693 2223; x_wconf 90' lang='lat' dir='ltr'><strong>ﬂuminis</strong></span> <span class='ocrx_word' id='word_1_134' title='bbox 1736 2165 2076 2224; x_wconf 84' lang='lat' dir='ltr'><strong>cohibebat.</strong></span> 
     </span>
    </p>
   </div>
   <div class='ocr_carea' id='block_1_24' title="bbox 411 2252 2082 2327">
    <p class='ocr_par' dir='ltr' id='par_1_24' title="bbox 411 2252 2082 2327">
     <span class='ocr_line' id='line_1_24' title="bbox 411 2252 2082 2327; baseline 0.002 -21"><span class='ocrx_word' id='word_1_135' title='bbox 411 2253 744 2323; x_wconf 82' lang='lat' dir='ltr'><strong>Imperator</strong></span> <span class='ocrx_word' id='word_1_136' title='bbox 791 2255 1016 2323; x_wconf 89' lang='lat' dir='ltr'><strong>autem,</strong></span> <span class='ocrx_word' id='word_1_137' title='bbox 1072 2252 1432 2324; x_wconf 84' lang='lat' dir='ltr'><strong>sanguinem</strong></span> <span class='ocrx_word' id='word_1_138' title='bbox 1482 2254 1827 2312; x_wconf 85' lang='lat' dir='ltr'><strong>communis</strong></span> <span class='ocrx_word' id='word_1_139' title='bbox 1871 2255 2082 2327; x_wconf 90' lang='lat' dir='ltr'><strong>populi</strong></span> 
     </span>
    </p>
   </div>
   <div class='ocr_carea' id='block_1_25' title="bbox 412 2337 2081 2416">
    <p class='ocr_par' dir='ltr' id='par_1_25' title="bbox 412 2337 2081 2416">
     <span class='ocr_line' id='line_1_25' title="bbox 412 2337 2081 2416; baseline 0.001 -19"><span class='ocrx_word' id='word_1_140' title='bbox 412 2337 588 2397; x_wconf 83' lang='lat' dir='ltr'><strong>fundi</strong></span> <span class='ocrx_word' id='word_1_141' title='bbox 615 2339 953 2399; x_wconf 85' lang='lat' dir='ltr'><strong>admodum</strong></span> <span class='ocrx_word' id='word_1_142' title='bbox 982 2345 1280 2411; x_wconf 90' lang='lat' dir='ltr'><strong>metuens,</strong></span> <span class='ocrx_word' id='word_1_143' title='bbox 1311 2343 1394 2401; x_wconf 91' lang='lat' dir='ltr'><strong>ad</strong></span> <span class='ocrx_word' id='word_1_144' title='bbox 1418 2343 1555 2403; x_wconf 90' lang='lat' dir='ltr'><strong>loca</strong></span> <span class='ocrx_word' id='word_1_145' title='bbox 1588 2345 1709 2404; x_wconf 87' lang='lat' dir='ltr'><strong>alia</strong></span> <span class='ocrx_word' id='word_1_146' title='bbox 1748 2344 2081 2416; x_wconf 87' lang='lat' dir='ltr'><strong>transposi-</strong></span> 
     </span>
    </p>
   </div>
   <div class='ocr_carea' id='block_1_26' title="bbox 412 2426 2082 2504">
    <p class='ocr_par' dir='ltr' id='par_1_26' title="bbox 412 2426 2082 2504">
     <span class='ocr_line' id='line_1_26' title="bbox 412 2426 2082 2504; baseline 0.002 -19"><span class='ocrx_word' id='word_1_147' title='bbox 412 2426 565 2485; x_wconf 88' lang='lat' dir='ltr'><strong>tioni</strong></span> <span class='ocrx_word' id='word_1_148' title='bbox 606 2432 954 2501; x_wconf 88' lang='lat' dir='ltr'><strong>opportuna</strong></span> <span class='ocrx_word' id='word_1_149' title='bbox 990 2429 1284 2490; x_wconf 84' lang='lat' dir='ltr'><strong>divertere</strong></span> <span class='ocrx_word' id='word_1_150' title='bbox 1327 2432 1672 2491; x_wconf 89' lang='lat' dir='ltr'><strong>nullatenus</strong></span> <span class='ocrx_word' id='word_1_151' title='bbox 1718 2434 2082 2504; x_wconf 80' lang='lat' dir='ltr'><strong>dedignatus</strong></span> 
     </span>
    </p>
   </div>
   <div class='ocr_carea' id='block_1_27' title="bbox 412 2516 2081 2595">
    <p class='ocr_par' dir='ltr' id='par_1_27' title="bbox 412 2516 2081 2595">
     <span class='ocr_line' id='line_1_27' title="bbox 412 2516 2081 2595; baseline 0.004 -21"><span class='ocrx_word' id='word_1_152' title='bbox 412 2520 542 2587; x_wconf 90' lang='lat' dir='ltr'><strong>est;</strong></span> <span class='ocrx_word' id='word_1_153' title='bbox 574 2516 636 2575; x_wconf 90' lang='lat' dir='ltr'><strong>in</strong></span> <span class='ocrx_word' id='word_1_154' title='bbox 669 2517 892 2591; x_wconf 86' lang='lat' dir='ltr'><strong>quibus</strong></span> <span class='ocrx_word' id='word_1_155' title='bbox 921 2518 1208 2579; x_wconf 87' lang='lat' dir='ltr'><strong>omnibus</strong></span> <span class='ocrx_word' id='word_1_156' title='bbox 1252 2526 1500 2580; x_wconf 86' lang='lat' dir='ltr'><strong>econtra</strong></span> <span class='ocrx_word' id='word_1_157' title='bbox 1525 2522 1673 2595; x_wconf 89' lang='lat' dir='ltr'><strong>ripis</strong></span> <span class='ocrx_word' id='word_1_158' title='bbox 1709 2523 2081 2581; x_wconf 86' lang='lat' dir='ltr'><strong>insistentem</strong></span> 
     </span>
    </p>
   </div>
   <div class='ocr_carea' id='block_1_28' title="bbox 412 2605 2080 2671">
    <p class='ocr_par' dir='ltr' id='par_1_28' title="bbox 412 2605 2080 2671">
     <span class='ocr_line' id='line_1_28' title="bbox 412 2605 2080 2671; baseline 0.002 -6"><span class='ocrx_word' id='word_1_159' title='bbox 412 2609 470 2665; x_wconf 87' lang='lat' dir='ltr'><strong>et</strong></span> <span class='ocrx_word' id='word_1_160' title='bbox 496 2605 879 2667; x_wconf 83' lang='lat' dir='ltr'><strong>transfretare</strong></span> <span class='ocrx_word' id='word_1_161' title='bbox 896 2608 1261 2668; x_wconf 85' lang='lat' dir='ltr'><strong>conantibus</strong></span> <span class='ocrx_word' id='word_1_162' title='bbox 1274 2609 1673 2669; x_wconf 88' lang='lat' dir='ltr'><strong>obsistentem</strong></span> <span class='ocrx_word' id='word_1_163' title='bbox 1686 2611 1882 2670; x_wconf 84' lang='lat' dir='ltr'><strong>tilium</strong></span> <span class='ocrx_word' id='word_1_164' title='bbox 1901 2627 2080 2671; x_wconf 86' lang='lat' dir='ltr'><strong>cons-</strong></span> 
     </span>
    </p>
   </div>
   <div class='ocr_carea' id='block_1_29' title="bbox 412 2694 2079 2774">
    <p class='ocr_par' dir='ltr' id='par_1_29' title="bbox 412 2694 2079 2774">
     <span class='ocr_line' id='line_1_29' title="bbox 412 2694 2079 2774; baseline 0.002 -19"><span class='ocrx_word' id='word_1_165' title='bbox 412 2694 685 2768; x_wconf 85' lang='lat' dir='ltr'><strong>picatus;</strong></span> <span class='ocrx_word' id='word_1_166' title='bbox 731 2701 981 2769; x_wconf 84' lang='lat' dir='ltr'><strong>eratque</strong></span> <span class='ocrx_word' id='word_1_167' title='bbox 1026 2697 1231 2757; x_wconf 88' lang='lat' dir='ltr'><strong>videre</strong></span> <span class='ocrx_word' id='word_1_168' title='bbox 1257 2698 1589 2772; x_wconf 88' lang='lat' dir='ltr'><strong>miseriam,</strong></span> <span class='ocrx_word' id='word_1_169' title='bbox 1616 2701 1733 2759; x_wconf 87' lang='lat' dir='ltr'><strong>hac</strong></span> <span class='ocrx_word' id='word_1_170' title='bbox 1760 2700 1864 2773; x_wconf 84' lang='lat' dir='ltr'><strong>pio</strong></span> <span class='ocrx_word' id='word_1_171' title='bbox 1888 2704 2079 2774; x_wconf 84' lang='lat' dir='ltr'><strong>patre,</strong></span> 
     </span>
    </p>
   </div>
   <div class='ocr_carea' id='block_1_30' title="bbox 412 2781 2081 2859">
    <p class='ocr_par' dir='ltr' id='par_1_30' title="bbox 412 2781 2081 2859">
     <span class='ocr_line' id='line_1_30' title="bbox 412 2781 2081 2859; baseline 0.003 -18"><span class='ocrx_word' id='word_1_172' title='bbox 412 2781 550 2843; x_wconf 85' lang='lat' dir='ltr'><strong>illac</strong></span> <span class='ocrx_word' id='word_1_173' title='bbox 596 2783 787 2857; x_wconf 88' lang='lat' dir='ltr'><strong>impio</strong></span> <span class='ocrx_word' id='word_1_174' title='bbox 836 2784 961 2843; x_wconf 88' lang='lat' dir='ltr'><strong>ﬁlio</strong></span> <span class='ocrx_word' id='word_1_175' title='bbox 1006 2785 1503 2859; x_wconf 80' lang='lat' dir='ltr'><strong>digredientibus.</strong></span> <span class='ocrx_word' id='word_1_176' title='bbox 1553 2791 1685 2855; x_wconf 86' lang='lat' dir='ltr'><strong>Qua</strong></span> <span class='ocrx_word' id='word_1_177' title='bbox 1730 2790 2081 2848; x_wconf 88' lang='lat' dir='ltr'><strong>necessitate</strong></span> 
     </span>
    </p>
   </div>
   <div class='ocr_carea' id='block_1_31' title="bbox 418 2871 2079 2952">
    <p class='ocr_par' dir='ltr' id='par_1_31' title="bbox 418 2871 2079 2952">
     <span class='ocr_line' id='line_1_31' title="bbox 418 2871 2079 2952; baseline 0.002 -19"><span class='ocrx_word' id='word_1_178' title='bbox 418 2871 748 2945; x_wconf 86' lang='lat' dir='ltr'><strong>imperator</strong></span> <span class='ocrx_word' id='word_1_179' title='bbox 794 2875 1173 2948; x_wconf 82' lang='lat' dir='ltr'><strong>compulsus,</strong></span> <span class='ocrx_word' id='word_1_180' title='bbox 1222 2878 1590 2947; x_wconf 78' lang='lat' dir='ltr'><strong>Maguntiam</strong></span> <span class='ocrx_word' id='word_1_181' title='bbox 1629 2880 1898 2952; x_wconf 90' lang='lat' dir='ltr'><strong>repedat,</strong></span> <span class='ocrx_word' id='word_1_182' title='bbox 1930 2879 2079 2937; x_wconf 87' lang='lat' dir='ltr'><strong>ﬁde-</strong></span> 
     </span>
    </p>
   </div>
   <div class='ocr_carea' id='block_1_32' title="bbox 409 2960 2081 3042">
    <p class='ocr_par' dir='ltr' id='par_1_32' title="bbox 409 2960 2081 3042">
     <span class='ocr_line' id='line_1_32' title="bbox 409 2960 2081 3042; baseline 0.003 -21"><span class='ocrx_word' id='word_1_183' title='bbox 409 2960 682 3035; x_wconf 89' lang='lat' dir='ltr'><strong>liumque</strong></span> <span class='ocrx_word' id='word_1_184' title='bbox 711 2964 851 3023; x_wconf 87' lang='lat' dir='ltr'><strong>hinc</strong></span> <span class='ocrx_word' id='word_1_185' title='bbox 881 2964 1023 3022; x_wconf 88' lang='lat' dir='ltr'><strong>inde</strong></span> <span class='ocrx_word' id='word_1_186' title='bbox 1051 2981 1305 3039; x_wconf 88' lang='lat' dir='ltr'><strong>propere</strong></span> <span class='ocrx_word' id='word_1_187' title='bbox 1335 2966 1771 3027; x_wconf 89' lang='lat' dir='ltr'><strong>conﬂuentium</strong></span> <span class='ocrx_word' id='word_1_188' title='bbox 1800 2969 1881 3027; x_wconf 89' lang='lat' dir='ltr'><strong>ob</strong></span> <span class='ocrx_word' id='word_1_189' title='bbox 1911 2986 2081 3042; x_wconf 88' lang='lat' dir='ltr'><strong>aspe-</strong></span> 
     </span>
    </p>
   </div>
   <div class='ocr_carea' id='block_1_33' title="bbox 408 3051 2078 3124">
    <p class='ocr_par' dir='ltr' id='par_1_33' title="bbox 408 3051 2078 3124">
     <span class='ocr_line' id='line_1_33' title="bbox 408 3051 2078 3124; baseline 0.004 -13"><span class='ocrx_word' id='word_1_190' title='bbox 408 3051 647 3111; x_wconf 86' lang='lat' dir='ltr'><strong>ritatem</strong></span> <span class='ocrx_word' id='word_1_191' title='bbox 658 3052 874 3114; x_wconf 88' lang='lat' dir='ltr'><strong>hiemis</strong></span> <span class='ocrx_word' id='word_1_192' title='bbox 895 3053 1267 3115; x_wconf 87' lang='lat' dir='ltr'><strong>incommodi</strong></span> <span class='ocrx_word' id='word_1_193' title='bbox 1276 3060 1457 3115; x_wconf 88' lang='lat' dir='ltr'><strong>tatem</strong></span> <span class='ocrx_word' id='word_1_194' title='bbox 1471 3057 1699 3116; x_wconf 87' lang='lat' dir='ltr'><strong>diutius</strong></span> <span class='ocrx_word' id='word_1_195' title='bbox 1716 3074 1839 3117; x_wconf 93' lang='lat' dir='ltr'><strong>non</strong></span> <span class='ocrx_word' id='word_1_196' title='bbox 1863 3060 2078 3124; x_wconf 88' lang='lat' dir='ltr'><strong>ferens,</strong></span> 
     </span>
    </p>
   </div>
   <div class='ocr_carea' id='block_1_34' title="bbox 409 3139 2080 3207">
    <p class='ocr_par' dir='ltr' id='par_1_34' title="bbox 409 3139 2080 3207">
     <span class='ocr_line' id='line_1_34' title="bbox 409 3139 2080 3207; baseline 0 -6"><span class='ocrx_word' id='word_1_197' title='bbox 409 3139 604 3201; x_wconf 83' lang='lat' dir='ltr'><strong>tribus</strong></span> <span class='ocrx_word' id='word_1_198' title='bbox 656 3140 847 3203; x_wconf 85' lang='lat' dir='ltr'><strong>ferme</strong></span> <span class='ocrx_word' id='word_1_199' title='bbox 892 3141 1048 3203; x_wconf 86' lang='lat' dir='ltr'><strong>infra</strong></span> <span class='ocrx_word' id='word_1_200' title='bbox 1098 3150 1504 3204; x_wconf 85' lang='lat' dir='ltr'><strong>memoratam</strong></span> <span class='ocrx_word' id='word_1_201' title='bbox 1560 3146 1777 3205; x_wconf 90' lang='lat' dir='ltr'><strong>urbem</strong></span> <span class='ocrx_word' id='word_1_202' title='bbox 1834 3147 2080 3207; x_wconf 88' lang='lat' dir='ltr'><strong>milibus</strong></span> 
     </span>
    </p>
   </div>
   <div class='ocr_carea' id='block_1_35' title="bbox 410 3230 2084 3311">
    <p class='ocr_par' dir='ltr' id='par_1_35' title="bbox 410 3230 2084 3311">
     <span class='ocr_line' id='line_1_35' title="bbox 410 3230 2084 3311; baseline 0.005 -23"><span class='ocrx_word' id='word_1_203' title='bbox 410 3230 619 3292; x_wconf 82' lang='lat' dir='ltr'><strong>Rheno</strong></span> <span class='ocrx_word' id='word_1_204' title='bbox 659 3233 1050 3305; x_wconf 87' lang='lat' dir='ltr'><strong>transposito,</strong></span> <span class='ocrx_word' id='word_1_205' title='bbox 1103 3235 1370 3295; x_wconf 79' lang='lat' dir='ltr'><strong>Saxones</strong></span> <span class='ocrx_word' id='word_1_206' title='bbox 1397 3235 1609 3294; x_wconf 81' lang='lat' dir='ltr'><strong>obvios</strong></span> <span class='ocrx_word' id='word_1_207' title='bbox 1639 3238 1926 3311; x_wconf 87' lang='lat' dir='ltr'><strong>suscepit.</strong></span> <span class='ocrx_word' id='word_1_208' title='bbox 1975 3241 2084 3297; x_wconf 92' lang='lat' dir='ltr'><strong>Lu-</strong></span> 
     </span>
    </p>
   </div>
   <div class='ocr_carea' id='block_1_36' title="bbox 410 3318 2082 3400">
    <p class='ocr_par' dir='ltr' id='par_1_36' title="bbox 410 3318 2082 3400">
     <span class='ocr_line' id='line_1_36' title="bbox 410 3318 2082 3400; baseline 0.004 -21"><span class='ocrx_word' id='word_1_209' title='bbox 410 3318 623 3379; x_wconf 86' lang='lat' dir='ltr'><strong>doicus</strong></span> <span class='ocrx_word' id='word_1_210' title='bbox 646 3335 816 3387; x_wconf 85' lang='lat' dir='ltr'><strong>vero,</strong></span> <span class='ocrx_word' id='word_1_211' title='bbox 844 3326 1156 3394; x_wconf 86' lang='lat' dir='ltr'><strong>comperto</strong></span> <span class='ocrx_word' id='word_1_212' title='bbox 1198 3324 1391 3395; x_wconf 88' lang='lat' dir='ltr'><strong>patris</strong></span> <span class='ocrx_word' id='word_1_213' title='bbox 1432 3330 1682 3384; x_wconf 89' lang='lat' dir='ltr'><strong>eatenus</strong></span> <span class='ocrx_word' id='word_1_214' title='bbox 1725 3326 1840 3384; x_wconf 86' lang='lat' dir='ltr'><strong>sibi</strong></span> <span class='ocrx_word' id='word_1_215' title='bbox 1885 3327 2082 3400; x_wconf 90' lang='lat' dir='ltr'><strong>inopi-</strong></span> 
     </span>
    </p>
   </div>
   <div class='ocr_carea' id='block_1_37' title="bbox 409 3409 2078 3485">
    <p class='ocr_par' dir='ltr' id='par_1_37' title="bbox 409 3409 2078 3485">
     <span class='ocr_line' id='line_1_37' title="bbox 409 3409 2078 3485; baseline 0.005 -19"><span class='ocrx_word' id='word_1_216' title='bbox 409 3411 555 3466; x_wconf 87' lang='lat' dir='ltr'><strong>nato</strong></span> <span class='ocrx_word' id='word_1_217' title='bbox 581 3409 974 3482; x_wconf 90' lang='lat' dir='ltr'><strong>transpositu,</strong></span> <span class='ocrx_word' id='word_1_218' title='bbox 1000 3410 1417 3470; x_wconf 88' lang='lat' dir='ltr'><strong>deﬁcientibus</strong></span> <span class='ocrx_word' id='word_1_219' title='bbox 1448 3430 1605 3485; x_wconf 89' lang='lat' dir='ltr'><strong>quos</strong></span> <span class='ocrx_word' id='word_1_220' title='bbox 1631 3431 1706 3473; x_wconf 80' lang='lat' dir='ltr'><strong>ex</strong></span> <span class='ocrx_word' id='word_1_221' title='bbox 1731 3416 2078 3481; x_wconf 88' lang='lat' dir='ltr'><strong>Austrasiis,</strong></span> 
     </span>
    </p>
   </div>
   <div class='ocr_carea' id='block_1_38' title="bbox 413 3494 2082 3579">
    <p class='ocr_par' dir='ltr' id='par_1_38' title="bbox 413 3494 2082 3579">
     <span class='ocr_line' id='line_1_38' title="bbox 413 3494 2082 3579; baseline 0.006 -28"><span class='ocrx_word' id='word_1_222' title='bbox 413 3494 759 3566; x_wconf 85' lang='lat' dir='ltr'><strong>Thoringiis</strong></span> <span class='ocrx_word' id='word_1_223' title='bbox 807 3501 989 3569; x_wconf 89' lang='lat' dir='ltr'><strong>atque</strong></span> <span class='ocrx_word' id='word_1_224' title='bbox 1035 3498 1390 3558; x_wconf 83' lang='lat' dir='ltr'><strong>Alamannis</strong></span> <span class='ocrx_word' id='word_1_225' title='bbox 1441 3501 1708 3560; x_wconf 81' lang='lat' dir='ltr'><strong>illexerat</strong></span> <span class='ocrx_word' id='word_1_226' title='bbox 1754 3520 2082 3579; x_wconf 91' lang='lat' dir='ltr'><strong>secumque</strong></span> 
     </span>
    </p>
   </div>
   <div class='ocr_carea' id='block_1_39' title="bbox 411 3583 2081 3666">
    <p class='ocr_par' dir='ltr' id='par_1_39' title="bbox 411 3583 2081 3666">
     <span class='ocr_line' id='line_1_39' title="bbox 411 3583 2081 3666; baseline 0.006 -25"><span class='ocrx_word' id='word_1_227' title='bbox 411 3583 1044 3653; x_wconf 80' lang='lat' dir='ltr'><strong>adduxerat,concitus</strong></span> <span class='ocrx_word' id='word_1_228' title='bbox 1076 3587 1899 3666; x_wconf 83' lang='lat' dir='ltr'><strong>aufugit,Norciamque,quee</strong></span> <span class='ocrx_word' id='word_1_229' title='bbox 1919 3611 2081 3651; x_wconf 89' lang='lat' dir='ltr'><strong>nunc</strong></span> 
     </span>
    </p>
   </div>
   <div class='ocr_carea' id='block_1_40' title="bbox 410 3672 2080 3755">
    <p class='ocr_par' dir='ltr' id='par_1_40' title="bbox 410 3672 2080 3755">
     <span class='ocr_line' id='line_1_40' title="bbox 410 3672 2080 3755; baseline 0.007 -26"><span class='ocrx_word' id='word_1_230' title='bbox 410 3672 681 3732; x_wconf 89' lang='lat' dir='ltr'><strong>Baioaria</strong></span> <span class='ocrx_word' id='word_1_231' title='bbox 707 3673 945 3746; x_wconf 86' lang='lat' dir='ltr'><strong>dicitur,</strong></span> <span class='ocrx_word' id='word_1_232' title='bbox 966 3691 1225 3745; x_wconf 85' lang='lat' dir='ltr'><strong>regnum</strong></span> <span class='ocrx_word' id='word_1_233' title='bbox 1249 3677 1527 3736; x_wconf 88' lang='lat' dir='ltr'><strong>videlicet</strong></span> <span class='ocrx_word' id='word_1_234' title='bbox 1548 3680 1661 3737; x_wconf 87' lang='lat' dir='ltr'><strong>sibi</strong></span> <span class='ocrx_word' id='word_1_235' title='bbox 1681 3681 1824 3739; x_wconf 89' lang='lat' dir='ltr'><strong>olim</strong></span> <span class='ocrx_word' id='word_1_236' title='bbox 1847 3699 1883 3739; x_wconf 90' lang='lat' dir='ltr'><strong>a</strong></span> <span class='ocrx_word' id='word_1_237' title='bbox 1913 3688 2080 3755; x_wconf 87' lang='lat' dir='ltr'><strong>patre</strong></span> 
     </span>
    </p>
   </div>
   <div class='ocr_carea' id='block_1_41' title="bbox 408 3762 2081 3843">
    <p class='ocr_par' dir='ltr' id='par_1_41' title="bbox 408 3762 2081 3843">
     <span class='ocr_line' id='line_1_41' title="bbox 408 3762 2081 3843; baseline 0.005 -22"><span class='ocrx_word' id='word_1_238' title='bbox 408 3762 1399 3841; x_wconf 85' lang='lat' dir='ltr'><strong>traditum,revertitur.Imperator</strong></span> <span class='ocrx_word' id='word_1_239' title='bbox 1419 3773 1685 3841; x_wconf 66' lang='lat' dir='ltr'><strong>paternae</strong></span> <span class='ocrx_word' id='word_1_240' title='bbox 1698 3770 1936 3843; x_wconf 89' lang='lat' dir='ltr'><strong>pictatis</strong></span> <span class='ocrx_word' id='word_1_241' title='bbox 1957 3789 2081 3830; x_wconf 93' lang='lat' dir='ltr'><strong>non</strong></span> 
     </span>
    </p>
   </div>
   <div class='ocr_carea' id='block_1_42' title="bbox 406 3851 2080 3935">
    <p class='ocr_par' dir='ltr' id='par_1_42' title="bbox 406 3851 2080 3935">
     <span class='ocr_line' id='line_1_42' title="bbox 406 3851 2080 3935; baseline 0.007 -27"><span class='ocrx_word' id='word_1_242' title='bbox 406 3851 750 3920; x_wconf 90' lang='lat' dir='ltr'><strong>immemor,</strong></span> <span class='ocrx_word' id='word_1_243' title='bbox 780 3853 973 3911; x_wconf 87' lang='lat' dir='ltr'><strong>ﬁlium</strong></span> <span class='ocrx_word' id='word_1_244' title='bbox 997 3856 1284 3928; x_wconf 87' lang='lat' dir='ltr'><strong>persequi</strong></span> <span class='ocrx_word' id='word_1_245' title='bbox 1316 3859 1673 3930; x_wconf 85' lang='lat' dir='ltr'><strong>supersedit,</strong></span> <span class='ocrx_word' id='word_1_246' title='bbox 1705 3862 2080 3935; x_wconf 88' lang='lat' dir='ltr'><strong>receptisque</strong></span> 
     </span>
    </p>
   </div>
   <div class='ocr_carea' id='block_1_43' title="bbox 407 3941 2076 4021">
    <p class='ocr_par' dir='ltr' id='par_1_43' title="bbox 407 3941 2076 4021">
     <span class='ocr_line' id='line_1_43' title="bbox 407 3941 2076 4021; baseline 0.007 -23"><span class='ocrx_word' id='word_1_247' title='bbox 407 3941 514 4014; x_wconf 90' lang='lat' dir='ltr'><strong>qui</strong></span> <span class='ocrx_word' id='word_1_248' title='bbox 543 3941 623 3999; x_wconf 86' lang='lat' dir='ltr'><strong>ab</strong></span> <span class='ocrx_word' id='word_1_249' title='bbox 650 3941 750 4001; x_wconf 91' lang='lat' dir='ltr'><strong>illo</strong></span> <span class='ocrx_word' id='word_1_250' title='bbox 785 3943 867 4001; x_wconf 90' lang='lat' dir='ltr'><strong>ad</strong></span> <span class='ocrx_word' id='word_1_251' title='bbox 910 3944 1295 4017; x_wconf 87' lang='lat' dir='ltr'><strong>imperatoris</strong></span> <span class='ocrx_word' id='word_1_252' title='bbox 1343 3947 1729 4006; x_wconf 89' lang='lat' dir='ltr'><strong>clementiam</strong></span> <span class='ocrx_word' id='word_1_253' title='bbox 1777 3950 2076 4021; x_wconf 80' lang='lat' dir='ltr'><strong>fugerant,</strong></span> 
     </span>
    </p>
   </div>
   <div class='ocr_carea' id='block_1_44' title="bbox 406 4029 2080 4106">
    <p class='ocr_par' dir='ltr' id='par_1_44' title="bbox 406 4029 2080 4106">
     <span class='ocr_line' id='line_1_44' title="bbox 406 4029 2080 4106; baseline 0.005 -21"><span class='ocrx_word' id='word_1_254' title='bbox 406 4042 481 4085; x_wconf 88' lang='lat' dir='ltr'><strong>ac</strong></span> <span class='ocrx_word' id='word_1_255' title='bbox 514 4033 893 4086; x_wconf 88' lang='lat' dir='ltr'><strong>sacramento</strong></span> <span class='ocrx_word' id='word_1_256' title='bbox 922 4029 1198 4099; x_wconf 87' lang='lat' dir='ltr'><strong>ﬁrmatis,</strong></span> <span class='ocrx_word' id='word_1_257' title='bbox 1251 4036 1311 4089; x_wconf 93' lang='lat' dir='ltr'><strong>et</strong></span> <span class='ocrx_word' id='word_1_258' title='bbox 1346 4031 1598 4106; x_wconf 87' lang='lat' dir='ltr'><strong>insuper</strong></span> <span class='ocrx_word' id='word_1_259' title='bbox 1638 4034 2080 4095; x_wconf 86' lang='lat' dir='ltr'><strong>discordiarum</strong></span> 
     </span>
    </p>
   </div>
   <div class='ocr_carea' id='block_1_45' title="bbox 405 4114 2078 4193">
    <p class='ocr_par' dir='ltr' id='par_1_45' title="bbox 405 4114 2078 4193">
     <span class='ocr_line' id='line_1_45' title="bbox 405 4114 2078 4193; baseline 0.003 -16"><span class='ocrx_word' id='word_1_260' title='bbox 405 4114 816 4177; x_wconf 84' lang='lat' dir='ltr'><strong>incentoribus</strong></span> <span class='ocrx_word' id='word_1_261' title='bbox 842 4116 1302 4192; x_wconf 87' lang='lat' dir='ltr'><strong>fautoribusque</strong></span> <span class='ocrx_word' id='word_1_262' title='bbox 1340 4137 1454 4193; x_wconf 93' lang='lat' dir='ltr'><strong>pro</strong></span> <span class='ocrx_word' id='word_1_263' title='bbox 1498 4123 1709 4181; x_wconf 88' lang='lat' dir='ltr'><strong>merito</strong></span> <span class='ocrx_word' id='word_1_264' title='bbox 1758 4124 2078 4183; x_wconf 87' lang='lat' dir='ltr'><strong>criminum</strong></span> 
     </span>
    </p>
   </div>
   <div class='ocr_carea' id='block_1_46' title="bbox 405 4203 2080 4282">
    <p class='ocr_par' dir='ltr' id='par_1_46' title="bbox 405 4203 2080 4282">
     <span class='ocr_line' id='line_1_46' title="bbox 405 4203 2080 4282; baseline 0.008 -23"><span class='ocrx_word' id='word_1_265' title='bbox 405 4203 627 4275; x_wconf 89' lang='lat' dir='ltr'><strong>partim</strong></span> <span class='ocrx_word' id='word_1_266' title='bbox 642 4204 821 4260; x_wconf 89' lang='lat' dir='ltr'><strong>rebus</strong></span> <span class='ocrx_word' id='word_1_267' title='bbox 840 4207 1059 4278; x_wconf 88' lang='lat' dir='ltr'><strong>partim</strong></span> <span class='ocrx_word' id='word_1_268' title='bbox 1080 4208 2080 4282; x_wconf 84' lang='lat' dir='ltr'><strong>exsiIiodamnatis,Franconofurd</strong></span> 
     </span>
    </p>
   </div>
   <div class='ocr_carea' id='block_1_47' title="bbox 405 4294 2079 4375">
    <p class='ocr_par' dir='ltr' id='par_1_47' title="bbox 405 4294 2079 4375">
     <span class='ocr_line' id='line_1_47' title="bbox 405 4294 2079 4375; baseline 0.009 -27"><span class='ocrx_word' id='word_1_269' title='bbox 405 4294 673 4366; x_wconf 90' lang='lat' dir='ltr'><strong>pervenit</strong></span> <span class='ocrx_word' id='word_1_270' title='bbox 698 4312 712 4362; x_wconf 90' lang='lat'><strong>;</strong></span> <span class='ocrx_word' id='word_1_271' title='bbox 745 4294 852 4351; x_wconf 88' lang='lat' dir='ltr'><strong>ubi</strong></span> <span class='ocrx_word' id='word_1_272' title='bbox 876 4296 1106 4368; x_wconf 84' lang='lat' dir='ltr'><strong>aliquot</strong></span> <span class='ocrx_word' id='word_1_273' title='bbox 1135 4298 1351 4356; x_wconf 88' lang='lat' dir='ltr'><strong>diebus</strong></span> <span class='ocrx_word' id='word_1_274' title='bbox 1372 4301 1806 4375; x_wconf 88' lang='lat' dir='ltr'><strong>perendinans,</strong></span> <span class='ocrx_word' id='word_1_275' title='bbox 1839 4322 2079 4362; x_wconf 89' lang='lat' dir='ltr'><strong>marcas</strong></span> 
     </span>
    </p>
   </div>
   <div class='ocr_carea' id='block_1_48' title="bbox 405 4382 2079 4466">
    <p class='ocr_par' dir='ltr' id='par_1_48' title="bbox 405 4382 2079 4466">
     <span class='ocr_line' id='line_1_48' title="bbox 405 4382 2079 4466; baseline 0.009 -29"><span class='ocrx_word' id='word_1_276' title='bbox 405 4382 793 4456; x_wconf 88' lang='lat' dir='ltr'><strong>populosque</strong></span> <span class='ocrx_word' id='word_1_277' title='bbox 835 4386 1221 4444; x_wconf 86' lang='lat' dir='ltr'><strong>Germanicos</strong></span> <span class='ocrx_word' id='word_1_278' title='bbox 1269 4388 1593 4464; x_wconf 88' lang='lat' dir='ltr'><strong>disponere</strong></span> <span class='ocrx_word' id='word_1_279' title='bbox 1635 4410 1886 4466; x_wconf 64' lang='lat' dir='ltr'><strong>suasque</strong></span> <span class='ocrx_word' id='word_1_280' title='bbox 1936 4396 2079 4453; x_wconf 86' lang='lat' dir='ltr'><strong>ﬁdei</strong></span> 
     </span>
    </p>
   </div>
   <div class='ocr_carea' id='block_1_49' title="bbox 406 4472 2078 4558">
    <p class='ocr_par' dir='ltr' id='par_1_49' title="bbox 406 4472 2078 4558">
     <span class='ocr_line' id='line_1_49' title="bbox 406 4472 2078 4558; baseline 0.009 -31"><span class='ocrx_word' id='word_1_281' title='bbox 406 4475 628 4528; x_wconf 87' lang='lat' dir='ltr'><strong>arctius</strong></span> <span class='ocrx_word' id='word_1_282' title='bbox 659 4472 986 4545; x_wconf 87' lang='lat' dir='ltr'><strong>subjugare</strong></span> <span class='ocrx_word' id='word_1_283' title='bbox 1013 4491 1139 4532; x_wconf 95' lang='lat' dir='ltr'><strong>non</strong></span> <span class='ocrx_word' id='word_1_284' title='bbox 1169 4477 1416 4546; x_wconf 85' lang='lat' dir='ltr'><strong>distulit,</strong></span> <span class='ocrx_word' id='word_1_285' title='bbox 1449 4496 1518 4536; x_wconf 89' lang='lat' dir='ltr'><strong>ac</strong></span> <span class='ocrx_word' id='word_1_286' title='bbox 1549 4480 1768 4537; x_wconf 91' lang='lat' dir='ltr'><strong>deinde</strong></span> <span class='ocrx_word' id='word_1_287' title='bbox 1788 4483 1850 4539; x_wconf 91' lang='lat' dir='ltr'><strong>in</strong></span> <span class='ocrx_word' id='word_1_288' title='bbox 1876 4490 2078 4558; x_wconf 90' lang='lat' dir='ltr'><strong>partes</strong></span> 
     </span>
    </p>
   </div>
   <div class='ocr_carea' id='block_1_50' title="bbox 404 4561 2076 4640">
    <p class='ocr_par' dir='ltr' id='par_1_50' title="bbox 404 4561 2076 4640">
     <span class='ocr_line' id='line_1_50' title="bbox 404 4561 2076 4640; baseline 0.008 -21"><span class='ocrx_word' id='word_1_289' title='bbox 404 4561 781 4621; x_wconf 73' lang='lat' dir='ltr'><strong>Alamanniae</strong></span> <span class='ocrx_word' id='word_1_290' title='bbox 808 4569 1079 4639; x_wconf 91' lang='lat' dir='ltr'><strong>tempore</strong></span> <span class='ocrx_word' id='word_1_291' title='bbox 1111 4567 1599 4640; x_wconf 72' lang='lat' dir='ltr'><strong>Quadragesimee</strong></span> <span class='ocrx_word' id='word_1_292' title='bbox 1629 4571 1710 4629; x_wconf 91' lang='lat' dir='ltr'><strong>ad</strong></span> <span class='ocrx_word' id='word_1_293' title='bbox 1752 4573 1959 4630; x_wconf 89' lang='lat' dir='ltr'><strong>villam</strong></span> <span class='ocrx_word' id='word_1_294' title='bbox 1989 4592 2076 4633; x_wconf 90' lang='lat' dir='ltr'><strong>re-</strong></span> 
     </span>
    </p>
   </div>
   <div class='ocr_carea' id='block_1_51' title="bbox 2191 459 3875 535">
    <p class='ocr_par' dir='ltr' id='par_1_51' title="bbox 2191 459 3875 535">
     <span class='ocr_line' id='line_1_51' title="bbox 2191 459 3875 535; baseline -0.002 -18"><span class='ocrx_word' id='word_1_295' title='bbox 2191 462 2521 533; x_wconf 89' lang='lat' dir='ltr'><strong>crymabile</strong></span> <span class='ocrx_word' id='word_1_296' title='bbox 2546 462 2926 535; x_wconf 89' lang='lat' dir='ltr'><strong>nimiumque</strong></span> <span class='ocrx_word' id='word_1_297' title='bbox 2957 461 3190 518; x_wconf 89' lang='lat' dir='ltr'><strong>cunctis</strong></span> <span class='ocrx_word' id='word_1_298' title='bbox 3210 459 3559 517; x_wconf 69' lang='lat' dir='ltr'><strong>catholicae’l</strong></span> <span class='ocrx_word' id='word_1_299' title='bbox 3586 460 3875 518; x_wconf 72' lang='lat' dir='ltr'><strong>Ecclesiae</strong></span> 
     </span>
    </p>
   </div>
   <div class='ocr_carea' id='block_1_52' title="bbox 2191 549 3874 623">
    <p class='ocr_par' dir='ltr' id='par_1_52' title="bbox 2191 549 3874 623">
     <span class='ocr_line' id='line_1_52' title="bbox 2191 549 3874 623; baseline -0.001 -16"><span class='ocrx_word' id='word_1_300' title='bbox 2191 552 2329 608; x_wconf 89' lang='lat' dir='ltr'><strong>ﬁliis</strong></span> <span class='ocrx_word' id='word_1_301' title='bbox 2380 553 2927 623; x_wconf 89' lang='lat' dir='ltr'><strong>ingemiscendum,</strong></span> <span class='ocrx_word' id='word_1_302' title='bbox 2972 553 3142 610; x_wconf 86' lang='lat' dir='ltr'><strong>fama</strong></span> <span class='ocrx_word' id='word_1_303' title='bbox 3181 550 3533 623; x_wconf 87' lang='lat' dir='ltr'><strong>perferente,</strong></span> <span class='ocrx_word' id='word_1_304' title='bbox 3581 549 3874 609; x_wconf 80' lang='lat' dir='ltr'><strong>innotuit.</strong></span> 
     </span>
    </p>
   </div>
   <div class='ocr_carea' id='block_1_53' title="bbox 2192 639 3878 715">
    <p class='ocr_par' dir='ltr' id='par_1_53' title="bbox 2192 639 3878 715">
     <span class='ocr_line' id='line_1_53' title="bbox 2192 639 3878 715; baseline -0.001 -20"><span class='ocrx_word' id='word_1_305' title='bbox 2192 642 2387 698; x_wconf 75' lang='lat' dir='ltr'><strong>Bodoe</strong></span> <span class='ocrx_word' id='word_1_306' title='bbox 2419 643 2732 715; x_wconf 88' lang='lat' dir='ltr'><strong>diaconus,</strong></span> <span class='ocrx_word' id='word_1_307' title='bbox 2772 640 3164 699; x_wconf 86' lang='lat' dir='ltr'><strong>Alamannica</strong></span> <span class='ocrx_word' id='word_1_308' title='bbox 3197 644 3370 711; x_wconf 86' lang='lat' dir='ltr'><strong>gente</strong></span> <span class='ocrx_word' id='word_1_309' title='bbox 3399 639 3786 711; x_wconf 87' lang='lat' dir='ltr'><strong>progenitus,</strong></span> <span class='ocrx_word' id='word_1_310' title='bbox 3822 643 3878 694; x_wconf 86' lang='lat' dir='ltr'><strong>et</strong></span> 
     </span>
    </p>
   </div>
   <div class='ocr_carea' id='block_1_54' title="bbox 2191 729 3875 805">
    <p class='ocr_par' dir='ltr' id='par_1_54' title="bbox 2191 729 3875 805">
     <span class='ocr_line' id='line_1_54' title="bbox 2191 729 3875 805; baseline -0.001 -16"><span class='ocrx_word' id='word_1_311' title='bbox 2191 731 2271 789; x_wconf 89' lang='lat' dir='ltr'><strong>ab</strong></span> <span class='ocrx_word' id='word_1_312' title='bbox 2300 731 2445 804; x_wconf 90' lang='lat' dir='ltr'><strong>ipsis</strong></span> <span class='ocrx_word' id='word_1_313' title='bbox 2474 748 2627 805; x_wconf 91' lang='lat' dir='ltr'><strong>pene</strong></span> <span class='ocrx_word' id='word_1_314' title='bbox 2659 732 2975 790; x_wconf 89' lang='lat' dir='ltr'><strong>cunabulis</strong></span> <span class='ocrx_word' id='word_1_315' title='bbox 3005 731 3066 787; x_wconf 91' lang='lat' dir='ltr'><strong>in</strong></span> <span class='ocrx_word' id='word_1_316' title='bbox 3086 730 3414 786; x_wconf 90' lang='lat' dir='ltr'><strong>christiana</strong></span> <span class='ocrx_word' id='word_1_317' title='bbox 3434 729 3727 799; x_wconf 81' lang='lat' dir='ltr'><strong>religione</strong></span> <span class='ocrx_word' id='word_1_318' title='bbox 3760 743 3875 801; x_wconf 82' lang='lat' dir='ltr'><strong>pa-</strong></span> 
     </span>
    </p>
   </div>
   <div class='ocr_carea' id='block_1_55' title="bbox 2190 819 3873 892">
    <p class='ocr_par' dir='ltr' id='par_1_55' title="bbox 2190 819 3873 892">
     <span class='ocr_line' id='line_1_55' title="bbox 2190 819 3873 892; baseline -0.004 -13"><span class='ocrx_word' id='word_1_319' title='bbox 2190 821 2389 879; x_wconf 89' lang='lat' dir='ltr'><strong>latinis</strong></span> <span class='ocrx_word' id='word_1_320' title='bbox 2443 823 2882 880; x_wconf 89' lang='lat' dir='ltr'><strong>eruditionibus</strong></span> <span class='ocrx_word' id='word_1_321' title='bbox 2930 821 3145 878; x_wconf 87' lang='lat' dir='ltr'><strong>divinis</strong></span> <span class='ocrx_word' id='word_1_322' title='bbox 3198 819 3605 892; x_wconf 88' lang='lat' dir='ltr'><strong>humanisque</strong></span> <span class='ocrx_word' id='word_1_323' title='bbox 3654 819 3873 877; x_wconf 85' lang='lat' dir='ltr'><strong>litteris</strong></span> 
     </span>
    </p>
   </div>
   <div class='ocr_carea' id='block_1_56' title="bbox 2192 909 3873 984">
    <p class='ocr_par' dir='ltr' id='par_1_56' title="bbox 2192 909 3873 984">
     <span class='ocr_line' id='line_1_56' title="bbox 2192 909 3873 984; baseline -0.001 -17"><span class='ocrx_word' id='word_1_324' title='bbox 2192 910 2575 983; x_wconf 87' lang='lat' dir='ltr'><strong>aliquatenus</strong></span> <span class='ocrx_word' id='word_1_325' title='bbox 2598 911 3003 984; x_wconf 86' lang='lat' dir='ltr'><strong>imbutus,qui</strong></span> <span class='ocrx_word' id='word_1_326' title='bbox 3020 926 3181 967; x_wconf 89' lang='lat' dir='ltr'><strong>anno</strong></span> <span class='ocrx_word' id='word_1_327' title='bbox 3204 910 3578 981; x_wconf 62' lang='lat' dir='ltr'><strong>praecedente</strong></span> <span class='ocrx_word' id='word_1_328' title='bbox 3598 909 3873 967; x_wconf 82' lang='lat' dir='ltr'><strong>Romam</strong></span> 
     </span>
    </p>
   </div>
   <div class='ocr_carea' id='block_1_57' title="bbox 2191 998 3874 1074">
    <p class='ocr_par' dir='ltr' id='par_1_57' title="bbox 2191 998 3874 1074">
     <span class='ocr_line' id='line_1_57' title="bbox 2191 998 3874 1074; baseline -0.004 -16"><span class='ocrx_word' id='word_1_329' title='bbox 2191 1001 2477 1058; x_wconf 86' lang='lat' dir='ltr'><strong>orationis</strong></span> <span class='ocrx_word' id='word_1_330' title='bbox 2509 1003 2703 1071; x_wconf 88' lang='lat' dir='ltr'><strong>gratia</strong></span> <span class='ocrx_word' id='word_1_331' title='bbox 2738 1000 3101 1074; x_wconf 89' lang='lat' dir='ltr'><strong>properandi</strong></span> <span class='ocrx_word' id='word_1_332' title='bbox 3131 999 3435 1057; x_wconf 89' lang='lat' dir='ltr'><strong>licentiam</strong></span> <span class='ocrx_word' id='word_1_333' title='bbox 3470 999 3549 1057; x_wconf 89' lang='lat' dir='ltr'><strong>ab</strong></span> <span class='ocrx_word' id='word_1_334' title='bbox 3580 998 3874 1069; x_wconf 80' lang='lat' dir='ltr'><strong>Augustis</strong></span> 
     </span>
    </p>
   </div>
   <div class='ocr_carea' id='block_1_58' title="bbox 2189 1088 3874 1164">
    <p class='ocr_par' dir='ltr' id='par_1_58' title="bbox 2189 1088 3874 1164">
     <span class='ocr_line' id='line_1_58' title="bbox 2189 1088 3874 1164; baseline -0.001 -18"><span class='ocrx_word' id='word_1_335' title='bbox 2189 1097 2570 1163; x_wconf 89' lang='lat' dir='ltr'><strong>poposcerat,</strong></span> <span class='ocrx_word' id='word_1_336' title='bbox 2604 1091 2928 1164; x_wconf 90' lang='lat' dir='ltr'><strong>multisque</strong></span> <span class='ocrx_word' id='word_1_337' title='bbox 2973 1089 3241 1147; x_wconf 89' lang='lat' dir='ltr'><strong>donariis</strong></span> <span class='ocrx_word' id='word_1_338' title='bbox 3279 1093 3630 1146; x_wconf 88' lang='lat' dir='ltr'><strong>muneratus</strong></span> <span class='ocrx_word' id='word_1_339' title='bbox 3676 1088 3874 1160; x_wconf 88' lang='lat' dir='ltr'><strong>impe-</strong></span> 
     </span>
    </p>
   </div>
   <div class='ocr_carea' id='block_1_59' title="bbox 2190 1177 3878 1251">
    <p class='ocr_par' dir='ltr' id='par_1_59' title="bbox 2190 1177 3878 1251">
     <span class='ocr_line' id='line_1_59' title="bbox 2190 1177 3878 1251; baseline -0.003 -14"><span class='ocrx_word' id='word_1_340' title='bbox 2190 1184 2471 1249; x_wconf 85' lang='lat' dir='ltr'><strong>traverat,</strong></span> <span class='ocrx_word' id='word_1_341' title='bbox 2522 1180 2780 1237; x_wconf 88' lang='lat' dir='ltr'><strong>humani</strong></span> <span class='ocrx_word' id='word_1_342' title='bbox 2824 1179 3059 1250; x_wconf 86' lang='lat' dir='ltr'><strong>generis</strong></span> <span class='ocrx_word' id='word_1_343' title='bbox 3105 1179 3277 1236; x_wconf 88' lang='lat' dir='ltr'><strong>hoste</strong></span> <span class='ocrx_word' id='word_1_344' title='bbox 3320 1178 3624 1251; x_wconf 86' lang='lat' dir='ltr'><strong>pellectus,</strong></span> <span class='ocrx_word' id='word_1_345' title='bbox 3659 1177 3878 1234; x_wconf 88' lang='lat' dir='ltr'><strong>relicta</strong></span> 
     </span>
    </p>
   </div>
   <div class='ocr_carea' id='block_1_60' title="bbox 2190 1266 3877 1341">
    <p class='ocr_par' dir='ltr' id='par_1_60' title="bbox 2190 1266 3877 1341">
     <span class='ocr_line' id='line_1_60' title="bbox 2190 1266 3877 1341; baseline -0.002 -16"><span class='ocrx_word' id='word_1_346' title='bbox 2190 1270 2618 1327; x_wconf 86' lang='lat' dir='ltr'><strong>christianitate</strong></span> <span class='ocrx_word' id='word_1_347' title='bbox 2648 1271 2726 1327; x_wconf 91' lang='lat' dir='ltr'><strong>ad</strong></span> <span class='ocrx_word' id='word_1_348' title='bbox 2744 1270 3122 1341; x_wconf 89' lang='lat' dir='ltr'><strong>judaismum</strong></span> <span class='ocrx_word' id='word_1_349' title='bbox 3154 1284 3282 1325; x_wconf 89' lang='lat' dir='ltr'><strong>sese</strong></span> <span class='ocrx_word' id='word_1_350' title='bbox 3310 1267 3616 1324; x_wconf 87' lang='lat' dir='ltr'><strong>convertit.</strong></span> <span class='ocrx_word' id='word_1_351' title='bbox 3641 1268 3715 1324; x_wconf 89' lang='lat' dir='ltr'><strong>Et</strong></span> <span class='ocrx_word' id='word_1_352' title='bbox 3744 1266 3877 1340; x_wconf 88' lang='lat' dir='ltr'><strong>pri-</strong></span> 
     </span>
    </p>
   </div>
   <div class='ocr_carea' id='block_1_61' title="bbox 2189 1357 3875 1433">
    <p class='ocr_par' dir='ltr' id='par_1_61' title="bbox 2189 1357 3875 1433">
     <span class='ocr_line' id='line_1_61' title="bbox 2189 1357 3875 1433; baseline -0.002 -17"><span class='ocrx_word' id='word_1_353' title='bbox 2189 1376 2363 1416; x_wconf 90' lang='lat' dir='ltr'><strong>mum</strong></span> <span class='ocrx_word' id='word_1_354' title='bbox 2405 1360 2654 1433; x_wconf 90' lang='lat' dir='ltr'><strong>quidem</strong></span> <span class='ocrx_word' id='word_1_355' title='bbox 2683 1359 2933 1416; x_wconf 91' lang='lat' dir='ltr'><strong>consilio</strong></span> <span class='ocrx_word' id='word_1_356' title='bbox 2962 1358 3320 1431; x_wconf 87' lang='lat' dir='ltr'><strong>proditionis</strong></span> <span class='ocrx_word' id='word_1_357' title='bbox 3359 1360 3539 1430; x_wconf 88' lang='lat' dir='ltr'><strong>atque</strong></span> <span class='ocrx_word' id='word_1_358' title='bbox 3575 1357 3875 1430; x_wconf 83' lang='lat' dir='ltr'><strong>perditio-</strong></span> 
     </span>
    </p>
   </div>
   <div class='ocr_carea' id='block_1_62' title="bbox 2188 1446 3875 1520">
    <p class='ocr_par' dir='ltr' id='par_1_62' title="bbox 2188 1446 3875 1520">
     <span class='ocr_line' id='line_1_62' title="bbox 2188 1446 3875 1520; baseline -0.002 -14"><span class='ocrx_word' id='word_1_359' title='bbox 2188 1448 2282 1506; x_wconf 89' lang='lat' dir='ltr'><strong>nis</strong></span> <span class='ocrx_word' id='word_1_360' title='bbox 2312 1465 2436 1505; x_wconf 74' lang='lat' dir='ltr'><strong>suee</strong></span> <span class='ocrx_word' id='word_1_361' title='bbox 2467 1466 2609 1506; x_wconf 89' lang='lat' dir='ltr'><strong>cum</strong></span> <span class='ocrx_word' id='word_1_362' title='bbox 2652 1448 2868 1505; x_wconf 82' lang='lat' dir='ltr'><strong>Iudaeis</strong></span> <span class='ocrx_word' id='word_1_363' title='bbox 2900 1448 3068 1518; x_wconf 89' lang='lat' dir='ltr'><strong>inito,</strong></span> <span class='ocrx_word' id='word_1_364' title='bbox 3100 1464 3258 1520; x_wconf 90' lang='lat' dir='ltr'><strong>quos</strong></span> <span class='ocrx_word' id='word_1_365' title='bbox 3291 1463 3497 1503; x_wconf 89' lang='lat' dir='ltr'>secum</span> <span class='ocrx_word' id='word_1_366' title='bbox 3523 1446 3875 1504; x_wconf 78' lang='lat' dir='ltr'><strong>adduxerat</strong></span> 
     </span>
    </p>
   </div>
   <div class='ocr_carea' id='block_1_63' title="bbox 2189 1535 3871 1608">
    <p class='ocr_par' dir='ltr' id='par_1_63' title="bbox 2189 1535 3871 1608">
     <span class='ocr_line' id='line_1_63' title="bbox 2189 1535 3871 1608; baseline 0 -15"><span class='ocrx_word' id='word_1_367' title='bbox 2189 1537 2447 1608; x_wconf 89' lang='lat' dir='ltr'><strong>paganis</strong></span> <span class='ocrx_word' id='word_1_368' title='bbox 2477 1537 2831 1594; x_wconf 90' lang='lat' dir='ltr'><strong>vendendos</strong></span> <span class='ocrx_word' id='word_1_369' title='bbox 2862 1536 3076 1594; x_wconf 90' lang='lat' dir='ltr'><strong>callide</strong></span> <span class='ocrx_word' id='word_1_370' title='bbox 3103 1537 3441 1593; x_wconf 89' lang='lat' dir='ltr'><strong>machinari</strong></span> <span class='ocrx_word' id='word_1_371' title='bbox 3470 1551 3593 1592; x_wconf 94' lang='lat' dir='ltr'><strong>non</strong></span> <span class='ocrx_word' id='word_1_372' title='bbox 3622 1535 3835 1593; x_wconf 83' lang='lat' dir='ltr'><strong>timuit</strong></span> <span class='ocrx_word' id='word_1_373' title='bbox 3859 1556 3871 1604; x_wconf 89' lang='lat'><strong>;</strong></span> 
     </span>
    </p>
   </div>
   <div class='ocr_carea' id='block_1_64' title="bbox 2191 1624 3873 1697">
    <p class='ocr_par' dir='ltr' id='par_1_64' title="bbox 2191 1624 3873 1697">
     <span class='ocr_line' id='line_1_64' title="bbox 2191 1624 3873 1697; baseline -0.001 -16"><span class='ocrx_word' id='word_1_374' title='bbox 2191 1627 2414 1697; x_wconf 90' lang='lat' dir='ltr'><strong>quibus</strong></span> <span class='ocrx_word' id='word_1_375' title='bbox 2456 1626 2776 1696; x_wconf 86' lang='lat' dir='ltr'><strong>distractis,</strong></span> <span class='ocrx_word' id='word_1_376' title='bbox 2822 1642 2947 1683; x_wconf 92' lang='lat' dir='ltr'><strong>uno</strong></span> <span class='ocrx_word' id='word_1_377' title='bbox 3004 1626 3428 1683; x_wconf 89' lang='lat' dir='ltr'><strong>tantummodo</strong></span> <span class='ocrx_word' id='word_1_378' title='bbox 3473 1640 3701 1697; x_wconf 88' lang='lat' dir='ltr'><strong>secum,</strong></span> <span class='ocrx_word' id='word_1_379' title='bbox 3761 1624 3873 1697; x_wconf 90' lang='lat' dir='ltr'><strong>qui</strong></span> 
     </span>
    </p>
   </div>
   <div class='ocr_carea' id='block_1_65' title="bbox 2122 1712 3875 1793">
    <p class='ocr_par' dir='ltr' id='par_1_65' title="bbox 2122 1712 3875 1793">
     <span class='ocr_line' id='line_1_65' title="bbox 2122 1712 3875 1793; baseline -0.001 -23"><span class='ocrx_word' id='word_1_380' title='bbox 2122 1740 2161 1793; x_wconf 77' lang='grc' dir='ltr'>Β</span> <span class='ocrx_word' id='word_1_381' title='bbox 2192 1731 2384 1787; x_wconf 92' lang='lat' dir='ltr'><strong>nepos</strong></span> <span class='ocrx_word' id='word_1_382' title='bbox 2410 1716 2560 1785; x_wconf 88' lang='lat' dir='ltr'><strong>eius,</strong></span> <span class='ocrx_word' id='word_1_383' title='bbox 2596 1716 2917 1784; x_wconf 88' lang='lat' dir='ltr'><strong>ferebatur,</strong></span> <span class='ocrx_word' id='word_1_384' title='bbox 2949 1720 3180 1772; x_wconf 89' lang='lat' dir='ltr'><strong>retento</strong></span> <span class='ocrx_word' id='word_1_385' title='bbox 3230 1716 3535 1785; x_wconf 90' lang='lat' dir='ltr'><strong>abnegata</strong></span> <span class='ocrx_word' id='word_1_386' title='bbox 3577 1746 3647 1756; x_wconf 88' lang='lat'><strong>—-</strong></span> <span class='ocrx_word' id='word_1_387' title='bbox 3694 1712 3875 1788; x_wconf 87' lang='lat' dir='ltr'><strong>quod</strong></span> 
     </span>
    </p>
   </div>
   <div class='ocr_carea' id='block_1_66' title="bbox 2190 1803 3875 1872">
    <p class='ocr_par' dir='ltr' id='par_1_66' title="bbox 2190 1803 3875 1872">
     <span class='ocr_line' id='line_1_66' title="bbox 2190 1803 3875 1872; baseline -0.001 -13"><span class='ocrx_word' id='word_1_388' title='bbox 2190 1804 2635 1860; x_wconf 85' lang='lat' dir='ltr'><strong>lacrimabiliter</strong></span> <span class='ocrx_word' id='word_1_389' title='bbox 2649 1805 2907 1861; x_wconf 88' lang='lat' dir='ltr'><strong>dicimus</strong></span> <span class='ocrx_word' id='word_1_390' title='bbox 2936 1836 3001 1845; x_wconf 91' lang='lat'><strong>—</strong></span> <span class='ocrx_word' id='word_1_391' title='bbox 3022 1805 3236 1861; x_wconf 90' lang='lat' dir='ltr'><strong>Christi</strong></span> <span class='ocrx_word' id='word_1_392' title='bbox 3254 1805 3395 1872; x_wconf 88' lang='lat' dir='ltr'><strong>ﬁde,</strong></span> <span class='ocrx_word' id='word_1_393' title='bbox 3428 1820 3556 1860; x_wconf 89' lang='lat' dir='ltr'><strong>sese</strong></span> <span class='ocrx_word' id='word_1_394' title='bbox 3589 1803 3875 1859; x_wconf 83' lang='lat' dir='ltr'><strong>Iudaeum</strong></span> 
     </span>
    </p>
   </div>
   <div class='ocr_carea' id='block_1_67' title="bbox 2190 1892 3875 1966">
    <p class='ocr_par' dir='ltr' id='par_1_67' title="bbox 2190 1892 3875 1966">
     <span class='ocr_line' id='line_1_67' title="bbox 2190 1892 3875 1966; baseline 0 -19"><span class='ocrx_word' id='word_1_395' title='bbox 2190 1893 2498 1966; x_wconf 80' lang='lat' dir='ltr'><strong>professus</strong></span> <span class='ocrx_word' id='word_1_396' title='bbox 2537 1894 2908 1965; x_wconf 90' lang='lat' dir='ltr'><strong>est..Sicque</strong></span> <span class='ocrx_word' id='word_1_397' title='bbox 2958 1893 3348 1949; x_wconf 90' lang='lat' dir='ltr'><strong>circumsisus</strong></span> <span class='ocrx_word' id='word_1_398' title='bbox 3397 1892 3751 1966; x_wconf 90' lang='lat' dir='ltr'><strong>capillisque</strong></span> <span class='ocrx_word' id='word_1_399' title='bbox 3802 1908 3875 1947; x_wconf 88' lang='lat' dir='ltr'><strong>ac</strong></span> 
     </span>
    </p>
   </div>
   <div class='ocr_carea' id='block_1_68' title="bbox 2190 1982 3872 2057">
    <p class='ocr_par' dir='ltr' id='par_1_68' title="bbox 2190 1982 3872 2057">
     <span class='ocr_line' id='line_1_68' title="bbox 2190 1982 3872 2057; baseline -0.002 -17"><span class='ocrx_word' id='word_1_400' title='bbox 2190 1982 2385 2042; x_wconf 89' lang='lat' dir='ltr'><strong>barba</strong></span> <span class='ocrx_word' id='word_1_401' title='bbox 2412 1982 2840 2051; x_wconf 87' lang='lat' dir='ltr'><strong>crescentibus,</strong></span> <span class='ocrx_word' id='word_1_402' title='bbox 2872 1987 2929 2040; x_wconf 91' lang='lat' dir='ltr'><strong>et</strong></span> <span class='ocrx_word' id='word_1_403' title='bbox 2956 1986 3189 2041; x_wconf 89' lang='lat' dir='ltr'><strong>mutato</strong></span> <span class='ocrx_word' id='word_1_404' title='bbox 3216 1983 3539 2057; x_wconf 88' lang='lat' dir='ltr'><strong>potiusque</strong></span> <span class='ocrx_word' id='word_1_405' title='bbox 3569 1985 3872 2054; x_wconf 88' lang='lat' dir='ltr'><strong>usurpato</strong></span> 
     </span>
    </p>
   </div>
   <div class='ocr_carea' id='block_1_69' title="bbox 2189 2069 3870 2143">
    <p class='ocr_par' dir='ltr' id='par_1_69' title="bbox 2189 2069 3870 2143">
     <span class='ocr_line' id='line_1_69' title="bbox 2189 2069 3870 2143; baseline -0.002 -14"><span class='ocrx_word' id='word_1_406' title='bbox 2189 2070 2453 2129; x_wconf 89' lang='lat' dir='ltr'><strong>Eleazari</strong></span> <span class='ocrx_word' id='word_1_407' title='bbox 2481 2072 2750 2143; x_wconf 91' lang='lat' dir='ltr'><strong>nomine,</strong></span> <span class='ocrx_word' id='word_1_408' title='bbox 2783 2073 3088 2130; x_wconf 87' lang='lat' dir='ltr'><strong>accinctus</strong></span> <span class='ocrx_word' id='word_1_409' title='bbox 3118 2073 3300 2130; x_wconf 91' lang='lat' dir='ltr'><strong>etiam</strong></span> <span class='ocrx_word' id='word_1_410' title='bbox 3327 2070 3569 2143; x_wconf 89' lang='lat' dir='ltr'><strong>cingulo</strong></span> <span class='ocrx_word' id='word_1_411' title='bbox 3595 2069 3870 2135; x_wconf 87' lang='lat' dir='ltr'><strong>militari,</strong></span> 
     </span>
    </p>
   </div>
   <div class='ocr_carea' id='block_1_70' title="bbox 2189 2158 3869 2233">
    <p class='ocr_par' dir='ltr' id='par_1_70' title="bbox 2189 2158 3869 2233">
     <span class='ocr_line' id='line_1_70' title="bbox 2189 2158 3869 2233; baseline -0.001 -16"><span class='ocrx_word' id='word_1_412' title='bbox 2189 2160 2507 2217; x_wconf 87' lang='lat' dir='ltr'><strong>cuiusdam</strong></span> <span class='ocrx_word' id='word_1_413' title='bbox 2538 2161 2723 2219; x_wconf 72' lang='lat' dir='ltr'><strong>Iudaei</strong></span> <span class='ocrx_word' id='word_1_414' title='bbox 2752 2161 2942 2218; x_wconf 84' lang='lat' dir='ltr'><strong>tiliam</strong></span> <span class='ocrx_word' id='word_1_415' title='bbox 2974 2160 3087 2217; x_wconf 90' lang='lat' dir='ltr'><strong>sibi</strong></span> <span class='ocrx_word' id='word_1_416' title='bbox 3114 2160 3503 2218; x_wconf 90' lang='lat' dir='ltr'><strong>matrimonio</strong></span> <span class='ocrx_word' id='word_1_417' title='bbox 3529 2158 3869 2233; x_wconf 81' lang='lat' dir='ltr'><strong>copulavit,</strong></span> 
     </span>
    </p>
   </div>
   <div class='ocr_carea' id='block_1_71' title="bbox 2189 2248 3873 2322">
    <p class='ocr_par' dir='ltr' id='par_1_71' title="bbox 2189 2248 3873 2322">
     <span class='ocr_line' id='line_1_71' title="bbox 2189 2248 3873 2322; baseline -0.001 -17"><span class='ocrx_word' id='word_1_418' title='bbox 2189 2254 2398 2308; x_wconf 91' lang='lat' dir='ltr'><strong>coacto</strong></span> <span class='ocrx_word' id='word_1_419' title='bbox 2428 2254 2764 2308; x_wconf 88' lang='lat' dir='ltr'><strong>memorato</strong></span> <span class='ocrx_word' id='word_1_420' title='bbox 2794 2255 3012 2322; x_wconf 89' lang='lat' dir='ltr'><strong>nepote</strong></span> <span class='ocrx_word' id='word_1_421' title='bbox 3058 2267 3169 2306; x_wconf 89' lang='lat' dir='ltr'><strong>suo</strong></span> <span class='ocrx_word' id='word_1_422' title='bbox 3217 2250 3487 2307; x_wconf 89' lang='lat' dir='ltr'><strong>similiter</strong></span> <span class='ocrx_word' id='word_1_423' title='bbox 3515 2250 3597 2307; x_wconf 91' lang='lat' dir='ltr'><strong>ad</strong></span> <span class='ocrx_word' id='word_1_424' title='bbox 3621 2248 3873 2319; x_wconf 87' lang='lat' dir='ltr'><strong>judais-</strong></span> 
     </span>
    </p>
   </div>
   <div class='ocr_carea' id='block_1_72' title="bbox 2187 2337 3873 2411">
    <p class='ocr_par' dir='ltr' id='par_1_72' title="bbox 2187 2337 3873 2411">
     <span class='ocr_line' id='line_1_72' title="bbox 2187 2337 3873 2411; baseline -0.001 -16"><span class='ocrx_word' id='word_1_425' title='bbox 2187 2355 2360 2396; x_wconf 89' lang='lat' dir='ltr'>mum</span> <span class='ocrx_word' id='word_1_426' title='bbox 2377 2338 3074 2411; x_wconf 88' lang='lat' dir='ltr'><strong>translato,tandemque</strong></span> <span class='ocrx_word' id='word_1_427' title='bbox 3103 2355 3243 2395; x_wconf 92' lang='lat' dir='ltr'><strong>cum</strong></span> <span class='ocrx_word' id='word_1_428' title='bbox 3265 2339 3502 2405; x_wconf 68' lang='lat' dir='ltr'><strong>Iudaeis,</strong></span> <span class='ocrx_word' id='word_1_429' title='bbox 3523 2337 3873 2397; x_wconf 89' lang='lat' dir='ltr'><strong>miserrima</strong></span> 
     </span>
    </p>
   </div>
   <div class='ocr_carea' id='block_1_73' title="bbox 2188 2426 3870 2500">
    <p class='ocr_par' dir='ltr' id='par_1_73' title="bbox 2188 2426 3870 2500">
     <span class='ocr_line' id='line_1_73' title="bbox 2188 2426 3870 2500; baseline -0.001 -15"><span class='ocrx_word' id='word_1_430' title='bbox 2188 2427 2513 2500; x_wconf 90' lang='lat' dir='ltr'><strong>cupiditate</strong></span> <span class='ocrx_word' id='word_1_431' title='bbox 2541 2426 2879 2496; x_wconf 80' lang='lat' dir='ltr'><strong>devinctus,</strong></span> <span class='ocrx_word' id='word_1_432' title='bbox 2914 2428 3460 2498; x_wconf 65' lang='lat' dir='ltr'><strong>Caesaraugustam,</strong></span> <span class='ocrx_word' id='word_1_433' title='bbox 3484 2426 3703 2484; x_wconf 90' lang='lat' dir='ltr'><strong>urbem</strong></span> <span class='ocrx_word' id='word_1_434' title='bbox 3736 2427 3870 2484; x_wconf 83' lang='lat' dir='ltr'><strong>His-</strong></span> 
     </span>
    </p>
   </div>
   <div class='ocr_carea' id='block_1_74' title="bbox 2187 2516 3867 2591">
    <p class='ocr_par' dir='ltr' id='par_1_74' title="bbox 2187 2516 3867 2591">
     <span class='ocr_line' id='line_1_74' title="bbox 2187 2516 3867 2591; baseline -0.002 -17"><span class='ocrx_word' id='word_1_435' title='bbox 2187 2516 2407 2591; x_wconf 79' lang='lat' dir='ltr'><strong>paniae,</strong></span> <span class='ocrx_word' id='word_1_436' title='bbox 2470 2517 2775 2574; x_wconf 90' lang='lat' dir='ltr'><strong>mediante</strong></span> <span class='ocrx_word' id='word_1_437' title='bbox 2821 2519 3094 2588; x_wconf 85' lang='lat' dir='ltr'><strong>Augusto</strong></span> <span class='ocrx_word' id='word_1_438' title='bbox 3146 2531 3356 2573; x_wconf 87' lang='lat' dir='ltr'><strong>mense</strong></span> <span class='ocrx_word' id='word_1_439' title='bbox 3401 2516 3713 2586; x_wconf 89' lang='lat' dir='ltr'><strong>ingressus</strong></span> <span class='ocrx_word' id='word_1_440' title='bbox 3758 2520 3867 2574; x_wconf 79' lang='lat' dir='ltr'><strong>est.</strong></span> 
     </span>
    </p>
   </div>
   <div class='ocr_carea' id='block_1_75' title="bbox 2190 2605 3871 2680">
    <p class='ocr_par' dir='ltr' id='par_1_75' title="bbox 2190 2605 3871 2680">
     <span class='ocr_line' id='line_1_75' title="bbox 2190 2605 3871 2680; baseline -0.001 -17"><span class='ocrx_word' id='word_1_441' title='bbox 2190 2606 2364 2672; x_wconf 89' lang='lat' dir='ltr'><strong>Quod</strong></span> <span class='ocrx_word' id='word_1_442' title='bbox 2422 2610 2722 2680; x_wconf 89' lang='lat' dir='ltr'><strong>quantum</strong></span> <span class='ocrx_word' id='word_1_443' title='bbox 2777 2606 3059 2675; x_wconf 78' lang='lat' dir='ltr'><strong>Augustis</strong></span> <span class='ocrx_word' id='word_1_444' title='bbox 3110 2606 3462 2679; x_wconf 90' lang='lat' dir='ltr'><strong>cunctisque</strong></span> <span class='ocrx_word' id='word_1_445' title='bbox 3516 2605 3871 2664; x_wconf 71' lang='lat' dir='ltr'><strong>christiana</strong></span> 
     </span>
    </p>
   </div>
   <div class='ocr_carea' id='block_1_76' title="bbox 2187 2695 3876 2769">
    <p class='ocr_par' dir='ltr' id='par_1_76' title="bbox 2187 2695 3876 2769">
     <span class='ocr_line' id='line_1_76' title="bbox 2187 2695 3876 2769; baseline 0.001 -16"><span class='ocrx_word' id='word_1_446' title='bbox 2187 2695 2331 2754; x_wconf 90' lang='lat' dir='ltr'><strong>ﬁdei</strong></span> <span class='ocrx_word' id='word_1_447' title='bbox 2379 2696 2574 2767; x_wconf 88' lang='lat' dir='ltr'><strong>gratia</strong></span> <span class='ocrx_word' id='word_1_448' title='bbox 2610 2696 2942 2769; x_wconf 89' lang='lat' dir='ltr'><strong>redemptis</strong></span> <span class='ocrx_word' id='word_1_449' title='bbox 2987 2695 3334 2754; x_wconf 89' lang='lat' dir='ltr'><strong>luctuosum</strong></span> <span class='ocrx_word' id='word_1_450' title='bbox 3383 2695 3659 2765; x_wconf 79' lang='lat' dir='ltr'><strong>extiterit,</strong></span> <span class='ocrx_word' id='word_1_451' title='bbox 3712 2695 3876 2754; x_wconf 66' lang='lat' dir='ltr'><strong>dim-</strong></span> 
     </span>
    </p>
   </div>
   <div class='ocr_carea' id='block_1_77' title="bbox 2189 2784 3876 2859">
    <p class='ocr_par' dir='ltr' id='par_1_77' title="bbox 2189 2784 3876 2859">
     <span class='ocr_line' id='line_1_77' title="bbox 2189 2784 3876 2859; baseline 0.001 -18"><span class='ocrx_word' id='word_1_452' title='bbox 2189 2784 2398 2849; x_wconf 89' lang='lat' dir='ltr'><strong>cultas,</strong></span> <span class='ocrx_word' id='word_1_453' title='bbox 2421 2801 2547 2858; x_wconf 90' lang='lat' dir='ltr'><strong>qua</strong></span> <span class='ocrx_word' id='word_1_454' title='bbox 2573 2785 2923 2859; x_wconf 89' lang='lat' dir='ltr'><strong>imperatori</strong></span> <span class='ocrx_word' id='word_1_455' title='bbox 2941 2786 3005 2843; x_wconf 90' lang='lat' dir='ltr'><strong>id</strong></span> <span class='ocrx_word' id='word_1_456' title='bbox 3030 2785 3201 2844; x_wconf 88' lang='lat' dir='ltr'><strong>facile</strong></span> <span class='ocrx_word' id='word_1_457' title='bbox 3222 2785 3595 2843; x_wconf 89' lang='lat' dir='ltr'><strong>credendum</strong></span> <span class='ocrx_word' id='word_1_458' title='bbox 3614 2801 3876 2859; x_wconf 83' lang='lat' dir='ltr'><strong>persua-</strong></span> 
     </span>
    </p>
   </div>
   <div class='ocr_carea' id='block_1_78' title="bbox 2187 2874 3876 2948">
    <p class='ocr_par' dir='ltr' id='par_1_78' title="bbox 2187 2874 3876 2948">
     <span class='ocr_line' id='line_1_78' title="bbox 2187 2874 3876 2948; baseline -0.001 -15"><span class='ocrx_word' id='word_1_459' title='bbox 2187 2874 2315 2933; x_wconf 90' lang='lat' dir='ltr'><strong>deri</strong></span> <span class='ocrx_word' id='word_1_460' title='bbox 2344 2890 2471 2933; x_wconf 91' lang='lat' dir='ltr'><strong>non</strong></span> <span class='ocrx_word' id='word_1_461' title='bbox 2499 2875 2712 2947; x_wconf 90' lang='lat' dir='ltr'><strong>potuit,</strong></span> <span class='ocrx_word' id='word_1_462' title='bbox 2740 2879 3017 2948; x_wconf 87' lang='lat' dir='ltr'><strong>patenter</strong></span> <span class='ocrx_word' id='word_1_463' title='bbox 3050 2874 3336 2933; x_wconf 89' lang='lat' dir='ltr'><strong>omnibus</strong></span> <span class='ocrx_word' id='word_1_464' title='bbox 3365 2874 3674 2932; x_wconf 89' lang='lat' dir='ltr'><strong>indicavit.</strong></span> <span class='ocrx_word' id='word_1_465' title='bbox 3708 2877 3876 2932; x_wconf 48' lang='lat' dir='ltr'><strong>Prae»</strong></span> 
     </span>
    </p>
   </div>
   <div class='ocr_carea' id='block_1_79' title="bbox 2188 2963 3875 3037">
    <p class='ocr_par' dir='ltr' id='par_1_79' title="bbox 2188 2963 3875 3037">
     <span class='ocr_line' id='line_1_79' title="bbox 2188 2963 3875 3037; baseline -0.002 -15"><span class='ocrx_word' id='word_1_466' title='bbox 2188 2968 2350 3022; x_wconf 88' lang='lat' dir='ltr'><strong>terea</strong></span> <span class='ocrx_word' id='word_1_467' title='bbox 2380 2963 2475 3021; x_wconf 93' lang='lat' dir='ltr'><strong>die</strong></span> <span class='ocrx_word' id='word_1_468' title='bbox 2506 2964 2761 3037; x_wconf 89' lang='lat' dir='ltr'><strong>septimo</strong></span> <span class='ocrx_word' id='word_1_469' title='bbox 2792 2964 3094 3021; x_wconf 89' lang='lat' dir='ltr'><strong>Kalendas</strong></span> <span class='ocrx_word' id='word_1_470' title='bbox 3126 2964 3405 3034; x_wconf 87' lang='lat' dir='ltr'><strong>Ianuarii,</strong></span> <span class='ocrx_word' id='word_1_471' title='bbox 3440 2963 3538 3020; x_wconf 91' lang='lat' dir='ltr'><strong>die</strong></span> <span class='ocrx_word' id='word_1_472' title='bbox 3586 2963 3875 3021; x_wconf 87' lang='lat' dir='ltr'><strong>videlicet</strong></span> 
     </span>
    </p>
   </div>
   <div class='ocr_carea' id='block_1_80' title="bbox 2187 3051 3873 3126">
    <p class='ocr_par' dir='ltr' id='par_1_80' title="bbox 2187 3051 3873 3126">
     <span class='ocr_line' id='line_1_80' title="bbox 2187 3051 3873 3126; baseline -0.001 -16"><span class='ocrx_word' id='word_1_473' title='bbox 2187 3052 2490 3125; x_wconf 90' lang='lat' dir='ltr'><strong>passionis</strong></span> <span class='ocrx_word' id='word_1_474' title='bbox 2520 3052 2683 3110; x_wconf 92' lang='lat' dir='ltr'><strong>beati</strong></span> <span class='ocrx_word' id='word_1_475' title='bbox 2715 3053 3001 3126; x_wconf 89' lang='lat' dir='ltr'><strong>Stephani</strong></span> <span class='ocrx_word' id='word_1_476' title='bbox 3027 3053 3510 3126; x_wconf 86' lang='lat' dir='ltr'><strong>protomartyris,</strong></span> <span class='ocrx_word' id='word_1_477' title='bbox 3557 3055 3728 3111; x_wconf 79' lang='lat' dir='ltr'><strong>tanta</strong></span> <span class='ocrx_word' id='word_1_478' title='bbox 3776 3051 3873 3109; x_wconf 89' lang='lat' dir='ltr'><strong>in-</strong></span> 
     </span>
    </p>
   </div>
   <div class='ocr_carea' id='block_1_81' title="bbox 2187 3142 3870 3202">
    <p class='ocr_par' dir='ltr' id='par_1_81' title="bbox 2187 3142 3870 3202">
     <span class='ocr_line' id='line_1_81' title="bbox 2187 3142 3870 3202; baseline -0.002 -1"><span class='ocrx_word' id='word_1_479' title='bbox 2187 3142 2486 3201; x_wconf 87' lang='lat' dir='ltr'><strong>nundatio</strong></span> <span class='ocrx_word' id='word_1_480' title='bbox 2545 3146 2756 3201; x_wconf 88' lang='lat' dir='ltr'><strong>contra</strong></span> <span class='ocrx_word' id='word_1_481' title='bbox 2811 3159 3044 3202; x_wconf 90' lang='lat' dir='ltr'><strong>morem</strong></span> <span class='ocrx_word' id='word_1_482' title='bbox 3099 3142 3544 3201; x_wconf 87' lang='lat' dir='ltr'><strong>maritimorum</strong></span> <span class='ocrx_word' id='word_1_483' title='bbox 3595 3145 3870 3200; x_wconf 62' lang='lat' dir='ltr'><strong>aestuum</strong></span> 
     </span>
    </p>
   </div>
   <div class='ocr_carea' id='block_1_82' title="bbox 2188 3229 3870 3305">
    <p class='ocr_par' dir='ltr' id='par_1_82' title="bbox 2188 3229 3870 3305">
     <span class='ocr_line' id='line_1_82' title="bbox 2188 3229 3870 3305; baseline -0.002 -17"><span class='ocrx_word' id='word_1_484' title='bbox 2188 3232 2332 3304; x_wconf 71' lang='lat' dir='ltr'><strong>per8</strong></span> <span class='ocrx_word' id='word_1_485' title='bbox 2361 3235 2555 3291; x_wconf 87' lang='lat' dir='ltr'><strong>totam</strong></span> <span class='ocrx_word' id='word_1_486' title='bbox 2581 3248 2736 3305; x_wconf 91' lang='lat' dir='ltr'><strong>pene</strong></span> <span class='ocrx_word' id='word_1_487' title='bbox 2766 3232 3019 3291; x_wconf 86' lang='lat' dir='ltr'><strong>Frisiam</strong></span> <span class='ocrx_word' id='word_1_488' title='bbox 3044 3232 3386 3304; x_wconf 86' lang='lat' dir='ltr'><strong>occupavit,</strong></span> <span class='ocrx_word' id='word_1_489' title='bbox 3431 3234 3511 3287; x_wconf 74' lang='lat' dir='ltr'><strong>ut’</strong></span> <span class='ocrx_word' id='word_1_490' title='bbox 3533 3229 3870 3300; x_wconf 86' lang='lat' dir='ltr'><strong>aggeribus</strong></span> 
     </span>
    </p>
   </div>
   <div class='ocr_carea' id='block_1_83' title="bbox 2189 3318 3867 3394">
    <p class='ocr_par' dir='ltr' id='par_1_83' title="bbox 2189 3318 3867 3394">
     <span class='ocr_line' id='line_1_83' title="bbox 2189 3318 3867 3394; baseline -0.003 -15"><span class='ocrx_word' id='word_1_491' title='bbox 2189 3336 2515 3379; x_wconf 86' lang='lat' dir='ltr'><strong>arenarum</strong></span> <span class='ocrx_word' id='word_1_492' title='bbox 2550 3321 2669 3378; x_wconf 91' lang='lat' dir='ltr'><strong>illic</strong></span> <span class='ocrx_word' id='word_1_493' title='bbox 2699 3322 2978 3394; x_wconf 89' lang='lat' dir='ltr'><strong>copiosis,</strong></span> <span class='ocrx_word' id='word_1_494' title='bbox 3012 3337 3168 3394; x_wconf 87' lang='lat' dir='ltr'><strong>quos</strong></span> <span class='ocrx_word' id='word_1_495' title='bbox 3189 3321 3388 3378; x_wconf 86' lang='lat' dir='ltr'><strong>dunos</strong></span> <span class='ocrx_word' id='word_1_496' title='bbox 3417 3319 3703 3387; x_wconf 85' lang='lat' dir='ltr'><strong>vocitant,</strong></span> <span class='ocrx_word' id='word_1_497' title='bbox 3738 3318 3867 3378; x_wconf 77' lang='lat' dir='ltr'><strong>fere</strong></span> 
     </span>
    </p>
   </div>
   <div class='ocr_carea' id='block_1_84' title="bbox 2188 3407 3865 3485">
    <p class='ocr_par' dir='ltr' id='par_1_84' title="bbox 2188 3407 3865 3485">
     <span class='ocr_line' id='line_1_84' title="bbox 2188 3407 3865 3485; baseline -0.001 -17"><span class='ocrx_word' id='word_1_498' title='bbox 2188 3416 2632 3484; x_wconf 68' lang='lat' dir='ltr'><strong>coaequaretur,</strong></span> <span class='ocrx_word' id='word_1_499' title='bbox 2689 3417 2747 3468; x_wconf 91' lang='lat' dir='ltr'><strong>et</strong></span> <span class='ocrx_word' id='word_1_500' title='bbox 2793 3412 3001 3470; x_wconf 89' lang='lat' dir='ltr'><strong>omnia</strong></span> <span class='ocrx_word' id='word_1_501' title='bbox 3046 3426 3452 3485; x_wconf 64' lang='lat' dir='ltr'><strong>quaecumque</strong></span> <span class='ocrx_word' id='word_1_502' title='bbox 3506 3407 3865 3475; x_wconf 84' lang='lat' dir='ltr'><strong>involverat,</strong></span> 
     </span>
    </p>
   </div>
   <div class='ocr_carea' id='block_1_85' title="bbox 2187 3497 3862 3573">
    <p class='ocr_par' dir='ltr' id='par_1_85' title="bbox 2187 3497 3862 3573">
     <span class='ocr_line' id='line_1_85' title="bbox 2187 3497 3862 3573; baseline -0.003 -15"><span class='ocrx_word' id='word_1_503' title='bbox 2187 3504 2316 3558; x_wconf 89' lang='lat' dir='ltr'><strong>tam</strong></span> <span class='ocrx_word' id='word_1_504' title='bbox 2361 3501 2642 3559; x_wconf 87' lang='lat' dir='ltr'><strong>homines</strong></span> <span class='ocrx_word' id='word_1_505' title='bbox 2685 3518 2877 3573; x_wconf 87' lang='lat' dir='ltr'><strong>quam</strong></span> <span class='ocrx_word' id='word_1_506' title='bbox 2929 3501 3218 3559; x_wconf 88' lang='lat' dir='ltr'><strong>animalia</strong></span> <span class='ocrx_word' id='word_1_507' title='bbox 3263 3504 3464 3558; x_wconf 89' lang='lat' dir='ltr'><strong>cetera</strong></span> <span class='ocrx_word' id='word_1_508' title='bbox 3515 3503 3574 3556; x_wconf 89' lang='lat' dir='ltr'><strong>et</strong></span> <span class='ocrx_word' id='word_1_509' title='bbox 3616 3497 3862 3569; x_wconf 90' lang='lat' dir='ltr'><strong>domos,</strong></span> 
     </span>
    </p>
   </div>
   <div class='ocr_carea' id='block_1_86' title="bbox 2190 3587 3863 3665">
    <p class='ocr_par' dir='ltr' id='par_1_86' title="bbox 2190 3587 3863 3665">
     <span class='ocr_line' id='line_1_86' title="bbox 2190 3587 3863 3665; baseline -0.003 -16"><span class='ocrx_word' id='word_1_510' title='bbox 2190 3591 2657 3663; x_wconf 86' lang='lat' dir='ltr'><strong>absumpserit;</strong></span> <span class='ocrx_word' id='word_1_511' title='bbox 2725 3608 2991 3665; x_wconf 90' lang='lat' dir='ltr'><strong>quorum</strong></span> <span class='ocrx_word' id='word_1_512' title='bbox 3048 3606 3342 3648; x_wconf 89' lang='lat' dir='ltr'><strong>numerus</strong></span> <span class='ocrx_word' id='word_1_513' title='bbox 3399 3587 3863 3660; x_wconf 81' lang='lat' dir='ltr'><strong>diligentissime</strong></span> 
     </span>
    </p>
   </div>
   <div class='ocr_carea' id='block_1_87' title="bbox 2190 3680 3863 3753">
    <p class='ocr_par' dir='ltr' id='par_1_87' title="bbox 2190 3680 3863 3753">
     <span class='ocr_line' id='line_1_87' title="bbox 2190 3680 3863 3753; baseline -0.001 -16"><span class='ocrx_word' id='word_1_514' title='bbox 2190 3681 2686 3753; x_wconf 85' lang='lat' dir='ltr'><strong>comprehensus,</strong></span> <span class='ocrx_word' id='word_1_515' title='bbox 2709 3682 2974 3739; x_wconf 88' lang='lat' dir='ltr'><strong>duorum</strong></span> <span class='ocrx_word' id='word_1_516' title='bbox 2993 3681 3252 3738; x_wconf 90' lang='lat' dir='ltr'><strong>millium</strong></span> <span class='ocrx_word' id='word_1_517' title='bbox 3271 3680 3863 3753; x_wconf 86' lang='lat' dir='ltr'><strong>quadringentorum</strong></span> 
     </span>
    </p>
   </div>
   <div class='ocr_carea' id='block_1_88' title="bbox 2188 3766 3861 3842">
    <p class='ocr_par' dir='ltr' id='par_1_88' title="bbox 2188 3766 3861 3842">
     <span class='ocr_line' id='line_1_88' title="bbox 2188 3766 3861 3842; baseline -0.002 -16"><span class='ocrx_word' id='word_1_518' title='bbox 2188 3769 2429 3839; x_wconf 84' lang='lat' dir='ltr'><strong>triginta</strong></span> <span class='ocrx_word' id='word_1_519' title='bbox 2459 3774 2691 3842; x_wconf 88' lang='lat' dir='ltr'><strong>septem</strong></span> <span class='ocrx_word' id='word_1_520' title='bbox 2737 3770 2963 3827; x_wconf 86' lang='lat' dir='ltr'><strong>relatus</strong></span> <span class='ocrx_word' id='word_1_521' title='bbox 2992 3774 3098 3827; x_wconf 89' lang='lat' dir='ltr'><strong>est.</strong></span> <span class='ocrx_word' id='word_1_522' title='bbox 3140 3772 3311 3827; x_wconf 81' lang='lat' dir='ltr'><strong>Acies</strong></span> <span class='ocrx_word' id='word_1_523' title='bbox 3340 3785 3587 3842; x_wconf 89' lang='lat' dir='ltr'><strong>quoque</strong></span> <span class='ocrx_word' id='word_1_524' title='bbox 3615 3767 3679 3825; x_wconf 90' lang='lat' dir='ltr'><strong>in</strong></span> <span class='ocrx_word' id='word_1_525' title='bbox 3709 3766 3861 3824; x_wconf 61' lang='lat' dir='ltr'><strong>coelo</strong></span> 
     </span>
    </p>
   </div>
   <div class='ocr_carea' id='block_1_89' title="bbox 2187 3856 3863 3933">
    <p class='ocr_par' dir='ltr' id='par_1_89' title="bbox 2187 3856 3863 3933">
     <span class='ocr_line' id='line_1_89' title="bbox 2187 3856 3863 3933; baseline 0 -19"><span class='ocrx_word' id='word_1_526' title='bbox 2187 3858 2400 3930; x_wconf 86' lang='lat' dir='ltr'><strong>igneas</strong></span> <span class='ocrx_word' id='word_1_527' title='bbox 2432 3859 2823 3933; x_wconf 88' lang='lat' dir='ltr'><strong>colorumque</strong></span> <span class='ocrx_word' id='word_1_528' title='bbox 2866 3860 3125 3917; x_wconf 86' lang='lat' dir='ltr'><strong>aliorum</strong></span> <span class='ocrx_word' id='word_1_529' title='bbox 3171 3877 3383 3917; x_wconf 87' lang='lat' dir='ltr'><strong>mense</strong></span> <span class='ocrx_word' id='word_1_530' title='bbox 3419 3858 3727 3926; x_wconf 86' lang='lat' dir='ltr'><strong>februarii,</strong></span> <span class='ocrx_word' id='word_1_531' title='bbox 3755 3856 3863 3915; x_wconf 84' lang='lat' dir='ltr'><strong>sed</strong></span> 
     </span>
    </p>
   </div>
   <div class='ocr_carea' id='block_1_90' title="bbox 2189 3946 3860 4019">
    <p class='ocr_par' dir='ltr' id='par_1_90' title="bbox 2189 3946 3860 4019">
     <span class='ocr_line' id='line_1_90' title="bbox 2189 3946 3860 4019; baseline -0.002 -14"><span class='ocrx_word' id='word_1_532' title='bbox 2189 3953 2246 4005; x_wconf 88' lang='lat' dir='ltr'><strong>et</strong></span> <span class='ocrx_word' id='word_1_533' title='bbox 2286 3948 2485 4006; x_wconf 89' lang='lat' dir='ltr'><strong>stellas</strong></span> <span class='ocrx_word' id='word_1_534' title='bbox 2537 3949 2746 4019; x_wconf 87' lang='lat' dir='ltr'><strong>igneos</strong></span> <span class='ocrx_word' id='word_1_535' title='bbox 2794 3950 2990 4007; x_wconf 87' lang='lat' dir='ltr'><strong>crines</strong></span> <span class='ocrx_word' id='word_1_536' title='bbox 3032 3951 3367 4007; x_wconf 89' lang='lat' dir='ltr'><strong>emittentes</strong></span> <span class='ocrx_word' id='word_1_537' title='bbox 3413 3949 3625 4006; x_wconf 90' lang='lat' dir='ltr'><strong>crebro</strong></span> <span class='ocrx_word' id='word_1_538' title='bbox 3674 3946 3860 4005; x_wconf 87' lang='lat' dir='ltr'><strong>videri</strong></span> 
     </span>
    </p>
   </div>
   <div class='ocr_carea' id='block_1_91' title="bbox 2188 4036 3862 4113">
    <p class='ocr_par' dir='ltr' id='par_1_91' title="bbox 2188 4036 3862 4113">
     <span class='ocr_line' id='line_1_91' title="bbox 2188 4036 3862 4113; baseline -0.002 -17"><span class='ocrx_word' id='word_1_539' title='bbox 2188 4039 2454 4109; x_wconf 84' lang='lat' dir='ltr'><strong>contigit.</strong></span> <span class='ocrx_word' id='word_1_540' title='bbox 2489 4042 2706 4096; x_wconf 82' lang='lat' dir='ltr'><strong>Verum</strong></span> <span class='ocrx_word' id='word_1_541' title='bbox 2736 4046 2874 4113; x_wconf 85' lang='lat' dir='ltr'><strong>post</strong></span> <span class='ocrx_word' id='word_1_542' title='bbox 2918 4045 3201 4097; x_wconf 87' lang='lat' dir='ltr'><strong>sanctum</strong></span> <span class='ocrx_word' id='word_1_543' title='bbox 3241 4041 3474 4097; x_wconf 85' lang='lat' dir='ltr'><strong>Pascha</strong></span> <span class='ocrx_word' id='word_1_544' title='bbox 3510 4036 3862 4111; x_wconf 85' lang='lat' dir='ltr'><strong>imperatori</strong></span> 
     </span>
    </p>
   </div>
   <div class='ocr_carea' id='block_1_92' title="bbox 2187 4126 3858 4201">
    <p class='ocr_par' dir='ltr' id='par_1_92' title="bbox 2187 4126 3858 4201">
     <span class='ocr_line' id='line_1_92' title="bbox 2187 4126 3858 4201; baseline -0.002 -15"><span class='ocrx_word' id='word_1_545' title='bbox 2187 4127 2250 4186; x_wconf 92' lang='lat' dir='ltr'><strong>in</strong></span> <span class='ocrx_word' id='word_1_546' title='bbox 2280 4130 2534 4186; x_wconf 86' lang='lat' dir='ltr'><strong>Francia</strong></span> <span class='ocrx_word' id='word_1_547' title='bbox 2560 4129 2872 4201; x_wconf 87' lang='lat' dir='ltr'><strong>repedanti</strong></span> <span class='ocrx_word' id='word_1_548' title='bbox 2904 4146 3010 4186; x_wconf 80' lang='lat' dir='ltr'><strong>rex</strong></span> <span class='ocrx_word' id='word_1_549' title='bbox 3038 4130 3374 4200; x_wconf 80' lang='lat' dir='ltr'><strong>Anglorum</strong></span> <span class='ocrx_word' id='word_1_550' title='bbox 3401 4129 3634 4197; x_wconf 86' lang='lat' dir='ltr'><strong>legatos</strong></span> <span class='ocrx_word' id='word_1_551' title='bbox 3672 4126 3858 4193; x_wconf 83' lang='lat' dir='ltr'><strong>misit,</strong></span> 
     </span>
    </p>
   </div>
   <div class='ocr_carea' id='block_1_93' title="bbox 2186 4217 3861 4292">
    <p class='ocr_par' dir='ltr' id='par_1_93' title="bbox 2186 4217 3861 4292">
     <span class='ocr_line' id='line_1_93' title="bbox 2186 4217 3861 4292; baseline 0 -19"><span class='ocrx_word' id='word_1_552' title='bbox 2186 4219 2505 4291; x_wconf 83' lang='lat' dir='ltr'><strong>postulans</strong></span> <span class='ocrx_word' id='word_1_553' title='bbox 2533 4235 2642 4292; x_wconf 92' lang='lat' dir='ltr'><strong>per</strong></span> <span class='ocrx_word' id='word_1_554' title='bbox 2668 4221 2988 4276; x_wconf 80' lang='lat' dir='ltr'><strong>Frauciam</strong></span> <span class='ocrx_word' id='word_1_555' title='bbox 3017 4221 3308 4292; x_wconf 82' lang='lat' dir='ltr'><strong>pergendi</strong></span> <span class='ocrx_word' id='word_1_556' title='bbox 3338 4223 3593 4275; x_wconf 84' lang='lat' dir='ltr'><strong>Romam</strong></span> <span class='ocrx_word' id='word_1_557' title='bbox 3641 4217 3861 4274; x_wconf 90' lang='lat' dir='ltr'><strong>oratio-</strong></span> 
     </span>
    </p>
   </div>
   <div class='ocr_carea' id='block_1_94' title="bbox 2184 4307 3859 4383">
    <p class='ocr_par' dir='ltr' id='par_1_94' title="bbox 2184 4307 3859 4383">
     <span class='ocr_line' id='line_1_94' title="bbox 2184 4307 3859 4383; baseline -0.001 -19"><span class='ocrx_word' id='word_1_558' title='bbox 2184 4309 2282 4364; x_wconf 90' lang='lat' dir='ltr'><strong>nis</strong></span> <span class='ocrx_word' id='word_1_559' title='bbox 2308 4310 2502 4379; x_wconf 87' lang='lat' dir='ltr'><strong>gratia</strong></span> <span class='ocrx_word' id='word_1_560' title='bbox 2523 4310 2841 4367; x_wconf 88' lang='lat' dir='ltr'><strong>transitum</strong></span> <span class='ocrx_word' id='word_1_561' title='bbox 2874 4311 2985 4366; x_wconf 88' lang='lat' dir='ltr'><strong>sibi</strong></span> <span class='ocrx_word' id='word_1_562' title='bbox 3012 4311 3089 4367; x_wconf 90' lang='lat' dir='ltr'><strong>ab</strong></span> <span class='ocrx_word' id='word_1_563' title='bbox 3115 4311 3478 4383; x_wconf 89' lang='lat' dir='ltr'><strong>imperatore</strong></span> <span class='ocrx_word' id='word_1_564' title='bbox 3503 4307 3703 4378; x_wconf 84' lang='lat' dir='ltr'><strong>tribui,</strong></span> <span class='ocrx_word' id='word_1_565' title='bbox 3732 4323 3859 4363; x_wconf 81' lang='lat' dir='ltr'><strong>mo-</strong></span> 
     </span>
    </p>
   </div>
   <div class='ocr_carea' id='block_1_95' title="bbox 2186 4398 3857 4471">
    <p class='ocr_par' dir='ltr' id='par_1_95' title="bbox 2186 4398 3857 4471">
     <span class='ocr_line' id='line_1_95' title="bbox 2186 4398 3857 4471; baseline 0.001 -17"><span class='ocrx_word' id='word_1_566' title='bbox 2186 4414 2339 4455; x_wconf 89' lang='lat' dir='ltr'><strong>nens</strong></span> <span class='ocrx_word' id='word_1_567' title='bbox 2371 4400 2552 4457; x_wconf 89' lang='lat' dir='ltr'><strong>etiam</strong></span> <span class='ocrx_word' id='word_1_568' title='bbox 2585 4416 2797 4456; x_wconf 87' lang='lat' dir='ltr'><strong>curam</strong></span> <span class='ocrx_word' id='word_1_569' title='bbox 2839 4400 3257 4471; x_wconf 88' lang='lat' dir='ltr'><strong>subjectorum</strong></span> <span class='ocrx_word' id='word_1_570' title='bbox 3299 4399 3414 4455; x_wconf 91' lang='lat' dir='ltr'><strong>sibi</strong></span> <span class='ocrx_word' id='word_1_571' title='bbox 3444 4414 3589 4470; x_wconf 87' lang='lat' dir='ltr'><strong>erga</strong></span> <span class='ocrx_word' id='word_1_572' title='bbox 3618 4398 3857 4455; x_wconf 85' lang='lat' dir='ltr'><strong>anima-</strong></span> 
     </span>
    </p>
   </div>
   <div class='ocr_carea' id='block_1_96' title="bbox 2185 4489 3859 4563">
    <p class='ocr_par' dir='ltr' id='par_1_96' title="bbox 2185 4489 3859 4563">
     <span class='ocr_line' id='line_1_96' title="bbox 2185 4489 3859 4563; baseline -0.001 -16"><span class='ocrx_word' id='word_1_573' title='bbox 2185 4504 2321 4547; x_wconf 87' lang='lat' dir='ltr'><strong>rum</strong></span> <span class='ocrx_word' id='word_1_574' title='bbox 2371 4489 2629 4546; x_wconf 90' lang='lat' dir='ltr'><strong>salutem</strong></span> <span class='ocrx_word' id='word_1_575' title='bbox 2675 4490 2980 4547; x_wconf 89' lang='lat' dir='ltr'><strong>sollicitius</strong></span> <span class='ocrx_word' id='word_1_576' title='bbox 3027 4489 3528 4562; x_wconf 89' lang='lat' dir='ltr'><strong>impendendam,</strong></span> <span class='ocrx_word' id='word_1_577' title='bbox 3560 4489 3859 4563; x_wconf 86' lang='lat' dir='ltr'><strong>quoniam</strong></span> 
     </span>
    </p>
   </div>
   <div class='ocr_carea' id='block_1_97' title="bbox 2185 4578 3855 4653">
    <p class='ocr_par' dir='ltr' id='par_1_97' title="bbox 2185 4578 3855 4653">
     <span class='ocr_line' id='line_1_97' title="bbox 2185 4578 3855 4653; baseline -0.001 -18"><span class='ocrx_word' id='word_1_578' title='bbox 2185 4578 2333 4635; x_wconf 90' lang='lat' dir='ltr'><strong>visio</strong></span> <span class='ocrx_word' id='word_1_579' title='bbox 2388 4579 2636 4635; x_wconf 88' lang='lat' dir='ltr'><strong>cuidam</strong></span> <span class='ocrx_word' id='word_1_580' title='bbox 2684 4579 2851 4653; x_wconf 73' lang='lat' dir='ltr'><strong>apud</strong></span> <span class='ocrx_word' id='word_1_581' title='bbox 2898 4579 3032 4636; x_wconf 93' lang='lat' dir='ltr'><strong>illos</strong></span> <span class='ocrx_word' id='word_1_582' title='bbox 3079 4585 3324 4636; x_wconf 86' lang='lat' dir='ltr'><strong>ostensa</strong></span> <span class='ocrx_word' id='word_1_583' title='bbox 3364 4595 3488 4636; x_wconf 91' lang='lat' dir='ltr'><strong>non</strong></span> <span class='ocrx_word' id='word_1_584' title='bbox 3532 4578 3855 4635; x_wconf 90' lang='lat' dir='ltr'><strong>minimum</strong></span> 
     </span>
    </p>
   </div>
   <div class='ocr_carea' id='block_1_98' title="bbox 1711 4729 2553 4789">
    <p class='ocr_par' dir='ltr' id='par_1_98' title="bbox 1711 4729 2553 4789">
     <span class='ocr_line' id='line_1_98' title="bbox 1711 4729 2553 4789; baseline 0.004 -8"><span class='ocrx_word' id='word_1_585' title='bbox 1711 4729 2108 4788; x_wconf 79' lang='lat' dir='ltr'><strong>VARIANTES</strong></span> <span class='ocrx_word' id='word_1_586' title='bbox 2146 4731 2553 4789; x_wconf 86' lang='lat' dir='ltr'><strong>LECTIONES.</strong></span> 
     </span>
    </p>
   </div>
   <div class='ocr_carea' id='block_1_99' title="bbox 478 4814 3856 4901">
    <p class='ocr_par' dir='ltr' id='par_1_99' title="bbox 478 4814 3856 4901">
     <span class='ocr_line' id='line_1_99' title="bbox 478 4814 3856 4901; baseline 0.003 -28"><span class='ocrx_word' id='word_1_587' title='bbox 478 4814 496 4901; x_wconf 65' lang='grc' dir='ltr'><em>ξ</em></span> <span class='ocrx_word' id='word_1_588' title='bbox 529 4816 594 4873; x_wconf 90' lang='lat' dir='ltr'><strong>1n</strong></span> <span class='ocrx_word' id='word_1_589' title='bbox 632 4816 888 4901; x_wconf 60' lang='lat' dir='ltr'><strong>castella</strong></span> <span class='ocrx_word' id='word_1_590' title='bbox 936 4816 1046 4875; x_wconf 84' lang='lat' dir='ltr'><strong>Ch.</strong></span> <span class='ocrx_word' id='word_1_591' title='bbox 1093 4825 1149 4875; x_wconf 89' lang='lat' dir='ltr'><strong>et</strong></span> <span class='ocrx_word' id='word_1_592' title='bbox 1196 4820 1269 4876; x_wconf 90' lang='lat' dir='ltr'><strong>B.</strong></span> <span class='ocrx_word' id='word_1_593' title='bbox 1294 4836 1328 4901; x_wconf 85' lang='lat'><strong>_.&#39;_</strong></span> <span class='ocrx_word' id='word_1_594' title='bbox 1348 4821 1453 4879; x_wconf 84' lang='lat' dir='ltr'><strong>sed</strong></span> <span class='ocrx_word' id='word_1_595' title='bbox 1499 4822 1669 4883; x_wconf 86' lang='lat' dir='ltr'><strong>haud</strong></span> <span class='ocrx_word' id='word_1_596' title='bbox 1710 4826 1888 4885; x_wconf 77' lang='lat' dir='ltr'><strong>dubie</strong></span> <span class='ocrx_word' id='word_1_597' title='bbox 1914 4826 1979 4885; x_wconf 91' lang='lat' dir='ltr'><strong>in</strong></span> <span class='ocrx_word' id='word_1_598' title='bbox 2021 4828 2280 4887; x_wconf 89' lang='lat' dir='ltr'><strong>Castella</strong></span> <span class='ocrx_word' id='word_1_599' title='bbox 2304 4831 2704 4901; x_wconf 80' lang='lat' dir='ltr'><strong>scribendum,</strong></span> <span class='ocrx_word' id='word_1_600' title='bbox 2734 4835 2801 4887; x_wconf 86' lang='lat' dir='ltr'><strong>ut</strong></span> <span class='ocrx_word' id='word_1_601' title='bbox 2826 4830 2969 4901; x_wconf 79' lang='lat' dir='ltr'><strong>feci.</strong></span> <span class='ocrx_word' id='word_1_602' title='bbox 3048 4832 3069 4865; x_wconf 81' lang='lat'><strong>‘-’</strong></span> <span class='ocrx_word' id='word_1_603' title='bbox 3096 4829 3410 4889; x_wconf 90' lang='lat' dir='ltr'><strong>catholicis</strong></span> <span class='ocrx_word' id='word_1_604' title='bbox 3442 4831 3552 4888; x_wconf 83' lang='lat' dir='ltr'><strong>Ch.</strong></span> <span class='ocrx_word' id='word_1_605' title='bbox 3630 4829 3653 4863; x_wconf 76' lang='grc'>⁸</span> <span class='ocrx_word' id='word_1_606' title='bbox 3680 4828 3744 4885; x_wconf 77' lang='lat' dir='ltr'><strong>id</strong></span> <span class='ocrx_word' id='word_1_607' title='bbox 3772 4834 3856 4887; x_wconf 81' lang='lat' dir='ltr'><strong>est</strong></span> 
     </span>
    </p>
   </div>
   <div class='ocr_carea' id='block_1_100' title="bbox 403 4886 1351 4964">
    <p class='ocr_par' dir='ltr' id='par_1_100' title="bbox 403 4886 1351 4964">
     <span class='ocr_line' id='line_1_100' title="bbox 403 4886 1351 4964; baseline 0.007 -22"><span class='ocrx_word' id='word_1_608' title='bbox 403 4886 601 4943; x_wconf 81' lang='lat' dir='ltr'><strong>totam</strong></span> <span class='ocrx_word' id='word_1_609' title='bbox 628 4888 876 4946; x_wconf 84' lang='lat' dir='ltr'><strong>Frisiam</strong></span> <span class='ocrx_word' id='word_1_610' title='bbox 898 4892 1351 4964; x_wconf 86' lang='lat' dir='ltr'><strong>peroecupavit.</strong></span> 
     </span>
    </p>
   </div>
   <div class='ocr_carea' id='block_1_101' title="bbox 2009 4992 2245 5049">
    <p class='ocr_par' dir='ltr' id='par_1_101' title="bbox 2009 4992 2245 5049">
     <span class='ocr_line' id='line_1_101' title="bbox 2009 4992 2245 5049; baseline 0.008 -2"><span class='ocrx_word' id='word_1_611' title='bbox 2009 4992 2245 5049; x_wconf 64' lang='lat' dir='ltr'><strong>NOTAE.</strong></span> 
     </span>
    </p>
   </div>
   <div class='ocr_carea' id='block_1_102' title="bbox 474 5072 2072 5159">
    <p class='ocr_par' dir='ltr' id='par_1_102' title="bbox 474 5072 2072 5159">
     <span class='ocr_line' id='line_1_102' title="bbox 474 5072 2072 5159; baseline 0.003 -1"><span class='ocrx_word' id='word_1_612' title='bbox 474 5082 500 5109; x_wconf 75' lang='grc'><strong>⁸</strong></span> <span class='ocrx_word' id='word_1_613' title='bbox 532 5072 756 5159; x_wconf 62' lang='grc' dir='ltr'><strong>Εᾳεεθιι</strong></span> <span class='ocrx_word' id='word_1_614' title='bbox 772 5081 991 5159; x_wconf 59' lang='grc' dir='ltr'><strong>ξριξετδ</strong></span> <span class='ocrx_word' id='word_1_615' title='bbox 1013 5081 1383 5159; x_wconf 53' lang='lat' dir='ltr'><strong>Nemesin</strong></span> <span class='ocrx_word' id='word_1_616' title='bbox 1417 5082 1709 5159; x_wconf 37' lang='lat' dir='ltr'><strong>situmaet</strong></span> <span class='ocrx_word' id='word_1_617' title='bbox 1730 5101 1766 5141; x_wconf 76' lang='grc' dir='ltr'><strong>ει</strong></span> <span class='ocrx_word' id='word_1_618' title='bbox 1786 5088 2072 5144; x_wconf 77' lang='lat' dir='ltr'><strong>Romanis</strong></span> 
     </span>
    </p>
   </div>
   <div class='ocr_carea' id='block_1_103' title="bbox 402 5144 1891 5217">
    <p class='ocr_par' dir='ltr' id='par_1_103' title="bbox 402 5144 1891 5217">
     <span class='ocr_line' id='line_1_103' title="bbox 402 5144 1891 5217; baseline 0.009 -16"><span class='ocrx_word' id='word_1_619' title='bbox 402 5144 739 5203; x_wconf 88' lang='lat' dir='ltr'><strong>conditum.</strong></span> <span class='ocrx_word' id='word_1_620' title='bbox 765 5147 848 5204; x_wconf 84' lang='lat' dir='ltr'><strong>Cf.</strong></span> <span class='ocrx_word' id='word_1_621' title='bbox 882 5144 1249 5217; x_wconf 73' lang='lat' dir='ltr'><strong>Meginhardi</strong></span> <span class='ocrx_word' id='word_1_622' title='bbox 1291 5154 1481 5211; x_wconf 72' lang='lat' dir='ltr'><strong>Vitam</strong></span> <span class='ocrx_word' id='word_1_623' title='bbox 1509 5157 1572 5212; x_wconf 93' lang='lat' dir='ltr'><strong>S.</strong></span> <span class='ocrx_word' id='word_1_624' title='bbox 1605 5144 1891 5214; x_wconf 68' lang='lat' dir='ltr'><strong>Ferrutiz’.</strong></span> 
     </span>
    </p>
   </div>
   <div class='ocr_carea' id='block_1_104' title="bbox 472 5218 1595 5300">
    <p class='ocr_par' dir='ltr' id='par_1_104' title="bbox 472 5218 1595 5300">
     <span class='ocr_line' id='line_1_104' title="bbox 472 5218 1595 5300; baseline 0.012 -29"><span class='ocrx_word' id='word_1_625' title='bbox 472 5218 502 5300; x_wconf 60' lang='grc' dir='ltr'><strong>ξι</strong></span> <span class='ocrx_word' id='word_1_626' title='bbox 518 5218 825 5300; x_wconf 55' lang='lat' dir='ltr'><strong>ﬁedmpn,</strong></span> <span class='ocrx_word' id='word_1_627' title='bbox 848 5218 929 5300; x_wconf 78' lang='lat' dir='ltr'><strong>ad</strong></span> <span class='ocrx_word' id='word_1_628' title='bbox 955 5220 1595 5300; x_wconf 56' lang='lat' dir='ltr'><strong>laeumjiodamieum.</strong></span> 
     </span>
    </p>
   </div>
   <div class='ocr_carea' id='block_1_105' title="bbox 471 5289 2063 5358">
    <p class='ocr_par' dir='ltr' id='par_1_105' title="bbox 471 5289 2063 5358">
     <span class='ocr_line' id='line_1_105' title="bbox 471 5289 2063 5358; baseline 0.008 -12"><span class='ocrx_word' id='word_1_629' title='bbox 471 5298 495 5327; x_wconf 84' lang='lat'>°</span> <span class='ocrx_word' id='word_1_630' title='bbox 515 5291 597 5346; x_wconf 89' lang='lat' dir='ltr'><strong>De</strong></span> <span class='ocrx_word' id='word_1_631' title='bbox 617 5289 833 5347; x_wconf 90' lang='lat' dir='ltr'><strong>eodem</strong></span> <span class='ocrx_word' id='word_1_632' title='bbox 855 5290 943 5347; x_wconf 90' lang='lat' dir='ltr'><strong>sic</strong></span> <span class='ocrx_word' id='word_1_633' title='bbox 959 5292 1143 5350; x_wconf 88' lang='lat' dir='ltr'><strong>habet</strong></span> <span class='ocrx_word' id='word_1_634' title='bbox 1164 5294 1496 5353; x_wconf 86' lang='lat' dir='ltr'><strong>Rhabanus</strong></span> <span class='ocrx_word' id='word_1_635' title='bbox 1516 5299 1580 5353; x_wconf 92' lang='lat' dir='ltr'><strong>in</strong></span> <span class='ocrx_word' id='word_1_636' title='bbox 1598 5298 1753 5356; x_wconf 88' lang='lat' dir='ltr'><strong>libro</strong></span> <span class='ocrx_word' id='word_1_637' title='bbox 1769 5301 2063 5358; x_wconf 88' lang='lat' dir='ltr'><strong>adversus</strong></span> 
     </span>
    </p>
   </div>
   <div class='ocr_carea' id='block_1_106' title="bbox 401 5360 2061 5445">
    <p class='ocr_par' dir='ltr' id='par_1_106' title="bbox 401 5360 2061 5445">
     <span class='ocr_line' id='line_1_106' title="bbox 401 5360 2061 5445; baseline 0.009 -30"><span class='ocrx_word' id='word_1_638' title='bbox 401 5360 656 5444; x_wconf 72' lang='lat' dir='ltr'><strong>Iudaeos,</strong></span> <span class='ocrx_word' id='word_1_639' title='bbox 707 5377 844 5435; x_wconf 89' lang='lat' dir='ltr'><strong>cap.</strong></span> <span class='ocrx_word' id='word_1_640' title='bbox 890 5366 958 5445; x_wconf 61' lang='grc'><strong>42</strong></span> <span class='ocrx_word' id='word_1_641' title='bbox 997 5365 1227 5445; x_wconf 13' lang='grc' dir='ltr'><strong>τριιοαγ</strong></span> <span class='ocrx_word' id='word_1_642' title='bbox 1260 5377 1792 5445; x_wconf 69' lang='lat' dir='ltr'><strong>nunquamantea</strong></span> <span class='ocrx_word' id='word_1_643' title='bbox 1833 5380 2061 5445; x_wconf 82' lang='lat' dir='ltr'><strong>gestum</strong></span> 
     </span>
    </p>
   </div>
   <div class='ocr_carea' id='block_1_107' title="bbox 400 5437 2062 5517">
    <p class='ocr_par' dir='ltr' id='par_1_107' title="bbox 400 5437 2062 5517">
     <span class='ocr_line' id='line_1_107' title="bbox 400 5437 2062 5517; baseline 0.008 -30"><span class='ocrx_word' id='word_1_644' title='bbox 400 5437 794 5517; x_wconf 60' lang='lat' dir='ltr'><strong>meminimus,</strong></span> <span class='ocrx_word' id='word_1_645' title='bbox 840 5437 1117 5517; x_wconf 57' lang='lat' dir='ltr'><strong>seductus</strong></span> <span class='ocrx_word' id='word_1_646' title='bbox 1145 5444 1231 5517; x_wconf 84' lang='lat' dir='ltr'><strong>est</strong></span> <span class='ocrx_word' id='word_1_647' title='bbox 1259 5440 1335 5496; x_wconf 85' lang='lat' dir='ltr'><strong>ab</strong></span> <span class='ocrx_word' id='word_1_648' title='bbox 1368 5437 1446 5517; x_wconf 72' lang='lat' dir='ltr'><strong>eis</strong></span> <span class='ocrx_word' id='word_1_649' title='bbox 1466 5443 1734 5517; x_wconf 4' lang='lat' dir='ltr'><strong>[plurimis]</strong></span> <span class='ocrx_word' id='word_1_650' title='bbox 1775 5437 2062 5503; x_wconf 77' lang='lat' dir='ltr'><strong>diaconus</strong></span> 
     </span>
    </p>
   </div>
   <div class='ocr_carea' id='block_1_108' title="bbox 394 5505 2061 5586">
    <p class='ocr_par' dir='ltr' id='par_1_108' title="bbox 394 5505 2061 5586">
     <span class='ocr_line' id='line_1_108' title="bbox 394 5505 2061 5586; baseline 0.008 -28"><span class='ocrx_word' id='word_1_651' title='bbox 394 5505 1044 5586; x_wconf 38' lang='lat' dir='ltr'><strong>palatinustnobitﬂer</strong></span> <span class='ocrx_word' id='word_1_652' title='bbox 1070 5515 1270 5586; x_wconf 78' lang='lat' dir='ltr'><strong>natus,</strong></span> <span class='ocrx_word' id='word_1_653' title='bbox 1299 5505 1583 5569; x_wconf 62' lang='lat' dir='ltr'><strong>nobiliter</strong></span> <span class='ocrx_word' id='word_1_654' title='bbox 1604 5505 1870 5571; x_wconf 66' lang='lat' dir='ltr'><strong>nutritus</strong></span> <span class='ocrx_word' id='word_1_655' title='bbox 1915 5523 1967 5571; x_wconf 81' lang='lat' dir='ltr'><strong>et</strong></span> <span class='ocrx_word' id='word_1_656' title='bbox 2000 5518 2061 5572; x_wconf 75' lang='lat' dir='ltr'><strong>in</strong></span> 
     </span>
    </p>
   </div>
   <div class='ocr_carea' id='block_1_109' title="bbox 401 5577 2065 5659">
    <p class='ocr_par' dir='ltr' id='par_1_109' title="bbox 401 5577 2065 5659">
     <span class='ocr_line' id='line_1_109' title="bbox 401 5577 2065 5659; baseline 0.01 -31"><span class='ocrx_word' id='word_1_657' title='bbox 401 5577 662 5659; x_wconf 64' lang='lat' dir='ltr'><strong>ecetesiw</strong></span> <span class='ocrx_word' id='word_1_658' title='bbox 682 5579 897 5659; x_wconf 66' lang='lat' dir='ltr'><strong>ofﬁciis</strong></span> <span class='ocrx_word' id='word_1_659' title='bbox 912 5584 1297 5659; x_wconf 70' lang='lat' dir='ltr'><strong>exercitatus,</strong></span> <span class='ocrx_word' id='word_1_660' title='bbox 1313 5590 1365 5659; x_wconf 77' lang='lat' dir='ltr'><strong>et</strong></span> <span class='ocrx_word' id='word_1_661' title='bbox 1389 5588 1556 5659; x_wconf 73' lang='lat' dir='ltr'><strong>apud</strong></span> <span class='ocrx_word' id='word_1_662' title='bbox 1570 5589 1905 5658; x_wconf 81' lang='lat' dir='ltr'><strong>principem</strong></span> <span class='ocrx_word' id='word_1_663' title='bbox 1924 5590 2065 5645; x_wconf 87' lang='lat' dir='ltr'><strong>bene</strong></span> 
     </span>
    </p>
   </div>
   <div class='ocr_carea' id='block_1_110' title="bbox 404 5643 2063 5727">
    <p class='ocr_par' dir='ltr' id='par_1_110' title="bbox 404 5643 2063 5727">
     <span class='ocr_line' id='line_1_110' title="bbox 404 5643 2063 5727; baseline 0.009 -26"><span class='ocrx_word' id='word_1_664' title='bbox 404 5643 682 5727; x_wconf 56' lang='lat' dir='ltr'><strong>(inbitas;</strong></span> <span class='ocrx_word' id='word_1_665' title='bbox 713 5643 815 5707; x_wconf 55' lang='lat' dir='ltr'><strong>Vita</strong></span> <span class='ocrx_word' id='word_1_666' title='bbox 844 5658 921 5727; x_wconf 63' lang='lat' dir='ltr'><strong>ut</strong></span> <span class='ocrx_word' id='word_1_667' title='bbox 963 5669 1169 5727; x_wconf 59' lang='lat' dir='ltr'><strong>eorum</strong></span> <span class='ocrx_word' id='word_1_668' title='bbox 1220 5643 1534 5712; x_wconf 55' lang='lat' dir='ltr'><strong>diabolica</strong></span> <span class='ocrx_word' id='word_1_669' title='bbox 1570 5643 2063 5727; x_wconf 56' lang='lat' dir='ltr'><strong>persuasionibus</strong></span> 
     </span>
    </p>
   </div>
   <div class='ocr_carea' id='block_1_111' title="bbox 378 5688 2061 5812">
    <p class='ocr_par' dir='ltr' id='par_1_111' title="bbox 378 5688 2061 5812">
     <span class='ocr_line' id='line_1_111' title="bbox 404 5688 2061 5732; baseline 0.009 -30"><span class='ocrx_word' id='word_1_670' title='bbox 404 5688 643 5705; x_wconf 70' lang='lat' dir='ltr'><strong>wwqu</strong></span> <span class='ocrx_word' id='word_1_671' title='bbox 728 5688 815 5707; x_wconf 68' lang='lat' dir='ltr'><strong>nu</strong></span> <span class='ocrx_word' id='word_1_672' title='bbox 844 5688 919 5732; x_wconf 48' lang='grc' dir='ltr'>,ιιι</span> <span class='ocrx_word' id='word_1_673' title='bbox 963 5688 1048 5709; x_wconf 73' lang='lat' dir='ltr'><strong>w:</strong></span> <span class='ocrx_word' id='word_1_674' title='bbox 1069 5688 1169 5710; x_wconf 67' lang='lat' dir='ltr'><strong>um</strong></span> <span class='ocrx_word' id='word_1_675' title='bbox 1220 5688 1532 5712; x_wconf 71' lang='lat' dir='ltr'><strong>umwucw</strong></span> <span class='ocrx_word' id='word_1_676' title='bbox 1575 5688 2061 5727; x_wconf 62' lang='grc' dir='ltr'><strong>μηδαιιδιυηιυαδ</strong></span> 
     </span>
     <span class='ocr_line' id='line_1_112' title="bbox 378 5688 2061 5812; baseline 0.012 -46"><span class='ocrx_word' id='word_1_677' title='bbox 378 5688 742 5812; x_wconf 49' lang='lat' dir='ltr'><strong>abstractus</strong></span> <span class='ocrx_word' id='word_1_678' title='bbox 759 5726 817 5778; x_wconf 73' lang='lat' dir='ltr'><strong>et</strong></span> <span class='ocrx_word' id='word_1_679' title='bbox 829 5723 1092 5792; x_wconf 65' lang='lat' dir='ltr'><strong>allectus,</strong></span> <span class='ocrx_word' id='word_1_680' title='bbox 1111 5725 1409 5785; x_wconf 70' lang='lat' dir='ltr'><strong>desereret</strong></span> <span class='ocrx_word' id='word_1_681' title='bbox 1418 5729 1747 5802; x_wconf 75' lang='lat' dir='ltr'><strong>palatium,</strong></span> <span class='ocrx_word' id='word_1_682' title='bbox 1769 5731 2061 5789; x_wconf 77' lang='lat' dir='ltr'><strong>desereret</strong></span> 
     </span>
    </p>
   </div>
   <div class='ocr_carea' id='block_1_112' title="bbox 2172 5089 3853 5163">
    <p class='ocr_par' dir='ltr' id='par_1_112' title="bbox 2172 5089 3853 5163">
     <span class='ocr_line' id='line_1_113' title="bbox 2172 5089 3853 5163; baseline -0.001 -18"><span class='ocrx_word' id='word_1_683' title='bbox 2172 5090 2448 5160; x_wconf 77' lang='lat' dir='ltr'><strong>patriam</strong></span> <span class='ocrx_word' id='word_1_684' title='bbox 2477 5096 2533 5146; x_wconf 87' lang='lat' dir='ltr'><strong>et</strong></span> <span class='ocrx_word' id='word_1_685' title='bbox 2558 5097 2862 5160; x_wconf 82' lang='lat' dir='ltr'><strong>parentes,</strong></span> <span class='ocrx_word' id='word_1_686' title='bbox 2895 5092 3191 5148; x_wconf 81' lang='lat' dir='ltr'><strong>desereret</strong></span> <span class='ocrx_word' id='word_1_687' title='bbox 3216 5092 3457 5163; x_wconf 79' lang='lat' dir='ltr'><strong>penitus</strong></span> <span class='ocrx_word' id='word_1_688' title='bbox 3498 5089 3853 5149; x_wconf 80' lang='lat' dir='ltr'><strong>christiano-</strong></span> 
     </span>
    </p>
   </div>
   <div class='ocr_carea' id='block_1_113' title="bbox 2171 5163 3854 5234">
    <p class='ocr_par' dir='ltr' id='par_1_113' title="bbox 2171 5163 3854 5234">
     <span class='ocr_line' id='line_1_114' title="bbox 2171 5163 3854 5234; baseline -0.001 -17"><span class='ocrx_word' id='word_1_689' title='bbox 2171 5177 2307 5217; x_wconf 84' lang='lat' dir='ltr'><strong>rum</strong></span> <span class='ocrx_word' id='word_1_690' title='bbox 2331 5178 2585 5233; x_wconf 81' lang='lat' dir='ltr'><strong>regnum</strong></span> <span class='ocrx_word' id='word_1_691' title='bbox 2604 5177 2628 5233; x_wconf 85' lang='lat'><strong>,&#39;</strong></span> <span class='ocrx_word' id='word_1_692' title='bbox 2658 5170 2711 5219; x_wconf 90' lang='lat' dir='ltr'><strong>et</strong></span> <span class='ocrx_word' id='word_1_693' title='bbox 2741 5179 2904 5219; x_wconf 82' lang='lat' dir='ltr'><strong>nunc</strong></span> <span class='ocrx_word' id='word_1_694' title='bbox 2933 5164 3102 5234; x_wconf 82' lang='lat' dir='ltr'><strong>apud</strong></span> <span class='ocrx_word' id='word_1_695' title='bbox 3128 5166 3492 5234; x_wconf 79' lang='lat' dir='ltr'><strong>Hispaniam</strong></span> <span class='ocrx_word' id='word_1_696' title='bbox 3522 5165 3682 5221; x_wconf 78' lang='lat' dir='ltr'><strong>inter</strong></span> <span class='ocrx_word' id='word_1_697' title='bbox 3708 5163 3854 5234; x_wconf 81' lang='lat' dir='ltr'><strong>Sar-</strong></span> 
     </span>
    </p>
   </div>
   <div class='ocr_carea' id='block_1_114' title="bbox 2172 5233 3851 5307">
    <p class='ocr_par' dir='ltr' id='par_1_114' title="bbox 2172 5233 3851 5307">
     <span class='ocr_line' id='line_1_115' title="bbox 2172 5233 3851 5307; baseline -0.001 -19"><span class='ocrx_word' id='word_1_698' title='bbox 2172 5249 2421 5307; x_wconf 81' lang='lat' dir='ltr'><strong>racenos</strong></span> <span class='ocrx_word' id='word_1_699' title='bbox 2472 5235 2690 5291; x_wconf 68' lang='lat' dir='ltr'><strong>Iudzeis</strong></span> <span class='ocrx_word' id='word_1_700' title='bbox 2732 5233 3014 5307; x_wconf 76' lang='lat' dir='ltr'><strong>sociatus,</strong></span> <span class='ocrx_word' id='word_1_701' title='bbox 3061 5233 3390 5305; x_wconf 76' lang='lat' dir='ltr'><strong>persuasus</strong></span> <span class='ocrx_word' id='word_1_702' title='bbox 3430 5238 3508 5293; x_wconf 77' lang='lat' dir='ltr'><strong>sit</strong></span> <span class='ocrx_word' id='word_1_703' title='bbox 3554 5234 3629 5292; x_wconf 86' lang='lat' dir='ltr'><strong>ab</strong></span> <span class='ocrx_word' id='word_1_704' title='bbox 3657 5233 3851 5303; x_wconf 71' lang='lat' dir='ltr'><strong>impiis</strong></span> 
     </span>
    </p>
   </div>
   <div class='ocr_carea' id='block_1_115' title="bbox 2174 5306 3845 5379">
    <p class='ocr_par' dir='ltr' id='par_1_115' title="bbox 2174 5306 3845 5379">
     <span class='ocr_line' id='line_1_116' title="bbox 2174 5306 3845 5379; baseline -0.001 -19"><span class='ocrx_word' id='word_1_705' title='bbox 2174 5306 2476 5379; x_wconf 73' lang='lat' dir='ltr'><strong>Qhrz’stum</strong></span> <span class='ocrx_word' id='word_1_706' title='bbox 2506 5307 2620 5362; x_wconf 80' lang='lat' dir='ltr'><strong>Dei</strong></span> <span class='ocrx_word' id='word_1_707' title='bbox 2638 5308 2870 5363; x_wconf 70' lang='lat' dir='ltr'><strong>Filium</strong></span> <span class='ocrx_word' id='word_1_708' title='bbox 2894 5306 3431 5378; x_wconf 77' lang='lat' dir='ltr'><strong>negare,baptismi</strong></span> <span class='ocrx_word' id='word_1_709' title='bbox 3448 5307 3845 5379; x_wconf 79' lang='lat' dir='ltr'><strong>gratiampro-</strong></span> 
     </span>
    </p>
   </div>
   <div class='ocr_carea' id='block_1_116' title="bbox 2166 5377 3843 5450">
    <p class='ocr_par' dir='ltr' id='par_1_116' title="bbox 2166 5377 3843 5450">
     <span class='ocr_line' id='line_1_117' title="bbox 2166 5377 3843 5450; baseline -0.001 -17"><span class='ocrx_word' id='word_1_710' title='bbox 2166 5377 2410 5450; x_wconf 78' lang='lat' dir='ltr'><strong>fanare,</strong></span> <span class='ocrx_word' id='word_1_711' title='bbox 2434 5378 2940 5436; x_wconf 80' lang='lat' dir='ltr'><strong>circumcisionem</strong></span> <span class='ocrx_word' id='word_1_712' title='bbox 2954 5377 3265 5437; x_wconf 83' lang='lat' dir='ltr'><strong>carnalem</strong></span> <span class='ocrx_word' id='word_1_713' title='bbox 3299 5377 3595 5450; x_wconf 69' lang='lat' dir='ltr'><strong>accipere,</strong></span> <span class='ocrx_word' id='word_1_714' title='bbox 3627 5391 3843 5433; x_wconf 83' lang='lat' dir='ltr'><strong>nomen</strong></span> 
     </span>
    </p>
   </div>
   <div class='ocr_carea' id='block_1_117' title="bbox 2170 5448 3853 5520">
    <p class='ocr_par' dir='ltr' id='par_1_117' title="bbox 2170 5448 3853 5520">
     <span class='ocr_line' id='line_1_118' title="bbox 2170 5448 3853 5520; baseline 0.002 -18"><span class='ocrx_word' id='word_1_715' title='bbox 2170 5448 2286 5502; x_wconf 90' lang='lat' dir='ltr'><strong>sibi</strong></span> <span class='ocrx_word' id='word_1_716' title='bbox 2313 5454 2569 5518; x_wconf 83' lang='lat' dir='ltr'><strong>mutare,</strong></span> <span class='ocrx_word' id='word_1_717' title='bbox 2601 5455 2668 5505; x_wconf 87' lang='lat' dir='ltr'><strong>ut</strong></span> <span class='ocrx_word' id='word_1_718' title='bbox 2706 5452 2813 5520; x_wconf 78' lang='lat' dir='ltr'><strong>qui</strong></span> <span class='ocrx_word' id='word_1_719' title='bbox 2835 5458 3015 5508; x_wconf 86' lang='lat' dir='ltr'><strong>antea</strong></span> <span class='ocrx_word' id='word_1_720' title='bbox 3048 5453 3236 5520; x_wconf 81' lang='lat' dir='ltr'><strong>Bede,</strong></span> <span class='ocrx_word' id='word_1_721' title='bbox 3273 5448 3443 5507; x_wconf 70' lang='lat' dir='ltr'><strong>nunc</strong></span> <span class='ocrx_word' id='word_1_722' title='bbox 3479 5451 3716 5505; x_wconf 77' lang='lat' dir='ltr'><strong>Etiezer</strong></span> <span class='ocrx_word' id='word_1_723' title='bbox 3749 5464 3853 5517; x_wconf 84' lang='lat' dir='ltr'><strong>ap-</strong></span> 
     </span>
    </p>
   </div>
   <div class='ocr_carea' id='block_1_118' title="bbox 2168 5521 3847 5589">
    <p class='ocr_par' dir='ltr' id='par_1_118' title="bbox 2168 5521 3847 5589">
     <span class='ocr_line' id='line_1_119' title="bbox 2168 5521 3847 5589; baseline 0.001 -18"><span class='ocrx_word' id='word_1_724' title='bbox 2168 5521 2433 5589; x_wconf 71' lang='lat' dir='ltr'><strong>pelletur</strong></span> <span class='ocrx_word' id='word_1_725' title='bbox 2454 5534 2473 5583; x_wconf 84' lang='lat'><strong>,‘</strong></span> <span class='ocrx_word' id='word_1_726' title='bbox 2504 5523 2589 5576; x_wconf 72' lang='lat' dir='ltr'><strong>ita</strong></span> <span class='ocrx_word' id='word_1_727' title='bbox 2622 5527 2757 5576; x_wconf 81' lang='lat' dir='ltr'><strong>utet</strong></span> <span class='ocrx_word' id='word_1_728' title='bbox 2788 5526 3212 5589; x_wconf 76' lang='lat' dir='ltr'><strong>superstitione</strong></span> <span class='ocrx_word' id='word_1_729' title='bbox 3236 5530 3288 5579; x_wconf 86' lang='lat' dir='ltr'><strong>et</strong></span> <span class='ocrx_word' id='word_1_730' title='bbox 3318 5523 3526 5579; x_wconf 74' lang='lat' dir='ltr'><strong>lmlu&#39;tu</strong></span> <span class='ocrx_word' id='word_1_731' title='bbox 3559 5527 3717 5574; x_wconf 83' lang='lat' dir='ltr'><strong>totus</strong></span> <span class='ocrx_word' id='word_1_732' title='bbox 3747 5521 3847 5573; x_wconf 86' lang='lat' dir='ltr'><strong>Iu-</strong></span> 
     </span>
    </p>
   </div>
   <div class='ocr_carea' id='block_1_119' title="bbox 2171 5589 3843 5666">
    <p class='ocr_par' dir='ltr' id='par_1_119' title="bbox 2171 5589 3843 5666">
     <span class='ocr_line' id='line_1_120' title="bbox 2171 5589 3843 5666; baseline 0.001 -21"><span class='ocrx_word' id='word_1_733' title='bbox 2171 5592 2335 5666; x_wconf 62' lang='lat' dir='ltr'><strong>daeus</strong></span> <span class='ocrx_word' id='word_1_734' title='bbox 2366 5595 2627 5663; x_wconf 77' lang='lat' dir='ltr'><strong>e/fectus,</strong></span> <span class='ocrx_word' id='word_1_735' title='bbox 2667 5595 2932 5665; x_wconf 81' lang='lat' dir='ltr'><strong>quotidie</strong></span> <span class='ocrx_word' id='word_1_736' title='bbox 2956 5596 3017 5652; x_wconf 75' lang='lat' dir='ltr'><strong>in</strong></span> <span class='ocrx_word' id='word_1_737' title='bbox 3050 5595 3372 5666; x_wconf 81' lang='lat' dir='ltr'><strong>synagogis</strong></span> <span class='ocrx_word' id='word_1_738' title='bbox 3405 5589 3843 5666; x_wconf 47' lang='lat' dir='ltr'><strong>SatanwLbar-</strong></span> 
     </span>
    </p>
   </div>
   <div class='ocr_carea' id='block_1_120' title="bbox 2175 5660 3837 5737">
    <p class='ocr_par' dir='ltr' id='par_1_120' title="bbox 2175 5660 3837 5737">
     <span class='ocr_line' id='line_1_121' title="bbox 2175 5660 3837 5737; baseline 0.001 -20"><span class='ocrx_word' id='word_1_739' title='bbox 2175 5662 2348 5718; x_wconf 86' lang='lat' dir='ltr'><strong>batus</strong></span> <span class='ocrx_word' id='word_1_740' title='bbox 2360 5660 2421 5737; x_wconf 70' lang='lat' dir='ltr'><strong>et</strong></span> <span class='ocrx_word' id='word_1_741' title='bbox 2436 5660 2813 5737; x_wconf 78' lang='lat' dir='ltr'><strong>eonz&#39;ugdtus,</strong></span> <span class='ocrx_word' id='word_1_742' title='bbox 2839 5682 2973 5722; x_wconf 87' lang='lat' dir='ltr'><strong>cum</strong></span> <span class='ocrx_word' id='word_1_743' title='bbox 2996 5660 3228 5726; x_wconf 57' lang='lat' dir='ltr'><strong>caeteris</strong></span> <span class='ocrx_word' id='word_1_744' title='bbox 3241 5660 3609 5737; x_wconf 70' lang='lat' dir='ltr'><strong>blasphemet</strong></span> <span class='ocrx_word' id='word_1_745' title='bbox 3632 5660 3837 5721; x_wconf 79' lang='lat' dir='ltr'><strong>Chris-</strong></span> 
     </span>
    </p>
   </div>
   <div class='ocr_carea' id='block_1_121' title="bbox 2174 5736 3112 5802">
    <p class='ocr_par' dir='ltr' id='par_1_121' title="bbox 2174 5736 3112 5802">
     <span class='ocr_line' id='line_1_122' title="bbox 2174 5736 3112 5802; baseline 0.004 -13"><span class='ocrx_word' id='word_1_746' title='bbox 2174 5737 2302 5791; x_wconf 82' lang='lat' dir='ltr'><strong>tum</strong></span> <span class='ocrx_word' id='word_1_747' title='bbox 2323 5741 2381 5791; x_wconf 84' lang='lat' dir='ltr'><strong>et</strong></span> <span class='ocrx_word' id='word_1_748' title='bbox 2398 5736 2734 5793; x_wconf 72' lang='lat' dir='ltr'><strong>Ecclesium</strong></span> <span class='ocrx_word' id='word_1_749' title='bbox 2763 5738 2911 5793; x_wconf 79' lang='lat' dir='ltr'><strong>eius.</strong></span> <span class='ocrx_word' id='word_1_750' title='bbox 2934 5739 3112 5802; x_wconf 79' lang='lat' dir='ltr'><strong>Bono.</strong></span> 
     </span>
    </p>
   </div>
  </div>
