3950 6372
134 244 289 300 1385

1692 242 2036 302 ANNALES.

3452 263 3474 318 l
3485 263 3597 322 386

132 364 388 422 animos
417 381 629 424 eorum
659 370 1174 438 terruerat;cuius
1201 371 1416 428 seriem
1437 370 1812 428 visionisim-
1839 373 1887 424 Α
1996 369 2295 426 Venerunt
2340 371 2521 429 etiam
2564 372 2744 444 legati
2789 374 3131 433 Graecorum
3177 391 3215 434 a
3265 378 3592 455 Theophilo

131 455 411 526 peratori
439 457 672 513 mittere
704 457 949 522 studuit,
969 459 1293 516 habentem
1323 461 1484 517 hunc
1515 461 1767 516 modum
1795 477 1807 515 :

144 544 314 601 Visio
359 547 669 605 cuiusdam
715 549 984 618 religiosi
1015 551 1361 621 presbyteri
1387 551 1460 606 de
1499 556 1663 607 terra
1689 551 1813 606 Λη-

127 635 385 704 glorum
414 653 547 709 qua:
568 644 702 707 post
728 638 1010 695 Natalem
1060 641 1305 697 Domini
1331 642 1388 698 ei
1409 647 1586 711 rapto
1615 656 1652 698 α
1678 657 1810 698 cor-

127 739 290 795 pore
318 733 554 784 ostensa
583 733 688 786 est.

208 837 240 865 ‹‹
279 815 557 881 Quadam
587 821 763 874 nocte
793 834 933 874 cum
966 818 1126 891 idem
1153 819 1468 890 religiosus
1497 821 1811 894 presbyter

127 902 452 976 dormiret,
483 906 735 979 quidam
763 906 948 964 homo
975 908 1053 964 ad
1080 925 1219 965 eum
1251 910 1431 979 venit,
1455 910 1811 984 praecipiens

126 992 214 1048 illi
247 997 318 1050 ut
349 1010 488 1050 eum
520 999 889 1069 sequeretur.
916 999 1078 1053 Tunc
1122 997 1218 1054 ille
1263 1015 1538 1072 surgens,
1571 1003 1810 1056 secutus

124 1087 220 1138 est
243 1099 390 1139 eum
416 1103 429 1152 ;
458 1084 672 1141 ductor
702 1101 846 1141 vero
892 1086 1050 1142 illius
1099 1087 1273 1145 duxit
1302 1106 1442 1146 eum
1473 1089 1554 1147 ad
1585 1094 1802 1146 terram

123 1170 246 1227 sibi
277 1171 576 1243 ignotam,
595 1173 697 1230 ubi
724 1175 894 1232 varia
922 1180 980 1232 et
1003 1177 1156 1234 mira
1184 1178 1438 1235 aediﬁcia
1469 1182 1812 1235 constructa

119 1260 305 1333 vidit,
340 1262 492 1319 inter
538 1280 677 1337 quae
725 1264 981 1322 ecclesia
1031 1265 1190 1323 facta
1237 1271 1381 1336 erat,
1409 1268 1684 1342 inquam
1713 1267 1810 1324 ille

118 1351 180 1405 et
232 1352 251 1385 ¹
323 1350 539 1408 ductor
587 1352 716 1409 eius
763 1354 1047 1423 introivit,
1107 1355 1457 1430 ibidemque
1512 1356 1808 1430 plurimos

118 1453 360 1510 pueros
414 1439 681 1511 legentes
733 1441 898 1499 vidit.
932 1445 1204 1516 Cumque
1251 1445 1567 1502 ductorem
1627 1461 1806 1502 suum

118 1525 550 1600 interrogaret,
583 1545 661 1586 an
708 1529 1009 1603 inquirere
1052 1532 1304 1589 auderet
1353 1535 1605 1607 quinam
1634 1527 1806 1607 pueri

119 1619 354 1681 essent,
387 1617 699 1688 respondit
725 1617 778 1674 ei
813 1635 826 1673 :
865 1623 1167 1690 Interroga
1199 1621 1362 1694 quod
1401 1622 1507 1686 vis,
1543 1627 1599 1678 et
1618 1621 1805 1678 liben-

1921 456 2280 529 imperatore
2324 460 2551 532 directi,
2593 462 2967 519 Theodosius
3005 470 3024 494 '
3051 465 3344 536 videlicet,
3396 472 3592 530 Calce-

1920 544 2208 602 donensis
2256 550 2760 624 metropolitanus
2813 552 3156 626 episcopus.
3190 559 3248 612 et
3276 558 3589 634 Theopha-

1917 634 2056 690 nius
2097 637 2458 710 spatharius,
2506 640 2762 698 ferentes
2810 657 2949 698 cum
2999 643 3176 700 donis
3222 645 3586 720 imperatore

1917 723 2118 794 dignis
2150 727 2503 799 epistolam;
2542 746 2697 803 quos
2725 730 3054 804 imperator
3101 733 3312 806 quinto
3344 737 3586 798 decimo

1915 813 2219 872 Kalendas
2242 817 2389 874 Iunii
2413 817 2476 874 in
2506 819 2922 890 lngulenheim
2947 821 3278 880 honoriﬁce
3301 829 3586 903 suscepit.

1917 903 2186 968 Quorum
2214 905 2434 976 legatio
2464 925 2644 981 super
2673 910 3132 969 conﬁrmatione
3153 914 3313 986 pacti
3335 921 3393 973 et
3418 919 3589 991 pacis

1917 997 2098 1073 atque
2161 1000 2466 1068 perpetuae
2532 999 2685 1055 inter
2758 1005 3084 1075 utrumque
3159 1002 3589 1078 imperatorem

1915 1081 2089 1154 eique
2121 1084 2392 1142 subditos
2423 1088 2702 1145 amicitiae
2727 1094 2785 1146 et
2828 1091 3134 1148 charitatis
3180 1094 3419 1166 agebat,
3451 1113 3588 1155 nec-

1914 1185 2038 1227 non
2067 1171 2142 1228 de
2172 1172 2452 1248 victoriis,
2495 1193 2651 1250 quas
2693 1178 2986 1236 adversus
3041 1185 3273 1239 exteras
3303 1183 3587 1246 bellando

1914 1263 2120 1328 gentes
2147 1261 2378 1318 caelitus
2409 1263 2603 1322 fuerat
2645 1272 2986 1338 assecutus,
3021 1271 3376 1341 gratiﬁcatio
3423 1279 3482 1332 et
3522 1275 3588 1334 in

1915 1348 2168 1406 Domino
2207 1352 2522 1410 exsultatio
2566 1355 2906 1426 ferebatur;
2941 1357 3003 1414 in
3046 1360 3270 1432 quibus
3324 1363 3586 1438 impera-

1914 1441 2105 1494 torem
2137 1439 2371 1514 sibique
2398 1442 2699 1501 subiectos
2731 1446 3128 1505 amicabiliter
3173 1449 3368 1509 datori
3399 1454 3585 1512 victo-

1911 1529 2141 1586 riarum
2184 1532 2461 1590 omnium
2513 1536 2740 1605 gratias
2794 1537 3014 1595 referre
3072 1543 3368 1613 poposcit.
3431 1545 3586 1602 Misit

1913 1617 2095 1675 etiam
2145 1635 2285 1678 cum
2333 1622 2418 1678 eis
2465 1625 2796 1696 quosdam,
2826 1626 2932 1700 qui
2983 1644 3066 1696 se,
3097 1629 3160 1684 id
3206 1635 3295 1688 est
3342 1637 3584 1703 gentem

117 1707 209 1759 ter
235 1703 348 1760 tibi
379 1703 683 1763 indicabo.
719 1709 783 1763 Et
822 1723 962 1764 cum
993 1708 1071 1765 ad
1099 1709 1230 1766 illos
1260 1712 1800 1785 appropinquaret,
1832 1727 1878 1782 Β
1914 1723 2116 1774 suam,
2142 1710 2302 1766 Rhos
2332 1710 2360 1751 δ
2387 1713 2590 1770 vocari
2637 1714 2942 1787 dicebant,
2965 1733 3122 1789 quos
3165 1734 3272 1776 rex
3315 1719 3581 1794 illorum,

118 1797 185 1849 ut
231 1794 466 1851 videret
507 1795 675 1868 quod
720 1797 1006 1871 legerent,
1037 1801 1311 1873 perpexit
1355 1801 1541 1858 libros
1589 1817 1802 1857 eorum

118 1898 250 1939 non
277 1883 481 1941 solum
527 1885 714 1957 nigris
740 1885 968 1956 litteris,
999 1905 1212 1945 verum
1241 1891 1420 1947 etiam
1450 1891 1799 1960 sanguineis

118 1989 254 2029 esse
293 1973 652 2048 descriptos,
684 1976 768 2032 ita
815 1977 1110 2050 videlicet,
1141 1984 1208 2035 ut
1254 1995 1382 2037 una
1414 1980 1574 2036 linea
1615 1979 1802 2050 nigris

117 2066 285 2118 esset
314 2061 526 2120 litteris
555 2063 875 2138 descripta,
909 2071 968 2123 et
997 2067 1185 2124 altera
1226 2069 1595 2139 sanguineis.
1626 2071 1799 2126 Cum-

115 2167 239 2223 que
299 2151 793 2225 interrogassem,
827 2171 934 2212 cur
957 2155 1094 2212 libri
1134 2157 1216 2212 illi
1248 2157 1597 2229 sanguineis
1624 2157 1798 2214 lineis

115 2239 408 2314 descripti
457 2247 675 2308 essent,
721 2244 1032 2318 respondit
1082 2246 1298 2302 ductor
1343 2263 1559 2304 meus:
1606 2247 1796 2305 Linea

117 2329 497 2400 sanguineae,
527 2348 679 2404 quas
713 2332 776 2388 in
819 2334 947 2390 istis
994 2333 1162 2391 libris
1211 2336 1530 2409 conspicis,
1562 2335 1798 2393 diversa

117 2419 446 2478 hominum
494 2420 958 2481 christian'orum
1015 2429 1264 2498 peccata
1317 2431 1476 2491 sunt,
1525 2427 1672 2500 quia
1723 2443 1797 2484 ea

119 2526 259 2583 quae
291 2511 356 2568 in
400 2511 568 2568 libris
597 2512 814 2570 divinis
861 2514 975 2570 illis
1005 2520 1310 2589 praecepta
1340 2520 1398 2573 et
1421 2516 1589 2574 iussa
1630 2523 1791 2585 sunt,

117 2600 374 2657 minime
426 2600 620 2659 facere
669 2608 727 2660 et
778 2603 1110 2676 adimplere
1166 2605 1394 2662 volunt.
1428 2606 1603 2662 Pueri
1652 2622 1796 2663 vero

116 2688 236 2758 isti,
297 2690 406 2764 qui
452 2691 551 2748 hic
599 2692 776 2766 quasi
833 2693 1092 2765 legendo
1151 2694 1516 2766 discurrunt,
1575 2696 1794 2753 anima:

117 2783 262 2836 sunt
301 2784 676 2851 sanctorum,
708 2799 846 2856 quae
877 2783 1144 2856 quotidie
1173 2801 1283 2857 pro
1330 2785 1792 2842 christianorum

115 2869 386 2942 peccatis
436 2876 495 2927 et
536 2870 906 2929 facinoribus
955 2872 1294 2946 deplorant,
1327 2879 1385 2931 et
1424 2889 1535 2947 pro
1565 2874 1680 2930 illis
1708 2874 1796 2931 in-

115 2959 453 3030 tercedunt,
486 2965 552 3016 ut
577 2960 822 3017 tandem
852 2961 1182 3036 aliquando
1243 2963 1323 3018 ad
1377 2963 1792 3036 penitentiam

116 3053 547 3105 convertantur
577 3067 590 3117 ;
624 3053 681 3105 et
704 3049 818 3106 nisi
847 3050 973 3106 ista:
1021 3051 1241 3107 animae
1289 3056 1637 3108 sanctorum
1669 3056 1790 3109 tam

115 3136 464 3194 incessante
518 3153 658 3194 cum
716 3137 860 3194 ﬂetu
916 3138 996 3195 ad
1043 3141 1231 3196 Deum
1279 3140 1631 3207 clamarent,
1664 3141 1788 3197 iam

117 3225 502 3300 aliquatenus
530 3226 668 3283 ﬁnis
695 3230 1000 3284 tantorum
1040 3228 1344 3285 malorum
1369 3229 1430 3285 in
1462 3229 1789 3286 christiano

117 3317 346 3389 populo
378 3320 558 3372 esset.
592 3317 962 3386 Recordaris,
997 3318 1143 3391 quia
1168 3335 1331 3376 anno
1360 3319 1646 3392 praesenti
1670 3319 1790 3376 fru-

119 3418 220 3475 ges
243 3421 371 3462 non
399 3405 602 3462 solum
627 3406 688 3462 in
719 3410 898 3479 terra,
921 3424 1131 3464 verum
1157 3408 1344 3464 etiam
1375 3408 1438 3464 in
1468 3408 1788 3465 arboribus

118 3499 174 3551 et
212 3495 440 3552 vitibus
492 3495 875 3553 abundanter
903 3502 1164 3555 ostensa;
1200 3503 1360 3568 sunt,
1409 3497 1514 3556 sed
1543 3503 1789 3572 propter

115 3590 364 3658 peccata
416 3585 739 3643 hominum
787 3587 1057 3645 maxima
1102 3604 1247 3662 pars
1301 3587 1543 3645 illarum
1590 3589 1784 3662 periit,

117 3689 250 3746 quae
298 3673 380 3732 ad
428 3692 609 3732 usum
669 3679 850 3749 atque
905 3677 1220 3734 utilitatem
1276 3677 1615 3734 humanam
1661 3693 1786 3735 non

116 3763 422 3834 pervenit;
457 3764 625 3837 quod
655 3765 704 3821 si
734 3765 849 3822 cito
873 3766 1152 3824 homines
1179 3767 1486 3824 christiani
1504 3767 1579 3824 de
1605 3767 1786 3824 variis

115 3850 269 3908 vitiis
317 3857 375 3910 et
403 3852 776 3910 facinoribus
820 3871 1032 3912 eorum
1071 3872 1197 3913 non
1247 3856 1476 3928 egerint
1496 3857 1787 3930 poeniten-

117 3939 278 4011 tiam,
308 3946 366 3999 et
395 3941 562 4000 diem
609 3942 986 4001 dominicum
1016 3945 1230 4002 melius
1272 3950 1330 4003 et
1367 3945 1784 4003 honorabilius

116 4044 236 4087 non
279 4031 736 4090 observaverint
761 4035 804 4102 ³,
834 4033 949 4091 cito
997 4051 1180 4108 super
1221 4051 1324 4092 eos
1358 4035 1698 4092 maximum
1727 4039 1785 4092 et

116 4115 482 4178 intolerabile
512 4121 851 4195 periculum
876 4122 1112 4188 veniet;
1144 4122 1421 4180 videlicet
1449 4123 1640 4180 tribus
1659 4123 1781 4180 die-

114 4202 226 4262 bus
251 4211 307 4265 et
332 4209 616 4267 noctibus
647 4225 832 4283 super
859 4213 1081 4267 terram
1110 4209 1351 4268 illorum
1377 4208 1602 4267 nebula
1627 4210 1780 4283 spis-

117 4291 348 4354 sissima
394 4296 796 4373 expandetur,
848 4301 907 4355 et
961 4297 1166 4355 statim
1217 4298 1498 4355 homines
1552 4297 1780 4372 pagani

117 4395 248 4440 cum
277 4385 586 4444 immensa
609 4386 994 4444 multitudine
1019 4387 1272 4445 navium
1303 4403 1484 4462 super
1511 4387 1648 4444 illos
1675 4403 1775 4445 ve-

1912 1797 2228 1855 Chacanus
2257 1801 2578 1873 vocabulo,
2605 1803 2685 1860 ad
2727 1820 2791 1860 se
2835 1805 3132 1878 amicitiae,
3175 1809 3328 1866 sicut
3357 1827 3584 1870 assere-

1907 1884 2078 1955 bant,
2098 1902 2285 1944 causa
2304 1887 2622 1961 direxerat,
2647 1895 2858 1963 petens
2878 1908 2987 1964 per
3004 1901 3406 1954 memoratam
3426 1900 3582 1972 epis-

1908 1974 2120 2048 tolam,
2145 1981 2446 2050 quatenus
2472 1979 2845 2052 benignitate
2872 1984 3252 2056 imperatoris
3280 1986 3579 2044 redeundi

1906 2063 2254 2122 facultatem
2303 2071 2485 2140 atque
2528 2069 2821 2127 auxilium
2867 2087 2977 2144 per
3027 2072 3349 2146 imperium
3395 2092 3578 2133 suum

1906 2157 2097 2210 totum
2117 2154 2341 2212 habere
2362 2161 2629 2230 possent,
2649 2159 2944 2232 quoniam
2963 2160 3180 2219 itinera
3198 2179 3307 2236 per
3326 2180 3465 2237 quas
3494 2165 3577 2222 ad

1903 2241 2074 2300 illum
2123 2245 2706 2320 Constantinopolim
2749 2254 3056 2320 venerant,
3096 2251 3251 2308 inter
3277 2252 3577 2311 barbaras

1903 2336 1960 2388 et
1980 2333 2181 2390 nimiae
2213 2334 2458 2392 feritatis
2480 2341 2688 2406 gentes
2713 2337 3190 2398 immanissimas
3209 2341 3572 2417 habuerant,

1902 2421 2128 2495 quibus
2159 2439 2283 2493 eos,
2317 2440 2392 2482 ne
2432 2425 2583 2482 forte
2631 2427 2967 2500 periculum
2996 2429 3350 2497 inciderent,
3380 2433 3575 2490 redire

1901 2511 2114 2568 noluit.
2144 2515 2411 2579 Quorum
2457 2515 2751 2572 adventus
2798 2532 3050 2576 causam
3091 2519 3420 2594 imperator
3443 2521 3575 2579 dili-

1903 2599 2140 2669 gentius
2165 2600 2556 2674 investigans,
2581 2605 2874 2678 comperit
2897 2622 3002 2663 eos
3021 2607 3214 2678 gentis
3235 2625 3365 2666 esse
3392 2612 3575 2668 Sueo-

1902 2703 2074 2756 num,
2122 2690 2532 2763 exploratores
2580 2694 2782 2767 potius
2828 2695 3000 2766 regni
3048 2696 3208 2754 illius
3259 2699 3571 2774 nostrique

1902 2793 2092 2850 quam
2131 2780 2409 2837 amicitia:
2453 2782 2736 2855 petitores
2755 2788 2944 2857 ratus,
2964 2801 3152 2858 penes
3182 2802 3246 2842 se
3275 2803 3348 2845 eo
3375 2800 3572 2862 usque

1899 2867 2244 2925 retinendos
2273 2869 2580 2944 iudicavit,
2613 2872 2782 2945 quod
2802 2874 3093 2933 veraciter
3133 2876 3403 2934 invenire
3431 2893 3574 2952 pos-

1901 2959 2010 3025 set,
2041 2960 2244 3013 utrum
2289 2957 2542 3014 ﬁdeliter
2588 2976 2660 3016 eo
2701 2977 2894 3018 necne
2939 2965 3358 3035 pervenerint;
3383 2966 3570 3040 idque

1899 3045 2226 3118 Theophilo
2255 3062 2362 3119 per
2387 3053 2755 3106 memoratos
2782 3049 3012 3122 legatos
3043 3068 3186 3109 suos
3214 3058 3395 3127 atque
3419 3055 3574 3127 epis-

1899 3133 2087 3190 tolam
2134 3133 2410 3193 intimare
2448 3152 2572 3193 non
2625 3137 2870 3209 distulit,
2919 3144 2977 3196 et
3019 3140 3187 3213 quod
3237 3157 3343 3198 eos
3406 3142 3568 3201 illius

1901 3239 2108 3280 amore
2134 3223 2388 3282 libenter
2416 3227 2766 3299 susceperit,
2794 3243 2866 3284 ac
2896 3229 2945 3284 si
2983 3229 3192 3287 ﬁdeles
3229 3230 3566 3289 inveniren-

1899 3315 2014 3384 tur,
2043 3317 2100 3369 et
2129 3313 2384 3371 facultas
2412 3316 2644 3388 absque
2669 3316 2909 3374 illorum
2932 3319 3201 3390 periculo
3222 3319 3284 3376 in
3305 3321 3566 3394 patriam

1897 3403 2207 3459 remeandi
2237 3403 2500 3473 daretur,
2531 3421 2671 3461 cum
2732 3406 2956 3464 auxilio
2999 3410 3432 3480 remittendos;
3472 3411 3567 3470 sin

1897 3491 2067 3564 alias,
2101 3508 2225 3550 una
2255 3510 2396 3550 cum
2426 3494 2629 3551 missis
2658 3496 2880 3552 nostris
2910 3496 2992 3553 ad
3020 3497 3148 3554 eius
3175 3500 3566 3571 praesentiam

1896 3580 2268 3654 dirigendos,
2299 3587 2366 3640 ut
2411 3582 2560 3657 quid
2610 3583 2685 3641 de
2713 3583 2938 3642 talibus
2967 3585 3098 3643 ﬁeri
3141 3587 3407 3658 deberet,
3433 3589 3566 3664 ipse

1895 3671 2276 3730 decernendo
2321 3673 2600 3730 efﬁceret.
2648 3675 2876 3741 Quibus
2922 3677 3202 3750 peractis,
3234 3678 3566 3752 imperator

1894 3760 2108 3822 urbem
2139 3763 2527 3833 Vangionum
2555 3762 2723 3822 iuxta
2773 3765 3116 3822 condictum
3149 3765 3320 3823 tertio
3350 3767 3563 3825 Kalen-

1894 3849 2005 3906 das
2045 3851 2196 3907 Iunii
2222 3852 2509 3924 pervenit,
2551 3851 2636 3908 ibi
2665 3853 2956 3926 susceptis
2985 3853 3376 3927 quibusdam,
3403 3871 3562 3930 quos

1892 3939 1972 3996 ad
2000 3940 2116 3996 hoc
2146 3941 2167 3974 ³
2201 3939 2537 4012 specialiter
2563 3956 2893 4014 properare
2922 3941 3202 4015 iusserat,
3252 3943 3558 4017 ﬁdelibus,

1893 4027 2234 4084 Lotharium
2265 4027 2458 4084 ﬁlium
2481 4044 2661 4085 suum
2691 4029 2772 4086 ab
2803 4029 2970 4087 Italia
2991 4031 3331 4089 venientem
3360 4038 3561 4106 pater-

1889 4132 1970 4174 no
2015 4116 2317 4190 suscipere
2366 4117 2585 4174 affectu
2627 4117 2878 4175 minime
2925 4119 3142 4178 renuit.
3176 4121 3307 4187 Quo
3349 4121 3558 4196 palam

1888 4206 2172 4265 omnibus
2219 4207 2297 4264 ad
2347 4207 2633 4280 genitoris
2679 4208 2936 4281 vestigia
2986 4209 3333 4285 suppliciter
3364 4213 3559 4286 proci-

1888 4297 2066 4354 dente
2095 4302 2153 4354 et
2177 4296 2620 4370 praeteritorum
2645 4315 3004 4358 excessuum
3030 4299 3274 4360 veniam
3319 4302 3560 4362 humili-

1887 4389 1974 4443 ter
2019 4386 2384 4460 postulante,
2426 4387 2774 4461 imperator,
2832 4389 3253 4448 misericordia
3299 4407 3424 4464 qua
3472 4392 3561 4449 in-

116 4472 291 4547 nient,
322 4481 380 4535 et
423 4477 763 4536 maximam
811 4482 1044 4552 partem
1085 4477 1296 4552 populi
1324 4452 1581 4536 etteme
1625 4477 1776 4534 chri-
1804 4452 1852 4507 D
1888 4452 2279 4549 corporaliter
2307 4476 2330 4511 δ
2359 4452 2599 4550 semper
2645 4452 2838 4549 viguit
2878 4476 3096 4548 ﬂexus,
3147 4452 3451 4552 quidquid
3493 4478 3557 4536 in

119 4562 442 4624 stianorum
469 4584 614 4625 cum
642 4567 929 4625 omnibus
953 4583 1090 4641 quae
1109 4567 1426 4641 possident
1444 4569 1565 4640 igni
1593 4568 1776 4626 ferro-

115 4664 228 4722 que
256 4654 683 4716 devastabunt.
715 4657 830 4716 Sed
859 4662 1084 4726 tamen,
1109 4657 1160 4714 si
1189 4658 1389 4715 adhuc
1412 4675 1621 4716 veram
1652 4677 1776 4733 poe-

116 4740 417 4804 nitentiam
446 4764 630 4820 agere
676 4747 910 4819 volunt,
943 4752 1000 4806 et
1043 4752 1295 4822 peccata
1339 4748 1579 4806 illorum
1609 4748 1777 4808 iuxta

117 4839 478 4907 praeceptum
509 4835 748 4894 Domini
775 4836 999 4893 ieiunio
1021 4841 1078 4893 et
1100 4837 1372 4894 oratione
1401 4837 1602 4912 adque
1627 4838 1778 4896 eIee-

1886 4581 2028 4622 eum
2051 4565 2529 4639 praecedentibus
2551 4565 2728 4622 annis
2757 4565 2886 4639 ipse
2919 4566 3133 4640 suique
3153 4565 3557 4639 deliquerant,

1883 4662 2140 4730 paterna
2167 4655 2535 4726 benignitate
2565 4654 2882 4723 concessit,
2914 4654 2998 4712 ita
3046 4659 3272 4724 tamen,
3315 4655 3364 4712 si
3393 4654 3559 4712 dein-

1885 4761 2028 4819 ceps
2074 4745 2224 4801 nihil
2267 4744 2559 4801 adversus
2587 4759 2726 4801 eum
2748 4743 2954 4817 pravis
2998 4743 3554 4802 machinationibus

1886 4835 2256 4892 molirentur.
2283 4837 2542 4891 Suorum
2562 4850 2808 4908 quoque
2849 4833 3191 4906 complures
3212 4849 3336 4890 non
3357 4832 3556 4890 solum

118 4925 428 4996 mosynis8
459 4927 785 4986 emendare
815 4926 1154 4985 studuerint
1183 4929 1227 4998 ‘,
1260 4932 1402 4986 tunc
1419 4929 1531 4987 has
1560 4945 1777 5003 poenas
1881 4923 2368 5000 proprietatibus,
2410 4939 2624 4980 verum
2679 4923 2860 4980 etiam
2909 4921 3310 4980 beneﬁciariis
3370 4921 3558 4981 dona-

120 5010 173 5065 et
198 5012 462 5082 pericula
488 5033 599 5092 per
621 5015 1113 5076 intercessionem
1141 5020 1489 5075 sanctorum
1519 5018 1774 5076 evadere
1881 5016 1968 5073 vit
2012 5012 2368 5082 honoribus,
2403 5011 2772 5085 insuperque
2821 5011 3220 5085 descriptione
3265 5011 3437 5084 regni
3464 5011 3560 5069 sui

117 5102 409 5168 poterunt.
451 5129 482 5158 »

1881 5103 2220 5179 aequalibus
2259 5117 2416 5177 pene
2458 5101 2738 5176 partibus
2785 5100 3066 5166 discreta,
3097 5101 3406 5176 optionem
3450 5100 3552 5166 illi,

1408 5197 1801 5254 VARIANTES
1840 5195 2245 5254 LECTIONES.

187 5276 204 5311 ¹
244 5279 399 5339 deest
436 5285 546 5358 Ch.
605 5289 628 5324 ³
659 5286 1076 5346 honorabilius
1105 5285 1505 5345 observarint.
1555 5279 1666 5344 Ch.
1709 5287 1732 5322 ³
1769 5283 2135 5358 elemosynis
2175 5282 2286 5340 Ch.
2338 5284 2360 5318 ⁴
2399 5278 2759 5339 studuerunt
2797 5281 2908 5340 Ch.
2950 5282 2972 5317 ⁸
3012 5295 3168 5356 quos
3198 5280 3402 5340 adhuc
3442 5280 3557 5338 Ch.

121 5341 717 5426 incomparabiliter“?

1704 5448 1937 5506 ΝΟΤᾸΞ.

189 5527 606 5610 ‘_'l'_heod_osius
657 5538 943 5610 patricius
973 5542 1121 5603 erat,
1165 5553 1290 5594 non
1335 5537 1685 5610 episcopus,
1718 5542 1784 5593 ut

125 5593 365 5684 testatur
388 5593 876 5740 chronogrﬁghia
898 5593 1074 5681 jussu
1090 5593 1478 5666 Constantini
1517 5593 1780 5681 Plorp'hy-

125 5675 367 5736 roseum
415 5685 638 5740 scripta
772 5723 786 5738 .
833 5697 920 5740 ui.
971 5695 1141 5738 num.
1190 5685 1258 5738 37
1301 5699 1315 5738 ε
1362 5679 1531 5740 quod
1559 5679 1780 5737 docent

125 5675 367 5736 ιόεθιιίιί
415 5675 651 5753 scripta:
681 5675 786 5740 lib.
833 5675 920 5744 ut;
971 5695 1141 5738 num.
1190 5685 1258 5738 37
1301 5699 1315 5738 :
1362 5679 1531 5754 quod
1559 5675 1780 5750 do'ceiit

507 5767 754 5830 Pauor.
798 5771 948 5829 CXV.

1893 5537 2074 5593 etiam
2105 5531 2472 5604 Curopalata
2503 5534 2560 5587 et
2588 5531 2913 5588 Cedrenus.
2945 5532 3120 5590 Boue.

1959 5608 1986 5648 δ
2018 5603 2084 5660 Id
2103 5609 2192 5660 est
2222 5603 2418 5661 R’ussi.

3095 5765 3166 5820 44
