3950 6428
380 356 520 416 1387

1486 356 1543 411 S.
1575 356 1940 411 PRUDENTII
1974 350 2366 439 TRECENSIS
2400 355 2711 411 EPISCOPI

3680 353 3815 412 1388

374 494 568 555 quam
609 492 823 537 earum
870 477 1093 547 mallet,
1125 476 1338 535 offerre
1380 491 1504 534 non
1535 476 1899 549 dedignatus
1929 481 2037 534 est.
2068 480 2115 534 A
2153 478 2332 534 nibus
2382 478 2732 551 potirentur.
2771 478 3293 551 Sacramentisque
3339 476 3729 534 multifariam
3777 494 3813 535 a

378 570 561 628 Cuius
608 568 916 626 divisionis
967 565 1229 624 formula
1255 568 1337 624 ita
1382 583 1445 623 se
1474 567 1733 624 habuit:
1773 569 2040 634 Quarum

377 660 564 718 altera
586 673 842 729 regnum
873 656 1051 714 Italia
1072 660 1431 730 partemque
1460 658 1840 729 Burgundise,
1869 657 1926 713 id
1953 667 2043 713 est

374 749 596 807 vallem
642 750 1066 818 Augustanam
1111 751 1153 817 ⁸,
1186 746 1539 803 comitatum
1591 746 1959 803 Valissorum
1990 745 2038 816 ιι,

376 838 728 895 comitatum
771 836 1149 893 Waldensem
1178 845 1202 874 °
1229 851 1424 909 usque
1476 836 1556 892 ad
1586 852 1753 893 mare
1795 835 2040 892 Rhoda-

372 929 437 985 ni
461 927 487 964 ‘
517 942 588 983 ac
608 924 827 983 deinde
849 925 1203 983 orientalem
1233 929 1414 998 atque
1444 925 1853 999 aquilonalem
1883 925 2040 981 Rho-

373 1016 519 1073 dani
550 1018 787 1089 partem
838 1031 1029 1089 usque
1055 1015 1136 1072 ad
1165 1015 1521 1072 comitatum
1552 1014 2036 1085 Lugdunensem,

373 1105 727 1163 comitatum
780 1105 1174 1176 Scudingium
1204 1106 1222 1141 ¹
1259 1113 1303 1174 ο,
1335 1105 1691 1161 comitatum
1734 1105 2039 1171 Wirasco-

370 1210 507 1252 rum
537 1195 574 1267 τ,
598 1194 953 1253 comitatum
978 1194 1364 1253 Portisiorum
1391 1202 1450 1263 ες
1482 1193 1832 1250 comitatum
1858 1195 2039 1250 Sueu-

369 1282 645 1341 tisiorum
691 1283 742 1353 δ,
774 1283 1129 1340 comitatum
1152 1281 1665 1340 Calmontensium
1690 1280 1726 1354 ι,
1750 1281 2039 1337 ducatum

371 1370 812 1429 Mosellicorum
838 1373 879 1437 1,
911 1372 1265 1429 comitatum
1303 1369 1830 1427 Arduenncnsium
1859 1370 1907 1441 ι,
1940 1385 2040 1426 cc-

370 1460 650 1519 mitatum
705 1460 1081 1519 Condorusto
1134 1461 1170 1529 ι,
1204 1460 1345 1516 inde
1401 1475 1511 1533 per
1564 1476 1809 1516 cursum
1866 1461 2040 1515 Mosae

371 1565 569 1624 usque
614 1551 679 1607 in
715 1565 907 1619 mare,
958 1550 1249 1607 ducatum
1300 1549 1721 1606 Ribuariorum
1758 1557 1826 1617 ιι,
1877 1551 2039 1603 Wor-

371 1639 671 1697 mazfelda
691 1649 741 1710 ιι,
762 1639 1198 1713 Sperohgouwi
1217 1648 1259 1707 °,
1284 1638 1575 1695 ducatum
1598 1638 1910 1705 Helisatiee,
1929 1636 2041 1693 du-

373 1732 578 1785 catum
634 1727 1023 1791 Alamanniae,
1077 1728 1338 1799 Curiam,
1372 1728 1662 1784 ducatum
1710 1726 2043 1782 Austrasio-

2154 568 2429 624 Lothario
2461 569 2779 640 susceptis,
2799 585 2939 624 eum
2962 568 3021 623 in
3053 567 3281 623 Italiam
3304 566 3497 622 redire
3523 567 3809 640 permisit.

2224 661 2554 730 imperator
2583 663 2783 714 autem
2814 658 3038 714 indicto
3070 656 3329 728 generali
3354 655 3574 729 placito
3597 654 3810 713 Kalen-

2150 746 2262 802 das
2309 747 2672 820 Septembris
2718 763 2863 819 erga
2906 747 3288 803 Cavallonem
3336 747 3410 815 δι’,
3460 745 3689 815 legatos
3734 744 3813 802 ad

2152 835 2479 891 Ludoicum
2530 835 2764 905 direxit,
2808 837 3185 910 prmcipiens,
3216 840 3280 892 ut
3329 836 3481 891 ﬁnes
3526 834 3813 891 Baioariae

2150 924 2492 981 nullatenus
2538 924 2741 995 egredi
2785 926 2901 981 nisi
2949 942 3077 982 sese
3117 925 3357 981 iubente
3403 928 3810 998 praesumeret,

2149 1014 2336 1086 idque
2370 1020 2745 1070 sacramento
2770 1014 3012 1071 ﬁrmare
3039 1015 3269 1070 iuberet
3296 1032 3308 1083 ;
3339 1014 3430 1069 sin
3462 1014 3628 1085 alias,
3657 1013 3815 1070 circa

2147 1103 2313 1160 initia
2344 1104 2703 1176 septembris
2734 1104 2813 1159 ad
2844 1104 3236 1175 Augustburg
3259 1104 3546 1161 hostiliter
3571 1103 3682 1159 sibi
3710 1117 3813 1158 oc-

2150 1208 2467 1248 cursurum
2523 1192 2771 1249 minime
2802 1191 3125 1249 dubitaret.
3160 1192 3475 1266 Descriptis
3500 1192 3701 1265 itaque
3732 1197 3819 1247 at-

2149 1296 2265 1355 que
2296 1281 2635 1350 destinatis,
2661 1282 2763 1354 qui
2793 1298 2996 1337 secum
3024 1282 3379 1353 Baioariam,
3410 1282 3459 1337 si
3488 1281 3814 1338 necessitas

2150 1371 2554 1445 compelleret,
2585 1373 2811 1444 quique
2839 1388 2978 1427 cum
3003 1372 3128 1428 ﬁlio
3171 1389 3282 1428 suo
3310 1372 3520 1430 Carolo
3546 1369 3815 1429 Cavallo-

2150 1476 2289 1517 nem
2316 1466 2526 1517 contra
2554 1465 2754 1517 motus
2798 1461 3206 1533 Aquitanicos,
3239 1461 3462 1534 quibus
3510 1477 3648 1517 cum
3676 1460 3813 1532 Pip-

2149 1552 2317 1625 pino,
2347 1550 2581 1624 Pippini
2605 1551 2748 1621 tilio,
2772 1550 3023 1623 quidam
3055 1552 3495 1624 Aquitanorum
3517 1566 3711 1623 nuper
3731 1548 3815 1605 ab

2150 1640 2512 1712 imperatore
2543 1639 2904 1702 defecerant,
2933 1641 3434 1714 compescendos,
3463 1642 3643 1697 etiam
3673 1654 3814 1694 cum

2154 1728 2493 1786 Saxonibus
2523 1728 2817 1784 adversus
2850 1731 3156 1785 Danorum
3190 1728 3686 1803 Sclavorumque,
3710 1726 3816 1801 qui

371 1832 511 1876 rum
563 1833 706 1874 cum
761 1817 1120 1875 Swalafelda
1150 1831 1180 1872 ι)
1206 1822 1265 1874 et
1311 1816 1611 1888 Nortgowi
1641 1831 1669 1870 «ι
1697 1820 1753 1873 et
1803 1815 1972 1872 Hessi
1996 1817 2038 1885 ²,
2073 1838 2114 1893 η
2153 1818 2515 1888 ferebantur,
2548 1818 2824 1874 incursus
2855 1823 3252 1887 occurrerent,
3275 1819 3402 1893 ipse
3430 1819 3493 1875 in
3518 1818 3819 1875 Crucinia-

375 1906 669 1964 ducatum
709 1907 1067 1977 Toringubae
1113 1920 1256 1964 cum
1286 1905 1554 1964 marchis
1583 1907 1607 1941 ³
1636 1905 1761 1962 suis
1784 1920 2042 1975 regnum

376 1995 652 2054 Samnite
707 2010 849 2053 cum
904 1996 1170 2054 marchis
1212 1997 1235 2033 ι
1280 1996 1426 2065 suis,
1479 1995 1770 2052 ducatum
1825 1994 2043 2051 Fresiae

373 2099 568 2159 usque
600 2087 850 2155 Mosam,
877 2086 1234 2143 comitatum
1276 2084 1648 2156 Hamarlant,
1690 2084 2043 2141 comitatum

373 2176 738 2233 Batavorum
767 2185 811 2249 ι’,
842 2176 1199 2234 comitatum
1242 2174 1753 2233 Testrabenticum
1792 2182 1834 2243 ⁸,
1866 2176 2044 2231 Dore-

378 2266 576 2324 stado.
606 2266 867 2324 Alteram
897 2270 1135 2340 partem
1166 2266 1546 2341 Burgundiae,
1580 2264 1643 2322 id
1672 2267 1763 2322 est
1792 2264 2043 2322 comita-

372 2358 504 2412 tum
551 2357 964 2412 Genavensem
1003 2356 1043 2427 ³,
1077 2357 1432 2414 comitatum
1494 2354 1962 2426 Lugdunensem
1991 2365 2039 2425 υ,

371 2444 727 2501 comitatum
750 2444 1249 2502 Cavallonensem
1278 2456 1322 2509 ν,
1356 2444 1710 2501 comitatum
1737 2449 1964 2500 Amaus
1994 2457 2038 2514 ι,

374 2532 730 2590 comitatum
786 2534 1204 2590 Hatoariorum
1250 2546 1298 2602 γ,
1348 2533 1701 2591 comitatum
1758 2531 2041 2603 Lingoni-

380 2637 523 2678 cum
555 2635 598 2696 ι,
646 2622 1000 2679 comitatum
1040 2622 1409 2679 Tullensium
1452 2630 1527 2688 ⁸³,
1559 2625 1617 2679 et
1658 2622 1742 2678 sic
1789 2637 1900 2696 per
1942 2620 2043 2677 de-

377 2727 629 2770 cursum
660 2715 836 2769 Mosm
856 2726 1056 2787 usque
1082 2712 1143 2769 in
1164 2726 1352 2776 mare,
1372 2717 1429 2769 et
1447 2712 1601 2769 inter
1619 2715 1844 2768 Mosam
1872 2715 1929 2768 et
1950 2712 2045 2768 Se-

374 2816 671 2877 quanam,
702 2807 760 2860 et
783 2803 936 2861 inter
967 2805 1312 2877 Sequanam
1343 2806 1399 2859 et
1426 2800 1681 2872 Ligerim
1712 2816 1852 2858 cum
1879 2816 2043 2857 mar-

374 2892 493 2951 cha
534 2892 896 2962 Britannica,
942 2892 1325 2966 Aquitaniam
1371 2895 1429 2949 et
1472 2891 1853 2951 Wasconiam
1903 2905 2041 2947 cum

376 2979 644 3038 marchis
687 2980 766 3037 ad
814 2996 878 3037 se
931 2979 1390 3053 pertinentibus,
1418 2978 1849 3053 Septimaniam
1902 2994 2041 3036 cum

374 3070 640 3127 marchis
670 3069 815 3142 suis,
842 3072 898 3126 et
926 3069 1305 3126 Provinciam
1348 3068 1582 3126 habuit.
1618 3069 1748 3135 Quo
1774 3068 2041 3142 superio-

2153 1924 2224 1965 co
2256 1916 2306 1945 °°
2334 1912 2530 1964 caslro
2563 1923 2691 1964 sese
2716 1906 3141 1965 venationibus
3163 1907 3435 1965 alacriter
3455 1907 3816 1980 exercendo,

2151 1998 2479 2054 missorum
2519 1997 2581 2052 in
2628 1997 2969 2054 Baioariam
3011 1997 3374 2054 directorum
3402 1996 3665 2053 reditum
3692 1998 3816 2052 sta-

2151 2086 2261 2144 tuit
2290 2085 2554 2159 opperiri
2582 2087 2623 2143 εί.
2659 2085 2771 2152 Qui
2818 2085 3061 2154 reversi,
3088 2085 3285 2142 missis
3324 2084 3567 2143 Ludoici
3593 2085 3672 2142 ad
3701 2084 3815 2141 im-

2151 2176 2443 2251 peratoris
2463 2190 2656 2248 usque
2680 2175 3066 2249 praesentiam
3096 2174 3544 2247 comitantibus,
3574 2174 3815 2231 nuntia-

2151 2271 2387 2334 verunt,
2414 2265 2683 2338 paternis
2713 2282 2854 2322 eum
2898 2264 3271 2322 iussionibus
3312 2281 3436 2321 non
3478 2264 3815 2322 admodum

2151 2354 2454 2423 obviasse,
2484 2354 2590 2410 sed
2621 2371 2693 2410 ea
2724 2372 2786 2411 se
2813 2355 3151 2428 pariturum
3181 2354 3524 2412 conditione
3555 2370 3817 2429 spopon-

2152 2445 2333 2513 disse,
2368 2444 2417 2500 si
2449 2445 2807 2500 sacramenti
2835 2444 3087 2501 ﬁrmitas
3132 2461 3320 2519 quam
3373 2443 3703 2518 quaerebat,
3735 2444 3814 2501 ab

2151 2533 2532 2608 imperatoris
2556 2533 2838 2590 ﬁdelibus
2870 2534 2986 2590 sibi
3016 2534 3197 2591 etiam
3215 2534 3401 2590 ﬁeret.
3425 2536 3647 2590 Verum
3668 2533 3814 2607 quia

2152 2628 2293 2681 tunc
2316 2622 2565 2693 contigit
2589 2622 2849 2678 defuisse
2880 2623 3187 2697 primates,
3208 2638 3317 2696 per
3343 2639 3502 2696 quos
3533 2622 3814 2679 eamdem

2151 2712 2495 2769 ﬁrmitatem
2526 2711 2657 2767 ﬁeri
2699 2711 3086 2786 deposcebat,
3120 2712 3275 2768 illius
3304 2712 3442 2768 ﬁdei
3486 2713 3818 2785 imperator

2152 2805 2333 2874 atque
2364 2800 2737 2875 supplicibus
2766 2801 3272 2873 promissionibus
3297 2801 3497 2875 potius
3540 2801 3814 2858 commit-

2150 2890 2403 2948 tendum
2448 2889 2685 2960 delegit,
2718 2905 3037 2963 quousque
3066 2905 3103 2947 a
3142 2890 3415 2965 partibus
3444 2890 3814 2964 Aquitanicis

2155 2978 2374 3051 adepta
2403 2977 2689 3033 divinitus
2718 2978 2968 3035 victoria
2997 2978 3254 3043 rediens,
3284 2978 3587 3035 mandatis
3612 2994 3817 3052 perse-

2151 3071 2462 3125 verantem
2495 3066 2753 3138 benigne
2803 3067 3150 3140 susciperet,
3184 3083 3356 3124 secus
3394 3083 3536 3125 vero
3568 3068 3816 3125 molien-

373 3172 505 3252 rem
531 3157 732 3231 potius
757 3157 1031 3252 eligente,
1059 3156 1389 3252 imperator
1410 3155 2041 3252 Caroloﬁliolsuoinl-
2073 3197 2114 3252 Ο
2153 3162 2272 3215 tem
2323 3170 2433 3230 pro
2485 3157 2716 3213 viribus
2773 3157 3013 3252 insequi
3056 3172 3213 3252 _non_
3248 3157 3531 3215 tardaret.
3586 3157 3701 3215 Sed
3757 3163 3815 3216 et

375 3245 654 3304 feriorem
679 3246 948 3319 contulit,
975 3262 1049 3304 ea
1078 3245 1441 3316 conditione,
1475 3250 1541 3303 ut
1586 3244 1811 3302 viventi
1857 3244 2043 3303 ﬁdeli-

372 3336 507 3396 liter
532 3337 959 3412 obsequentes,
981 3352 1055 3395 eo
1084 3335 1413 3394 decedente
1443 3336 1793 3394 memoratis
1822 3336 2043 3411 portio-

2152 3247 2285 3320 ipso
2305 3249 2547 3320 patente
2573 3246 2873 3303 concessit
2898 3245 2921 3282 ⁸
2949 3245 3321 3319 quibusdam
3346 3250 3592 3320 propter
3608 3250 3813 3305 motus

2151 3336 2310 3393 illius
2337 3351 2533 3409 nuper
2558 3350 2595 3392 a
2626 3351 2688 3393 se
2736 3336 3028 3410 separatis
3076 3339 3134 3394 et
3160 3352 3363 3393 rerum
3402 3337 3424 3371 ⁷
3450 3335 3815 3411 proprietate

1671 3442 2063 3501 VARIANTES
2106 3442 2511 3501 LECTIONES.

450 3552 467 3586 ί
503 3546 895 3622 Suedingium
921 3547 1137 3622 Chesn.
1161 3553 1217 3605 et
1242 3549 1463 3622 Bouq.,
1495 3548 1763 3622 Valesius
1784 3554 1943 3606 recte
1972 3549 2228 3622 coniecit
2247 3548 2652 3618 scudingium.
2716 3550 2752 3622 ’_
2767 3549 2855 3605 ita
2884 3547 3279 3622 depravatum
3306 3550 3554 3609 Chesm'z'
3574 3557 3628 3609 et
3648 3553 3811 3609 Bou-

378 3619 545 3728 gueti
577 3618 883 3703 lectionem
913 3618 1203 3676 ducatum
1234 3618 1686 3677 Austrasiorum
1709 3635 1858 3701 cum
1889 3619 2274 3677 Sunalafelda
2299 3624 2365 3702 et.
2388 3622 2646 3702 Norogo,
2670 3618 3007 3689 Wiechessi,
3036 3621 3353 3678 emendare
3381 3629 3629 3679 conatus
3657 3641 3810 3680 sum.

434 3692 580 3728 (inm
617 3690 812 3728 ιινιινιια
843 3691 929 3728 nl:
983 3695 1042 3728 of
1080 3691 1242 3728 Dnun
1331 3692 1352 3726 δ
1385 3706 1522 3728 [ηπ-η
1559 3691 1753 3728 ςιιιηιῃα
1783 3690 1869 3728 IV]:
1927 3697 1979 3728 nl
2020 3691 2063 3728 Π
2152 3694 2172 3727 5
2199 3704 2413 3728 annuum
2468 3691 2659 3728 Phaen
2755 3693 2777 3728 σ
2829 3695 2914 3728 Mn
2945 3693 3253 3728 monrlnan'
3283 3705 3297 3719 ο
3333 3694 3484 3728 ﬁlum
3538 3701 3590 3728 nl
3630 3696 3794 3728 Βιηιη

434 3692 585 3748 Cum
614 3690 813 3747 archis
834 3691 1261 3768 _Ch.let_Bouq.
1331 3692 1352 3726 ⁸
1384 3706 1529 3768 cum
1557 3691 1768 3768 archis
1783 3690 1892 3768 01p.
1926 3697 1979 3749 et
2008 3691 2079 3749 Β.
2152 3694 2172 3727 ⁵
2193 3691 2417 3768 operiri
2468 3691 2683 3768 Chesn‘.
2755 3693 2777 3728 ⁵
2820 3695 2915 3748 Ita
2944 3693 3253 3768 emendari
3273 3705 3297 3763 ,°
3333 3694 3502 3768 σὰρξ.
3537 3701 3590 3751 et
3617 3696 3808 3768 Bouq.

383 3764 593 3836 legunt
615 3761 895 3832 necessit,
925 3766 983 3820 et
1007 3761 1299 3834 Bouqiin
1328 3763 1605 3835 margine
1631 3763 1883 3820 coniecit
1910 3778 2155 3820 necesse
2184 3761 2315 3820 fuit.
2386 3764 2405 3798 τ
2435 3778 2631 3836 nuper
2660 3764 2721 3819 in
2751 3779 2815 3821 se
2845 3764 3137 3836 separatis
3163 3761 3374 3821 verum
3403 3766 3619 3824 Chesn.

1985 3878 2209 3938 ΝΟΤιΕ.

447 3976 477 4015 ⁸
522 3974 636 4036 Val
664 3976 930 4035 d‘Aosta.
2228 3987 2251 4014 ι’
2282 3979 2484 4034 Batua.

449 4050 481 4091 δ
505 4048 723 4106 Wallis.
2221 4057 2244 4088 ⁸
2271 4048 2636 4107 Testerbant.

449 4130 477 4159 ο
512 4120 891 4190 Waadtland,
910 4134 1068 4192 pays
1090 4119 1164 4178 de
1207 4120 1398 4179 Vaud.
2222 4123 2241 4159 ί
2272 4120 2437 4178 Geni.

453 4195 480 4231 ά
511 4195 702 4251 Lacus
724 4195 1042 4253 Lemanus.

451 4272 474 4300 °
517 4264 683 4322 Circa
709 4264 938 4323 Salius.

378 4405 423 4462 ﬁ
452 4332 474 4370 ί
510 4333 605 4390 Ad
627 4339 942 4407 utramque
971 4333 1154 4391 Dubis
1187 4331 1385 4390 amnis
1413 4333 1608 4409 ripam
1634 4332 1792 4391 circa
1821 4335 2041 4391 Veson-

424 4421 552 4461 um.

2222 4206 2252 4235 ιι
2277 4206 2325 4248 1.
2374 4209 2471 4249 on.

2409 4263 2915 4346 ιοῃε-ειιν-ξᾳόηκε.

2222 4342 2273 4390 1!
2299 4333 2563 4411 valesius
2615 4334 3009 4411 notit.AGall.,
3064 4351 3124 4411 p.
3182 4337 3309 4411 481,
3385 4337 3812 4411 corrigendum

2150 4409 2353 4463 censet
2378 4406 2650 4478 Amans;
2680 4406 2823 4478 pagi
2853 4406 3245 4465 Amansensis
3276 4406 3812 4468 meminit'Erricus

449 4484 480 4523 κ
505 4479 591 4535 Le
613 4478 849 4550 Rertois
888 4476 965 4534 ad
992 4476 1198 4550 fontes,
1231 4478 1433 4535 Araris
1472 4478 1739 4535 ﬂuminis
1757 4477 1821 4534 in
1848 4493 2038 4550 regno
2076 4524 2097 4550 Α
2149 4479 2488 4536 monachus
2531 4480 2595 4537 in
2628 4476 2794 4536 libro
2836 4480 2915 4536 de
2961 4480 3254 4538 Miraculis
3295 4484 3351 4538 S.
3409 4484 3706 4550 Germani,
3736 4499 3811 4539 ex

379 4548 957 4623 Burgundiaadnon,
986 4553 1074 4623 ut_
1100 4549 1370 4606 Valesius
1411 4553 1469 4607 et
1512 4551 1859 4623 Bouquetus
1905 4548 2037 4623 opi-

374 4623 617 4692 nantur,
656 4620 712 4692 te
736 4619 969 4677 Pertois
1001 4619 1080 4677 ad
1111 4623 1485 4692 Matronam).

448 4691 477 4727 δ
506 4693 589 4767 Le
632 4690 996 4767 Sa_z'n_t_oz's,e_
1027 4690 1451 4767 septentrione
1478 4690 1883 4767 Portisiquum,
1903 4694 1972 4767 Aet
2000 4708 2036 4750 a

374 4762 626 4838 meridie
675 4763 864 4832 Tulli;
897 4762 1187 4838 Valesius,
1223 4767 1564 4838 Bouquetus
1611 4769 1672 4838 et
1699 4765 2036 4838 Qhronicon

376 4835 767 4909 Gottwicense
814 4841 1024 4892 contra
1064 4837 1339 4909 Miraaum
1365 4835 1431 4893 ct
1476 4835 1906 4909 sccehpﬂinum
1955 4837 2037 4909 (in

373 4905 831 4982 Alsat._lllustr.,
855 4911 1000 4965 tom.
1032 4911 1078 4980 Ι,
1104 4924 1167 4982 p.
1200 4908 1352 4981 671.)
1385 4905 1800 4980 Sundgaviam
1827 4908 1892 4965 in
1934 4905 2035 4964 A1-

376 4975 530 5050 satia
559 4976 1045 5050 interpretantur.

445 5047 766 5135 ‘OMagnus‘
795 5049 1190 5135 Lotharingiee
1243 5066 1461 5126 pagus,
1508 5050 1572 5109 in
1620 5065 1742 5125 quo
1790 5050 2032 5123 Nancy,

371 5119 607 5190 Epinat
635 5122 690 5176 et
716 5119 1137 5179 Remiremonl.
1244 5119 1267 5126 ’
1334 5119 1360 5125 ⁷
1447 5119 1457 5125 ⁷
1637 5119 1661 5125 “

441 5192 461 5265 ξ
499 5191 686 5265 ςιιῂιιε
714 5194 1065 5265 metropolis
1094 5198 1363 5265 Augusta
1392 5195 1791 5253 Trevirorum.

443 5263 471 5337 ξι
499 5262 564 5318 In
594 5279 718 5335 quo
748 5262 979 5335 Stablo,
1010 5262 1340 5337 Malmedy.

442 5334 660 5411 [intra
699 5337 928 5392 Mosam
973 5340 1031 5393 et
1060 5339 1263 5397 Urtam
1283 5334 1470 5397 'circa
1496 5339 1684 5411 Huy,‘
1712 5335 1852 5396 vide
1876 5335 2033 5395 infra

369 5406 687 5562 θ’ξὲἰῇυε
716 5478 1067 5562 metropolis
1096 5479 1343 5562 Qolonia
1371 5480 1722 5555 Agrippina.

441 5557 469 5583 η
497 5551 693 5619 Pagus
724 5551 1193 5608 Wormatiensis.

439 5628 462 5654 ο
492 5622 687 5694 Pagus
717 5621 1035 5694 Spirensis.

435 5702 466 5743 r
495 5690 585 5745 Ad
610 5690 804 5749 fon‘és
834 5692 1158 5751 Alcmonae.

436 5771 465 5839 (ξ
491 5760 559 5839 In
579 5837 586 5839 ξ
606 5776 699 5839 eo,
728 5778 881 5839 e._g.
910 5766 1264 5839 _Eichs_tadt,
1309 5765 1657 5838 Nurnberg,
1709 5767 1889 5839 Eger,
1923 5767 2027 5823 In-

367 5831 608 5893 gotstat,
640 5831 960 5904 Sulzbach,
991 5841 1050 5893 et
1073 5836 1151 5893 al.

2063 4524 2112 4578 A

2148 4550 2324 4624 cujus
2352 4551 2548 4608 verbis
2570 4555 2926 4624 patet,geu‘m
2953 4568 3077 4624 non
3101 4552 3282 4624 longe
3312 4553 3392 4610 ab
3422 4554 3612 4613 Arari.
3635 4557 3811 4612 Osca-

2146 4620 2237 4691 ra,
2263 4620 2593 4680 Vincenna‘
2609 4627 2666 4679 et
2694 4620 2814 4680 Tila
2838 4620 3037 4680 ﬂuviis
3063 4620 3294 4681 abesse.
3326 4625 3585 4683 Hatoarii
3605 4625 3700 4682 isti
3726 4626 3811 4683 ad

2145 4692 2376 4780 {lumen
2399 4694 2647 4780 ‘Ararim
2692 4692 2999 4766 jacebant.
3034 4694 3097 4750 In
3135 4695 3439 4780 Chronicq
3472 4697 3811 4780 Sanenigni

2146 4766 2320 4835 Hugo
2347 4766 2746 4821 Attoariorum
2775 4780 2978 4820 comes
2998 4771 3387 4823 memoratur.
3417 4768 3483 4823 In
3515 4766 3808 4826 Chronico

2147 4837 2443 4912 Besuensi‘
2474 4836 2639 4912 pagi
2663 4840 2720 4912 et
2767 4836 3088 4912 comitatus
3135 4838 3499 4912 Atoariensis
3525 4840 3809 4912 frequens

2146 4907 2211 4964 ﬁt
2261 4906 2504 4964 mentio.
2540 4907 2853 4962 Existimat
2893 4906 3166 4964 Valesius
3213 4910 3513 4966 Attuarios
3569 4906 3813 4969 Franci-

2146 4995 2281 5050 cam
2326 4982 2587 5050 gentem,
2636 4982 2845 5050 captos
2888 4982 2946 5050 et
3002 4978 3323 5036 translatos
3374 4997 3411 5037 a
3460 4981 3808 5041 Constantio

2146 5048 2360 5121 Chloro
2388 5049 2618 5121 Casare
2638 5048 2941 5121 nomenei
2970 5063 3134 5121 pago
3160 5049 3420 5107 dedisse.
3451 5052 3809 5116 BOL’QUET.—

2142 5124 2224 5177 Ex
2274 5120 2406 5193 ipsa
2453 5120 2764 5202 divisionis
2811 5120 3018 5204 tabula
3041 5127 3313 5248 apparet,
3343 5139 3537 5205 pagos
3580 5129 3806 5182 Amans

2142 5198 2201 5248 et
2229 5193 2652 5248 Hatoariorum
2682 5208 2718 5248 a
2744 5193 2991 5248 meridie
3022 5209 3057 5248 a
3148 5200 3617 5248 septentrionem
3655 5198 3806 5248 inter

2142 5198 2201 5249 et
2229 5193 2652 5267 Hatoariorum
2682 5208 2718 5248 a
2744 5193 2991 5249 meridie
3022 5193 3100 5267 ad
3125 5193 3617 5267 septentrionem
3655 5198 3808 5254 inter

2184 5280 2333 5333 agos
2365 5263 2859 5321 Cavallonensem
2900 5269 2956 5320 ct
3003 5263 3416 5335 Lingon'icum,
3445 5272 3501 5323 et
3547 5268 3626 5323 ab
3657 5270 3807 5325 occi-

2184 5280 2333 5333 agos
2365 5280 2859 5321 uavauonensem
2900 5280 2956 5320 et
3003 5280 3416 5335 Lingonicum,
3445 5280 3501 5323 et
3547 5280 3626 5323 ab
3657 5285 3807 5325 occi-

2141 5280 2318 5418 gente
2342 5352 2643 5418 pagorum
2668 5336 3007 5418 Scudingii,‘
3024 5337 3516 5418 Wi.ras_cor11m__6t
3554 5341 3807 5397 Portiso-

2138 5422 2278 5483 rum
2305 5406 2453 5464 sitos
2479 5406 2664 5483 fuisse
2690 5425 2702 5476 ;
2727 5407 2851 5483 imo
2881 5406 3168 5483 Hattuarii
3200 5410 3567 5483 Lingonibus
3595 5426 3803 5470 accen-

2141 5479 2447 5554 sebaptur.
2481 5478 2670 5537 Vales.
2705 5479 2903 5551 Notit.,
2936 5482 3145 5554 p.281.

2214 5563 2237 5593 ²
2263 5552 2559 5623 Langres.

2209 5631 2261 5660 ⁸³
2290 5624 2461 5680 Τοαι.

2208 5694 2267 5735 δι)
2295 5691 2937 5763 Chdlons—sur—Sadne,

2209 5775 2257 5803 °°
2295 5767 2652 5825 Kreuzuach
2678 5782 2868 5841 prope
2890 5768 3138 5840 Ringen.
