3950 6386
192 267 330 324 1389

1741 269 2078 326 ANNALES.

3485 297 3621 356 1390

184 392 477 463 multatis,
510 394 573 449 ut
605 405 718 448 sua
755 393 972 466 cuique
1017 395 1482 462 restituerentur,
1513 410 1586 451 eo
1613 395 1847 449 dumta-
1874 394 1924 450 Α
1963 397 2273 465 gressione
2302 415 2574 458 reversus
2604 408 2708 462 est.
2743 409 2873 473 Qua
2917 410 3244 484 imperator
3269 420 3621 480 necessitate

185 486 289 536 xat
307 488 506 555 pacto,
529 482 576 538 si
595 483 775 538 iidem
806 483 1224 540 inviolabiliter
1248 485 1590 556 imperatori
1610 501 1848 541 servare

185 571 511 641 studerent,
536 575 592 628 et
613 571 842 628 nullam
865 574 1102 644 penitus
1119 574 1284 643 regni
1317 575 1706 647 fideliumque
1730 575 1846 630 sol-

181 658 568 717 licitationem
628 676 876 734 quoquo
919 661 1103 718 modo
1157 667 1260 720 aut
1298 664 1847 733 tergiversationem

183 751 692 808 machinarentur.
721 752 964 808 Directis
993 751 1227 808 interim
1267 753 1344 809 ad
1375 754 1487 810 hoc
1511 754 1849 826 specialiter

183 838 403 909 missis,
423 841 526 913 qui
551 842 628 898 ab
657 841 749 897 his
771 842 1118 913 hujusmodi
1142 842 1485 900 ﬁrmitatem
1509 859 1848 901 sacramen-

185 932 247 986 to
278 931 669 1004 susciperent,
693 931 995 1006 dispositis
1024 948 1268 1008 quoque
1299 937 1603 990 Saxonum
1637 935 1848 991 adver-

186 1031 292 1074 sus
341 1021 710 1078 Soraborum
755 1024 810 1077 et
837 1021 1186 1080 Wiltzorum
1240 1027 1254 1059 ¹
1300 1023 1691 1092 incursiones,
1742 1024 1845 1097 qui

179 1121 380 1180 nuper
398 1110 698 1182 quasdam
725 1111 914 1183 ipsius
937 1113 1195 1168 marcius
1232 1113 1504 1170 Saxoniaa
1524 1117 1544 1150 ³
1567 1114 1740 1170 villas
1761 1115 1848 1170 in-

182 1195 399 1254 cendio
429 1204 864 1270 cremaverant,
881 1205 936 1257 et
963 1205 1405 1259 Austrasiorum
1421 1203 1848 1275 Toringorum-

179 1298 302 1358 que
331 1293 539 1344 contra
567 1289 990 1365 Abodritorum
1021 1293 1076 1347 et
1105 1292 1208 1365 qui
1239 1293 1519 1349 dicuntur
1545 1295 1798 1350 Linones
1822 1296 1845 1330 ³

179 1357 546 1434 defectiones
588 1357 1088 1452 expeditionibus,
1125 1357 1262 1455 ipse
1301 1397 1409 1456 per
1455 1383 1843 1440 Arduennam

177 1468 402 1521 venatu
430 1481 558 1523 sese
601 1467 1032 1525 delectabiliter
1070 1485 1373 1543 exercens,
1407 1475 1633 1529 ceteros
1663 1473 1843 1530 totius

178 1555 346 1626 regni
370 1556 460 1611 sui
490 1556 698 1613 fideles
741 1559 897 1614 circa
923 1559 1214 1617 Calendas
1245 1562 1608 1634 Septembris
1638 1563 1844 1620 Caval-

177 1644 402 1716 lonem,
427 1647 490 1703 ut
510 1647 880 1719 condixerat,
909 1649 1020 1705 sibi
1053 1649 1263 1707 obvios
1295 1652 1505 1708 adesse
1535 1655 1836 1728 praecepit.

179 1735 439 1800 Quidam
473 1743 499 1772 ι
527 1737 704 1793 etiam
736 1737 945 1811 piratae
991 1738 1052 1795 in
1083 1741 1418 1812 quamdam
1465 1742 1668 1798 Frisiis
1697 1759 1836 1818 par-
1871 1752 1911 1807 Β

175 1827 297 1881 tem
329 1825 644 1898 irruentes,
666 1841 788 1884 non
818 1841 1037 1902 parum
1065 1831 1434 1888 incommodi
1455 1834 1673 1890 nostris
1702 1833 1836 1890 ﬁni-

175 1913 292 1970 bus
320 1913 665 1974 intulerunt.
703 1915 920 1975 Direxit
959 1923 1013 1976 et
1045 1919 1251 1976 Oricus
1297 1920 1514 1976 missos
1547 1920 1622 1978 ad
1655 1920 1842 1997 impe-

174 2006 456 2077 ratorem,
491 2005 824 2079 quemdam
867 2007 1161 2072 videlicet,
1197 2009 1368 2082 cujus
1417 2010 1683 2067 consiliis
1715 2027 1838 2085 prae

174 2093 407 2151 cunctis
435 2093 620 2152 fidere
651 2098 705 2153 et
736 2099 942 2153 omnia
963 2112 1139 2168 agere
1159 2096 1494 2167 videbatur,
1525 2105 1744 2157 etcum
1767 2116 1838 2159 eo

172 2189 456 2257 nepotem
488 2199 666 2242 suum
695 2201 948 2244 munera
979 2187 1264 2258 gentilitia
1286 2186 1637 2256 deterentes,
1670 2191 1838 2264 pacis

173 2271 570 2349 amicitiaeque
631 2275 851 2333 arctius
917 2278 1312 2352 stabiliusque
1379 2279 1568 2350 gratia
1627 2283 1838 2338 conﬁr-

169 2365 415 2422 mandae
445 2384 457 2421 :
483 2365 704 2439 quibus
734 2367 1000 2424 hilariter
1025 2369 1315 2442 susceptis
1347 2373 1527 2443 atque
1559 2385 1838 2429 munera-

170 2453 266 2526 tis,
333 2456 478 2528 quia
542 2460 787 2531 propter
845 2459 1130 2532 quaedam
1197 2458 1589 2518 incommoda
1654 2477 1837 2536 super

169 2543 539 2602 Frisionibus
591 2545 1017 2620 querebantur,
1079 2549 1262 2606 duces
1308 2551 1531 2607 strenui
1577 2549 1838 2611 destina-

165 2634 210 2689 ti
241 2638 402 2705 sunt,
435 2632 539 2708 qui
572 2637 842 2710 tempore
901 2637 1220 2695 constituto
1270 2639 1383 2696 illis
1427 2639 1501 2696 de
1549 2640 1834 2699 omnibus

159 2724 458 2796 justitiam
490 2725 906 2800 adimplerent.
929 2729 1256 2801 Imperator
1283 2735 1484 2786 autem
1517 2732 1832 2788 Cax'aiione

161 2815 422 2887 receptis
439 2816 736 2884 fidelibus,
758 2818 817 2872 in
837 2819 1218 2891 Aquitaniam
1240 2821 1566 2876 exercitum
1587 2835 1832 2878 omnem

163 2906 478 2968 convertit,
508 2904 845 2980 pariterque
877 2908 1045 2964 tertio
1076 2909 1260 2966 ferme
1307 2911 1389 2966 ab
1433 2909 1581 2966 urbe
1620 2915 1830 2968 Arver-

162 3007 388 3050 norum
428 2992 685 3051 miliario
722 3001 916 3052 castra
957 3012 1211 3069 ponens,
1245 2998 1579 3071 Aquitanos
1619 2999 1831 3056 obvios

163 3083 399 3152 habuit,
442 3099 596 3156 quos
646 3083 769 3140 ﬁlio
815 3097 925 3140 suo
978 3089 1336 3144 sacramenti
1383 3088 1830 3161 interpositione
1863 3111 1903 3168 ο

161 3171 444 3231 ﬁrmavit.
481 3175 547 3230 Et
574 3179 906 3245 Augustam
936 3175 1184 3248 quidem
1216 3192 1352 3233 cum
1384 3175 1506 3234 filio
1538 3179 1613 3235 ad
1647 3178 1833 3237 Picta-

161 3277 276 3320 vos
307 3276 438 3320 sese
465 3266 805 3338 praecedere
831 3265 1110 3333 decrevit,
1128 3267 1254 3339 ipse
1283 3283 1424 3324 vero
1456 3265 1533 3324 ad
1564 3274 1832 3326 castrum

160 3353 334 3428 quod
379 3353 564 3426 vulgo
609 3352 960 3412 Cartilatum
999 3357 1028 3398 δ
1054 3355 1272 3413 dicitur
1313 3357 1640 3428 contendit,
1677 3373 1830 3433 quo-

159 3445 331 3501 niam
358 3457 429 3501 eo
481 3445 734 3518 quidam
778 3443 1144 3519 complicum
1194 3445 1427 3520 Pippini
1456 3448 1476 3484 ι
1508 3447 1830 3506 consistere

157 3533 542 3604 ferebantur;
574 3536 743 3609 quod
772 3541 1036 3593 castrum
1075 3535 1223 3594 nihil
1252 3537 1499 3612 quidem
1528 3553 1712 3596 manu
1741 3555 1830 3598 ar-

159 3619 305 3679 tiﬁci
336 3623 631 3689 additum,
662 3622 924 3682 naturali
954 3631 1188 3683 tantum
1219 3641 1368 3701 rupe
1406 3629 1654 3697 editum,
1688 3626 1827 3686 hinc

156 3711 302 3770 inde
329 3712 656 3788 praecipitio
678 3714 928 3772 vallium
954 3715 1362 3789 muniebatur,
1394 3722 1610 3792 praeter
1639 3719 1828 3776 orien-

159 3801 343 3862 talem
373 3803 691 3862 dumtaxat
717 3809 972 3878 partem,
1001 3822 1125 3880 qua
1152 3821 1344 3882 parvo
1377 3808 1711 3866 admodum
1742 3807 1828 3866 in-

157 3891 410 3952 tervallo
439 3893 764 3952 continenti
793 3894 1110 3953 dirimitur.
1139 3897 1204 3953 In
1251 3911 1375 3972 quo
1404 3902 1606 3956 tamen
1637 3899 1827 3956 consi-

161 3986 384 4042 stentes
429 3983 747 4042 obsidione
805 3984 883 4042 ad
941 3983 1309 4042 deditionem
1360 3986 1572 4058 coegit,
1615 3986 1824 4060 eisque

159 4071 624 4132 consuetissima
653 4075 874 4148 pietate
900 4074 1104 4144 vitam,
1134 4075 1409 4132 membra
1441 4079 1497 4132 et
1534 4076 1826 4134 heredita-

160 4171 282 4223 tem
305 4163 621 4222 concessit.
656 4164 796 4221 lnde
826 4164 885 4221 in
915 4171 1116 4238 partes
1147 4165 1432 4222 Torennaa
1464 4171 1508 4236 °,
1542 4181 1664 4238 quo
1693 4163 1824 4221 inﬂ-

158 4254 324 4315 deles
365 4257 492 4312 eius
545 4252 892 4313 delitescere
931 4255 1271 4328 frustraque
1320 4254 1594 4312 resistere
1623 4253 1825 4312 molie-

156 4349 404 4418 bantur,
455 4343 686 4403 abitum
730 4344 1001 4415 divertit;
1058 4359 1271 4400 verum
1320 4341 1413 4400 his
1471 4344 1532 4400 in
1585 4345 1823 4402 diversa

156 4437 523 4510 vagantibus
568 4435 946 4510 sparsimque
991 4448 1239 4508 quaqua
1285 4448 1528 4491 versum
1567 4433 1822 4505 fugitan-
1849 4469 1896 4524 υ

156 4527 340 4595 tibus,
400 4523 774 4600 imperatoris
830 4525 1121 4581 exercitus
1198 4524 1482 4581 continua
1546 4524 1822 4581 autumni

158 4617 473 4674 serenitate
499 4616 762 4688 solisque
793 4613 1174 4671 inclementia
1191 4629 1315 4670 non
1346 4627 1567 4687 parum
1598 4613 1824 4671 incom-

155 4706 468 4765 moditatis
500 4710 778 4778 expertus
800 4709 906 4760 est.
923 4708 1071 4761 Nam
1090 4704 1250 4761 febre
1274 4704 1541 4762 maxima
1560 4721 1634 4762 ex
1652 4709 1823 4779 parte

155 4801 490 4872 correptus,
520 4797 738 4870 partim
770 4795 1070 4861 occubuit,
1102 4796 1320 4868 partim
1351 4795 1704 4853 difﬁcillima
1734 4812 1822 4852 re-

1960 489 2330 560 compulsus,
2378 499 2434 548 et
2477 497 2799 568 asperitate
2841 500 3056 558 hiemis
3103 505 3473 566 imminentis
3520 512 3618 569 de-

1957 580 2172 648 tentus,
2207 579 2488 639 absoluto
2527 585 2756 660 reliquo
2800 592 3082 659 exercitu,
3115 595 3192 650 ad
3238 597 3509 657 Pictavos
3558 601 3620 660 in

1954 664 2211 724 hiberna
2239 673 2550 730 concessit.
2585 677 2849 734 Saxones
2883 681 3107 740 interea
3130 689 3338 744 contra
3357 690 3618 748 Sorabos

1955 755 2058 827 qui
2090 758 2332 815 Colidici
2365 761 2390 798 ἀ
2415 769 2726 838 vocantur,
2760 770 2925 841 apud
2973 771 3415 844 Kesigesburch
3446 777 3618 837 dimi-

1956 850 2180 915 cantes,
2215 850 2553 908 cwlestibus
2596 856 2830 912 auxiliis
2885 859 3034 928 fulti,
3065 863 3373 923 victoriam
3416 867 3618 943 adepti

1956 940 2114 1028 sunt,
2145 952 2406 1012 regeque
2449 942 2719 1016 ipsorum
2767 947 3067 1008 Cimusclo
3096 953 3424 1028 interfecto,
3457 940 3620 1016 eam-

1955 1023 2094 1122 dem
2121 1027 2336 1123 urbem
2368 1035 2422 1086 et
2459 1033 2737 1092 undecim
2769 1037 3014 1096 castella
3053 1049 3376 1116 ceperunt;
3411 1023 3623 1123 recep-

1955 1112 2029 1168 tis
2057 1116 2236 1172 etiam
2266 1123 2655 1179 sacramentis
2689 1139 2724 1180 a
2754 1140 2893 1196 rege
2936 1129 3091 1186 inter
3118 1112 3370 1192 eosdem
3401 1112 3620 1195 tumul-

1954 1206 2320 1293 tusrepente
2351 1215 2568 1277 creato,
2601 1212 2848 1287 insuper
2867 1218 3202 1293 obsidibus,
3226 1223 3480 1282 multam
3507 1224 3618 1283 ter-

1953 1292 2434 1382 raeindixerunt;
2477 1301 2582 1356 sed
2635 1306 2692 1358 et
2737 1304 2916 1374 legati
2963 1292 3340 1382 imperatoris
3387 1313 3467 1372 ad
3509 1317 3620 1372 Ηοδ

1952 1381 2080 1476 rich
2110 1385 2132 1418 ⁸
2171 1386 2338 1456 pacis
2388 1391 2579 1458 gratia
2623 1392 2850 1464 directi,
2896 1381 3147 1472 receptis
3198 1403 3615 1476 sacramentis,

1955 1471 2431 1535 indissolubilem
2463 1483 2838 1554 pepigerunt.

2651 1609 2934 1669 DCCCXL.

2028 1710 2356 1799 imperator
2384 1717 2608 1783 autem,
2639 1718 2966 1776 nativitatis
3003 1727 3183 1795 atque
3221 1727 3616 1799 apparitionis

1951 1795 2270 1854 dominicae
2300 1799 2539 1872 festum,
2568 1805 2677 1861 sed
2707 1811 2764 1864 et
2789 1807 2980 1867 beatae
3011 1812 3202 1869 Mariae
3233 1795 3472 1890 semper
3501 1819 3621 1876 vir-

1951 1886 2104 1956 ginis
2161 1889 2644 1960 puriﬁcationem
2703 1897 2765 1952 in
2819 1899 2965 1957 urbe
3022 1886 3398 1962 Pictavorum
3461 1908 3617 1966 celo-

1951 1975 2157 2070 brans,
2188 1985 2390 2036 motus
2436 1983 2825 2056 Aquitanicos
2868 2005 3232 2064 componere
3276 1997 3614 2070 satagebat,

1950 2081 2088 2122 cum
2115 2067 2350 2126 interim
2382 2073 2826 2148 propinquante
2857 2080 3374 2151 quadragesimali
3412 2067 3616 2146 obser-

1948 2156 2209 2228 vatione,
2243 2160 2552 2218 sinistrum
2600 2165 2915 2239 quippiam
2964 2169 3046 2226 illi
3084 2173 3442 2232 nunciatum
3500 2181 3614 2246 est,

1950 2246 2279 2304 Ludoicum
2319 2249 2612 2321 videlicet,
2656 2254 2850 2311 tilium
2899 2275 3100 2331 suum,
3144 2269 3435 2320 consueta
3467 2265 3616 2322 iam-

1947 2333 2181 2392 dudum
2209 2337 2527 2397 insolentia
2559 2359 2749 2415 usque
2775 2345 2855 2401 ad
2886 2347 3160 2404 Rhenum
3188 2351 3356 2420 regni
3399 2354 3616 2423 guber-

1946 2424 2231 2482 naculum
2261 2443 2574 2501 usurpare.
2611 2432 2739 2497 Quo
2769 2434 3105 2492 admodum
3132 2441 3356 2496 nuncio
3389 2447 3610 2507 motus,

1943 2512 2160 2570 relictis
2201 2517 2477 2587 Augusta
2527 2524 2584 2576 et
2630 2521 2754 2578 tilio
2801 2525 3014 2582 Carolo
3055 2544 3197 2584 cum
3240 2545 3364 2586 non
3411 2548 3614 2605 pauca

1943 2606 2114 2674 parte
2146 2606 2438 2662 exercitus
2468 2608 2530 2664 in
2564 2609 2710 2666 urbe
2751 2621 3110 2687 memorata,
3137 2617 3270 2690 ipse
3316 2620 3396 2676 ad
3424 2622 3611 2694 Aquis

1943 2692 2231 2764 palatium
2291 2697 2558 2767 veniens,
2615 2705 3050 2762 resurrectione
3099 2705 3406 2766 dominica
3460 2692 3609 2769 inibi

1943 2781 2261 2852 celebrata,
2293 2785 2675 2850 Germaniam
2702 2795 3064 2866 transposito
3111 2797 3318 2855 Rheno
3349 2799 3610 2870 ingredi-

1943 2873 2056 2942 tur,
2086 2871 2415 2964 tugatoque
2445 2877 2567 2934 tilio
2617 2884 2675 2936 et
2721 2895 3106 2954 paganorum
3145 2892 3610 2964 exterarumque

1942 2961 2210 3029 gentium
2236 2964 2605 3024 adminicula
2633 2969 2813 3026 etiam
2853 2973 2946 3028 sui
2972 2977 3310 3046 praesentia,
3337 2961 3609 3052 complu-

1941 3048 2108 3104 ribus
2147 3050 2303 3107 datis
2349 3055 2725 3125 muneribus,
2781 3065 3113 3132 expetente,
3162 3080 3303 3122 eum
3355 3048 3607 3124 ulterius

1940 3140 2223 3211 persequi
2252 3141 2491 3200 destitit.
2522 3144 2788 3218 liclypsis
2826 3147 2969 3205 solis
3003 3167 3066 3206 lli
3099 3154 3300 3210 Nonas
3330 3154 3471 3211 Mali
3500 3171 3607 3214 an-

1941 3230 1996 3283 te
2020 3242 2248 3285 nonam
2270 3239 2290 3266 °
2317 3230 2434 3287 diei
2460 3232 2676 3290 horam
2717 3236 2923 3294 multis
2970 3239 3032 3295 in
3073 3239 3222 3298 locis
3265 3259 3305 3300 a
3328 3243 3605 3316 plurimis

1941 3315 2068 3372 visa
2097 3321 2204 3374 est.
2239 3319 2571 3392 Imperator
2611 3338 2752 3381 vero
2802 3343 2840 3382 a
2879 3330 3301 3402 persequendo
3330 3315 3472 3390 “ﬁlio
3513 3349 3602 3392 re-

1940 3404 2135 3478 diens,
2163 3413 2472 3482 correptus
2496 3412 2712 3469 morbo
2757 3414 2819 3470 in
2857 3415 3058 3474 insula
3087 3419 3274 3476 Rheni
3306 3420 3463 3480 infra
3487 3426 3604 3481 Ma-

1939 3495 2212 3564 guntiam
2254 3499 2334 3554 ad
2380 3506 2770 3574 prospectum
2802 3505 3218 3576 lngulenheim
3246 3510 3453 3583 palatii
3487 3512 3602 3570 site.

1935 3602 2022 3642 xu
2051 3587 2358 3646 Kalendas
2385 3590 2513 3647 Iulii
2539 3591 2856 3652 defunctus
2886 3601 2994 3654 est.

2008 3677 2342 3746 Lotharius,
2387 3687 2695 3754 comperto
2741 3685 3024 3755 genitoris
3065 3686 3255 3757 obitu,
3309 3689 3392 3747 ab
3431 3691 3602 3750 Italia.

1937 3763 2151 3822 Gallias
2198 3767 2524 3840 ingressus,
2555 3771 2690 3829 iura
2740 3778 2972 3831 naturae
3019 3779 3446 3847 transgressus,
3486 3779 3593 3836 im-

1933 3856 2233 3927 peratorio
2284 3857 2474 3915 elatus
2532 3861 2798 3932 nomine,
2845 3863 2909 3920 in
2965 3869 3288 3938 utrumque
3325 3866 3591 3926 fratrem.

1934 3943 2351 4002 Hludowicum
2381 3948 2658 4006 videlicet
2685 3955 2741 4006 et
2767 3951 3071 4024 Carolum,
3093 3953 3382 4012 hostiliter
3395 3972 3596 4017 arma-

1933 4036 2047 4098 tur,
2078 4038 2138 4091 et
2165 4050 2330 4092 nunc
2353 4037 2534 4106 hunc,
2564 4054 2727 4096 nunc
2773 4039 2945 4098 illum
2971 4042 3178 4116 praelio
3206 4043 3456 4118 impetit,
3489 4046 3598 4105 sed

1932 4127 2258 4197 utrumque
2286 4127 2488 4184 minus
2519 4145 2825 4203 prospere.
2849 4132 3194 4190 Secundum
3227 4151 3405 4192 suam
3437 4137 3594 4196 dun-

1932 4218 2098 4272 taxat
2154 4215 2534 4276 insolentiam
2583 4225 2821 4294 patrato
2887 4225 3151 4295 negotio,
3218 4225 3595 4300 quibusdam

1933 4303 2377 4363 conditionibus
2397 4323 2590 4382 usque
2619 4309 2698 4367 ad
2727 4315 2964 4386 tempus
2984 4313 3063 4372 ab
3084 4318 3340 4389 utroque
3367 4316 3598 4375 disces-

1936 4393 2047 4461 sit;
2077 4410 2188 4452 nec
2218 4401 2422 4454 tamen
2470 4404 2679 4458 contra
2724 4417 2850 4472 eos,
2883 4419 2990 4460 seu
3027 4403 3186 4460 clam
3216 4421 3324 4462 seu
3350 4406 3599 4464 manife-

1935 4487 2041 4554 ste,
2074 4486 2431 4558 pravitatem
2460 4506 2586 4547 suae
2632 4490 2975 4564 cupiditatis
3021 4498 3203 4568 atque
3231 4493 3599 4553 crudelitatis

1933 4571 2155 4632 destitit
2176 4579 2534 4637 machinari.

2619 4686 2932 4743 DCCCXLI.

2010 4791 2391 4850 Hludowicus
2421 4796 2623 4850 autem
2663 4797 2720 4850 et
2747 4793 3017 4866 Carolus,
3041 4794 3190 4853 alter
3218 4794 3396 4866 ultra,
3449 4796 3597 4856 alter

1464 4904 1860 4962 VARIANTES
1897 4902 2307 4963 LECTIONES.

229 4982 245 5016 ¹
282 4979 597 5036 wltzorum
629 4977 738 5034 Ch.
767 4983 821 5034 et
842 4978 915 5033 Β.
996 4979 1015 5011 ²
1045 4977 1171 5048 lege
1201 4977 1521 5033 saxonicae.
1602 4978 1624 5011 ³
1654 4976 1777 5032 lino
1807 4977 1916 5034 Ch.
1995 4977 2017 5010 ‘
2047 4973 2368 5047 pippinum
2397 4971 2508 5029 Ch.

155 5051 390 5111 Corich.

2586 4975 2607 5008 ⁵
2630 4974 2718 5030 ita
2746 4974 3015 5046 cor-rexi;
3064 4975 3283 5034 Chesn.
3309 4981 3366 5034 et
3389 4976 3588 5051 Bouq.

1759 5111 1998 5176 NOTAE.

224 5201 242 5225 '
275 5196 412 5249 Haec
437 5192 737 5249 exscripta
767 5195 904 5247 sunt
930 5192 990 5248 in
1018 5191 1310 5248 Chronico
1339 5190 1414 5247 de
1447 5191 1819 5247 Normanno-

152 5279 294 5323 rum
328 5265 508 5334 gestis
537 5263 599 5320 in
629 5263 876 5320 Francia
900 5279 998 5320 an.
1029 5265 1154 5318 840.

224 5338 255 5380 b
285 5333 482 5393 Carlat
530 5336 592 5392 in
644 5336 928 5392 Arvernia
984 5333 1311 5416 superiore,
1367 5347 1403 5389 a
1451 5345 1577 5461 quo

224 5407 561 5461 irtilatensis
608 5421 835 5461 nomen
874 5412 1123 5461 accepit.
1174 5407 1227 5461 le
1260 5407 1447 5461 Πανία
1494 5421 1575 5461 ez.

152 5407 561 5481 Cartilatensis
608 5421 835 5481 nomen
874 5407 1123 5481 accepit,
1174 5407 1227 5462 te
1260 5407 1575 5462 Carladez.

152 5480 334 5553 Notit,
363 5479 534 5549 Gail.,
566 5494 626 5553 p.
665 5479 784 5537 130.

227 5561 254 5590 ο
283 5552 579 5609 Turenne.

224 5621 247 5654 ⁴
276 5625 476 5698 _Pagus
501 5623 874 5698 principatus
904 5618 1224 5698 Anhaltini,
1260 5621 1341 5698 ir_1_
1359 5634 1482 5698 quo
1527 5614 1822 5698 oppidum

155 5690 396 5774 Kothen
427 5690 608 5774 situm
639 5690 744 5774 est,
778 5693 942 5774 quod
975 5693 1088 5774 sub
1113 5707 1260 5774 voce
1279 5690 1716 5774 Kesr'gesbiri'ch
1742 5690 1824 5774 la-

154 5773 278 5826 tere
308 5773 532 5841 posset.
568 5770 731 5827 Certe
777 5765 943 5840 quod
990 5765 1188 5838 primo
1220 5765 1278 5821 in
1325 5768 1590 5820 mentem
1620 5765 1822 5820 venire

1669 5345 1820 5404 agas

1651 5403 1820 5460 alesii

1951 5186 2980 5261 icteratNieaburchmonasterium
3001 5189 3320 5261 antiquum
3347 5189 3426 5246 ad
3447 5201 3592 5247 con-

1975 5264 2178 5341 uentcs
2208 5258 2392 5341 Epdze
2418 5263 2481 5341 et.
2504 5259 2674 5328 Salue,
2709 5265 2887 5341 autea
2918 5258 3453 5341 Thangmaresfeld
3481 5274 3592 5317 au-

1926 5331 2149 5387 diebat.
2204 5329 2288 5384 Cf.
2353 5329 2675 5396 Beckman,
2726 5330 2868 5385 Hist.
2922 5329 3319 5388 serenissima:
3370 5332 3594 5388 domus

1927 5401 2287 5464 Anhaltinre,
2324 5416 2464 5471 pag.
2497 5402 2620 5456 428.
2657 5401 2930 5456 Chronici
2962 5403 3349 5458 Gotwicensis
3382 5406 3594 5459 auctor

1926 5475 2059 5546 loco
2090 5472 2510 5546 Kesz‘gﬁespurg,
2538 5471 2680 5546 legit
2723 5474 3106 5545 Resigeburg,
3143 5477 3202 5529 et
3234 5472 3594 5546 ﬁosenbarg

1927 5546 1990 5624 in
2019 5541 2416 5624 dextra’S‘alaa‘
2432 5541 2565 5616 ripa
2591 5541 3032 5624 interpretatur.
3051 5541 3192 5610 'Qua
3213 5543 3290 5602 de
3315 5558 3380 5603 re
3401 5541 3596 5602 codei

1929 5618 2057 5690 ipse
2090 5613 2503 5670 consulendus
2533 5614 2659 5670 erit.
2748 5613 2767 5616 ’

2000 5701 2022 5729 θ
2054 5688 2221 5744 Circa
2249 5685 2563 5743 meridiem
2590 5705 2604 5754 ;
2637 5685 2711 5742 cf.
2745 5684 2900 5743 l’Art
2925 5685 3000 5744 de
3028 5689 3268 5760 vériﬁer
3295 5689 3377 5748 (es
3405 5689 3597 5750 dates.
