3950 6434
387 363 517 418 1391

383 575 656 642 noribus,
687 573 905 647 partim
931 571 1300 644 quibusdam
1329 572 1794 636 conditionibus,
1827 586 2041 628 omnes

383 664 646 736 partium
678 679 927 719 suarum
975 660 1088 716 sibi
1124 661 1214 716 vel
1265 661 1533 717 subdunt
1562 662 1658 717 vel
1704 661 2040 718 conciliant.

383 753 452 808 Et
482 750 792 808 Lotharius
829 749 1078 822 quidem
1131 749 1346 806 diebus
1396 750 1878 823 quadragesimae
1925 752 2042 807 Mo-

382 840 656 912 guntiam
684 855 878 912 usque
901 839 1192 896 adversus
1219 839 1636 896 Hludowicum
1666 841 2043 913 procinctum

382 929 583 998 ducit;
612 928 718 986 sed
737 928 1061 986 obsistente
1088 929 1245 1002 ipso,
1278 945 1315 986 a
1344 930 1598 986 transitu
1624 928 1891 986 ﬂuminis
1939 929 2044 984 diu

381 1018 754 1088 abstinetur;
800 1035 1015 1075 verum
1068 1022 1207 1075 astu
1252 1020 1523 1093 quodam
1564 1023 1744 1093 atque
1790 1019 2044 1093 perﬁdia

377 1107 590 1180 populi
618 1107 968 1165 Hludowico
996 1108 1343 1164 inhaerentis
1377 1111 1391 1144 ί
1426 1109 1702 1165 Lothario
1731 1112 2044 1165 transeun-

377 1199 455 1265 te,
475 1195 864 1254 Hludowicus
882 1197 1227 1254 Babioriam
1249 1197 1474 1271 petivit.
1497 1197 1778 1254 Carolum
1799 1213 2042 1270 quoque

376 1300 417 1342 a
448 1287 740 1359 Sequanae
771 1287 1027 1344 transitu
1052 1286 1312 1344 Lotharii
1336 1287 1651 1360 multiplex
1669 1287 1933 1360 populus
1955 1287 2042 1343 ni-

375 1374 519 1432 titur
545 1375 849 1446 inhibere;
887 1376 995 1450 qui
1025 1380 1249 1447 tamen,
1273 1376 1426 1432 virili
1449 1376 1768 1448 prudentia
1783 1376 2044 1449 pruden-

375 1464 541 1538 tique
568 1466 779 1523 virtute
810 1467 1177 1539 transposito
1205 1466 1478 1536 ﬂumine,
1504 1483 1716 1523 omnes
1745 1467 1808 1522 in
1833 1466 2042 1536 fugam

375 1554 473 1611 bis
502 1559 710 1628 terque
750 1555 964 1625 coegit.
999 1556 1332 1624 Lotharius,
1365 1557 1572 1612 audita
1602 1572 1850 1612 suorum
1899 1556 2044 1627 fuga

377 1643 693 1716 Carolique
736 1644 1023 1711 adventu,
1082 1643 1300 1701 iterum
1356 1646 1628 1701 Rhenum
1680 1645 2040 1717 transponit,

378 1733 803 1807 dispositisque
869 1734 1162 1791 adversus
1239 1735 1658 1792 Hludowicum
1729 1734 2038 1803 custodiis,

421 94 458 95 ί
1027 39 1404 113 '-_'-
1417 40 2314 124 ᾗ
1491 75 1514 84 ε
1561 59 1566 62 ·

1479 360 1534 415 S.
1565 357 1939 416 PRUDENTll
1975 351 2355 410 TRECENSIS
2397 353 2714 413 EPISCOPI

384 483 532 542 citra
551 482 852 554 Rhenum,
870 483 1088 555 partim
1117 481 1431 555 vi,partim
1463 482 1661 550 minis,
1692 482 1913 556 partim
1932 481 2042 536 ho-
2077 479 2123 534 A
2153 478 2531 548 mandatum,
2560 483 2626 536 ut
2653 479 2750 536 die
2776 480 3059 552 crastina,
3091 481 3238 554 quia
3261 482 3536 554 ejusdem
3581 486 3665 542 rei
3687 503 3821 559 gra-

3669 366 3822 422 {392

2155 567 2234 622 tia
2262 567 2324 622 in
2362 566 2497 624 loco
2545 569 2759 625 eodem
2797 570 3015 627 stativa
3042 570 3407 642 habuerunt,
3438 580 3816 633 mortuorum

2153 656 2469 724 cadavera,
2500 663 2679 732 prout
2726 661 3014 733 temporis
3056 662 3076 696 ‘
3105 663 3533 735 opportunitas
3580 666 3815 732 sineret,

2152 746 2472 819 sepultura;
2515 748 2896 806 mandarent.
2948 754 3013 806 In
3070 767 3194 824 quo
3244 752 3450 824 praelia
3509 756 3814 825 Georgius,

2151 838 2512 894 Ravennatis
2540 838 2883 913 episcopus,
2928 856 2964 898 a
3004 841 3285 912 Gregorio
3325 845 3596 901 Romano
3626 845 3820 918 ponti-

2149 926 2263 983 ﬁce
2316 927 2396 984 ad
2452 929 2797 986 Lotharium
2843 929 3176 1004 fratresque
3221 932 3348 987 eius
3395 934 3565 1005 pacis
3621 935 3816 1006 gratia

2150 1014 2428 1086 directus,
2453 1017 2562 1073 sed
2593 1033 2630 1075 a
2651 1019 2929 1076 Lothario
2955 1020 3254 1089 detentus,
3282 1036 3479 1094 neque
3508 1023 3588 1079 ad
3607 1022 3817 1080 fratres

2150 1104 2351 1161 venire
2399 1106 2761 1177 permissus,
2790 1112 3002 1181 captus
3032 1113 3144 1179 est,
3177 1113 3235 1165 et
3279 1126 3420 1166 cum
3461 1111 3689 1169 honore
3735 1112 3818 1169 ad

2149 1195 2396 1267 propria
2419 1196 2727 1253 remissus.
2758 1198 3072 1255 Lotharius
3089 1204 3257 1269 terga
3277 1205 3517 1256 vertens
3539 1206 3596 1258 et
3613 1206 3818 1275 Aqua-

2151 1283 2354 1355 sgrani
2403 1286 2780 1357 perveniens,
2832 1289 3098 1345 Saxones
3149 1292 3494 1362 ceterosque
3543 1291 3818 1348 conﬁnes

2149 1375 2526 1430 restaurandi
2555 1375 2744 1448 praelii
2773 1377 2967 1447 gratia
3014 1377 3127 1434 sibi
3155 1378 3470 1435 conciliare
3501 1379 3720 1449 studet,
3751 1380 3817 1436 in

2151 1466 2407 1533 tantum,
2439 1468 2504 1518 ut
2546 1465 2884 1522 Saxonibus
2915 1467 3021 1539 qui
3052 1466 3338 1539 Stellinga
3362 1467 3384 1498 ‘
3412 1467 3816 1541 appellantur,

2150 1566 2414 1623 quorum
2472 1551 2860 1625 multiplicior
2911 1569 3202 1610 numerus
3249 1555 3312 1610 in
3372 1571 3583 1612 eorum
3641 1560 3818 1626 gente

2149 1640 2426 1705 habetur,
2449 1642 2756 1713 optionem
2785 1642 3222 1716 cuiuscumque
3243 1643 3394 1715 legis
3423 1645 3519 1702 vel
3535 1645 3813 1718 antiquo-

2149 1745 2285 1785 rum
2332 1732 2638 1787 Saxonum
2677 1733 3148 1802 consuetudinis,
3176 1739 3377 1790 utram
3411 1750 3624 1791 earum
3654 1735 3812 1791 mal-

377 1821 625 1879 obviam
643 1823 1276 1897 Caroloproﬁciscitur.
1300 1824 1683 1880 Hludowicus
1707 1824 1769 1880 in
1788 1823 2042 1880 Lotharii
2073 1835 2118 1889 Β
2149 1817 2290 1889 lent,
2321 1820 2684 1876 concesserit
2711 1839 2724 1890 ;
2775 1821 2878 1894 qui
2917 1837 3154 1894 semper
3205 1822 3285 1879 ad
3312 1822 3475 1880 mala
3499 1824 3816 1896 proclives,

377 1911 674 1968 adversus
704 1927 767 1968 se
797 1912 1116 1985 dispositas
1151 1917 1381 1969 turmas
1411 1913 1663 1981 irruens,
1693 1927 2042 1985 magnaque

378 2016 454 2058 ex
499 2006 670 2075 parte
715 2001 1109 2059 internecioni
1161 2003 1420 2072 donans,
1454 2007 1682 2059 ceteros
1723 2003 1785 2058 in
1831 2005 2042 2072 fugam

378 2090 499 2161 egit
540 2106 612 2147 ac
654 2090 874 2147 deinde
920 2091 1130 2149 Carolo
1160 2091 1325 2148 fratri
1355 2107 1535 2165 opem
1567 2091 1798 2149 laturus
1829 2107 2043 2165 prope-

376 2194 512 2236 rare
540 2179 799 2238 festinat.
831 2181 1062 2238 Interea
1085 2189 1112 2217 ιι
1133 2181 1344 2254 piratae
1376 2185 1683 2238 Danorum
1703 2181 1782 2238 ab
1811 2196 2041 2238 oceano

379 2269 602 2342 Euripo
644 2271 673 2312 ιι
707 2270 957 2341 devecti,
1003 2274 1326 2328 Rotumam
1367 2277 1385 2301 '
1423 2271 1739 2343 irruentes,
1781 2269 2038 2344 rapinis,

376 2357 554 2427 ferro,
581 2359 829 2432 ignique
856 2359 1246 2433 bacchantes,
1280 2360 1516 2426 urbem,
1549 2360 1906 2430 monachos,
1945 2377 2039 2416 re-

373 2445 733 2520 liquumque
757 2447 1011 2519 vulgum
1050 2453 1106 2504 et
1148 2449 1418 2505 caedibus
1458 2452 1515 2506 et
1543 2449 1878 2522 captivitate
1907 2464 2041 2521 pes-

377 2534 833 2605 sumdederunt,
892 2540 950 2594 et
1013 2537 1220 2594 omnia
1284 2538 1655 2594 monasteria
1717 2554 1825 2594 seu
1878 2554 2040 2610 quae-

377 2639 640 2698 cumque
666 2624 802 2682 loca
827 2624 1065 2681 ﬂumini
1097 2629 1390 2698 Sequanae
1418 2625 1789 2682 adhaerentia
1813 2630 1917 2682 aut
1939 2625 2041 2681 de—

373 2715 649 2788 populati
678 2720 836 2783 sunt,
866 2718 970 2772 aut
998 2715 1202 2772 multis
1251 2716 1511 2789 acceptis
1537 2716 1809 2787 pecuniis
1841 2715 2040 2772 territa

370 2803 738 2877 relinquunt.
762 2804 1108 2861 Hludowico
1136 2805 1397 2878 denique
1427 2805 1858 2878 propinquanti
1883 2807 1904 2840 ²
1935 2805 2040 2861 Ca-

371 2891 538 2950 rolus
556 2891 737 2948 frater
765 2909 1008 2950 summo
1048 2893 1347 2950 desiderio
1378 2899 1558 2966 atque
1590 2910 1796 2950 amore
1820 2893 2036 2951 obvius

369 2981 552 3053 venit,
583 2981 924 3055 pariterque
967 2983 1293 3055 conjuncti,
1327 2983 1480 3039 sicut
1516 2983 1780 3040 fraterna
1827 2983 2032 3040 carita-

369 3073 446 3140 te,
478 3070 562 3127 ita
608 3072 786 3128 etiam
818 3077 1152 3129 castrorum
1187 3073 1532 3143 metatione,
1564 3073 1821 3130 convivii
1851 3073 2034 3129 etiam

369 3160 880 3235 consiliorumque
918 3161 1168 3232 unitate,
1200 3162 1366 3234 apud
1409 3161 1656 3219 fratrem
1688 3162 2032 3218 Lotharium
2065 3196 2104 3251 Ο

368 3266 550 3324 super
576 3252 745 3324 pacis
775 3255 834 3308 et
860 3252 1299 3320 unanimitatis,
1329 3253 1511 3308 totius
1547 3267 1792 3325 quoque
1824 3252 2036 3325 populi

367 3343 424 3396 et
450 3341 621 3411 regni
665 3341 1125 3412 gubernatione,
1166 3339 1543 3397 creberrimis
1572 3342 1595 3376 ³
1631 3340 2032 3412 legationibus

367 3431 742 3502 satisagunt;
773 3431 880 3504 qui
924 3435 1130 3488 tamen
1176 3430 1525 3504 smpissimis
1576 3447 1679 3488 eos
1719 3432 1930 3502 legatis
1977 3435 2034 3488 et

363 3519 716 3577 iuramentis
763 3519 1003 3591 ludens,
1036 3521 1286 3576 tandem
1316 3524 1556 3593 recepto
1597 3522 1676 3577 ab
1707 3521 2032 3594 Aquitania

363 3608 642 3680 Pippino,
673 3609 906 3681 Pippini
948 3608 1184 3664 dudum
1235 3608 1502 3665 defuncti
1545 3609 1744 3666 fratris
1791 3609 1936 3682 ﬁlio,
1968 3611 2030 3666 in

362 3711 528 3769 pago
556 3696 974 3766 Altiodorensi,
1002 3697 1064 3752 in
1091 3696 1226 3754 loco
1255 3697 1363 3769 qui
1387 3697 1602 3754 dicitur
1628 3699 2026 3770 Fontanidus,

362 3789 689 3859 utrumque
717 3786 963 3844 fratrem
990 3785 1160 3856 regni
1201 3786 1580 3859 portionibus
1610 3788 1812 3844 hostili
1846 3804 2029 3862 appa-

361 3879 500 3932 ratu
535 3876 773 3949 privare
815 3874 1139 3932 contendit.
1183 3877 1451 3948 Cumque
1490 3876 1569 3932 ad
1613 3877 1780 3948 pacis
1824 3877 2028 3933 frater-

361 3965 685 4038 nitatisque
737 3965 1126 4022 concordiam
1180 3965 1430 4021 minime
1473 3965 1740 4022 revocari
1799 3969 2025 4038 posset,

363 4053 554 4110 obviis
599 4053 880 4110 fratribus
929 4054 1186 4127 septimo
1217 4053 1524 4110 Kalendas
1571 4053 1700 4109 Iulii
1749 4053 1845 4109 die
1893 4055 2029 4111 sab-

361 4141 506 4200 bato
557 4159 739 4200 mane
785 4144 1168 4216 interceptus,
1214 4142 1420 4199 multis
1467 4143 1767 4216 utrimque
1810 4143 2027 4201 caden-

360 4232 549 4304 tibus,
615 4233 1029 4306 compluribus
1097 4231 1456 4305 proﬂigatis,
1525 4232 1776 4304 turpiter
1835 4233 2026 4290 victus

364 4321 616 4390 aufugit.
648 4321 982 4378 Palantium
1013 4324 1215 4376 autem
1264 4319 1459 4376 caedes
1491 4321 1723 4393 passim
1753 4322 2026 4393 agitaba-

362 4413 480 4478 tur,
512 4409 706 4465 donec
733 4409 1119 4465 Hludowicus
1149 4414 1206 4466 et
1245 4409 1489 4466 Carolus
1539 4410 1758 4484 pietate
1798 4411 2026 4468 ferven-

363 4503 452 4558 tes
470 4500 549 4556 ab
569 4516 780 4557 eorum
794 4499 1201 4557 interiectione
1213 4501 1579 4557 cessandum
1600 4501 2022 4572 decreverunt;

362 4590 512 4663 quin
542 4591 722 4647 etiam
751 4589 989 4661 longius
1029 4607 1064 4647 a
1097 4591 1306 4647 castris
1353 4591 1604 4648 obtentu
1635 4593 2026 4650 Christianita-

361 4680 438 4737 tis
499 4680 794 4751 fugientes
878 4680 1157 4753 persequi
1235 4679 1566 4750 desierunt,
1599 4681 2022 4756 episcopisque

2149 1906 2344 1977 magis
2388 1907 2569 1964 ritum
2612 1925 2996 1982 paganorum
3034 1909 3275 1979 imitari,
3302 1927 3491 1984 quam
3535 1913 3818 1970 christia-

2149 2013 2243 2052 nae
2271 1996 2413 2052 ﬁdei
2457 2002 2839 2055 sacramenta
2869 2002 3069 2055 tenere
3099 1998 3469 2070 delegerunt.
3506 2000 3814 2072 Herioldo,

2148 2087 2256 2160 qui
2285 2103 2426 2143 cum
2461 2087 2671 2144 ceteris
2718 2091 3027 2144 Danorum
3071 2088 3390 2145 maritimis
3426 2089 3819 2148 incommoda

2148 2180 2316 2232 tanta
2365 2176 2457 2231 sui
2504 2192 2691 2232 causa
2740 2176 2820 2232 ad
2887 2176 3075 2250 patris
3138 2177 3421 2234 iniuriam
3481 2177 3813 2250 invexerat,

2148 2264 2470 2322 Gualacras
2491 2277 2515 2306 ο
2543 2264 2782 2338 aliaque
2812 2265 2832 2300 ⁸
2853 2265 3053 2322 vicina
3081 2265 3216 2322 loca
3242 2266 3422 2322 huius
3451 2267 3652 2324 meriti
3681 2283 3815 2337 gra-

2147 2354 2230 2410 tia
2273 2354 2337 2410 in
2381 2353 2747 2411 beneﬁcium
2805 2355 3073 2412 contulit.
3126 2355 3386 2426 Dignum
3445 2372 3590 2413 sane
3642 2356 3816 2413 omni

2145 2441 2537 2499 detestatione
2563 2441 2821 2510 facinus,
2851 2447 2916 2500 ut
2962 2443 3068 2516 qui
3095 2443 3259 2500 mala
3286 2443 3625 2501 christianis
3653 2444 3813 2500 intu-

2145 2531 2356 2603 lerant,
2419 2532 2601 2588 iidem
2684 2532 3149 2590 Christianorum
3224 2535 3393 2590 terris
3457 2539 3514 2591 et
3571 2534 3814 2608 populis

2148 2621 2481 2694 Christique
2534 2620 2797 2678 ecclesiis
2861 2622 3303 2695 praeferrentur,
3353 2628 3419 2680 ut
3472 2628 3814 2698 persecuto-

2143 2727 2239 2768 res
2266 2711 2408 2768 ﬁdei
2437 2711 2775 2767 christianaa
2822 2711 3052 2769 domini
3105 2712 3569 2770 christianorum
3599 2714 3809 2770 existe-

2143 2805 2296 2872 rent,
2327 2805 2385 2857 et
2406 2801 2757 2858 daemonum
2777 2800 3108 2858 cultoribus
3139 2802 3446 2860 christiani
3465 2803 3678 2877 populi
3707 2803 3812 2860 de-

2145 2891 2453 2948 servirent.

2215 2979 2601 3037 Hludowicus
2649 2980 2868 3053 partim
2912 2980 3262 3048 terroribus,
3322 2981 3543 3055 partim
3593 2981 3809 3052 gratia,

2146 3073 2451 3129 Saxonum
2495 3070 2745 3144 quidem
2785 3071 3150 3144 complures,
3199 3072 3667 3140 Austrasiorum,
3699 3075 3811 3128 To-

2141 3161 2452 3233 ringorum
2482 3166 2661 3234 atque
2687 3160 3170 3218 Alamannorum
3215 3177 3338 3216 suae
3365 3176 3578 3217 omnes
3604 3161 3810 3217 subiu-

2142 3256 2243 3322 gat
2271 3250 2501 3307 ditioui.
2532 3250 2798 3319 Carolus,
2831 3250 3159 3323 dispositis,
3189 3254 3490 3324 quantum
3516 3255 3808 3324 opportu-

2140 3341 2296 3398 nitas
2351 3357 2553 3396 rerum
2609 3343 2629 3376 θ
2685 3340 2840 3409 sivit,
2897 3341 3271 3414 Aquitanicis
3341 3340 3635 3414 partibus,
3701 3357 3812 3413 per

2140 3431 2564 3486 Cenomannos
2607 3430 2642 3497 ί,
2675 3429 2932 3486 Parisios
2959 3434 3139 3502 atque
3172 3429 3526 3500 Bellovagos
3557 3443 3601 3500 ε,
3633 3429 3809 3485 Ειιεωι

2139 3519 2295 3576 ciam
2325 3534 2665 3590 permeans,
2699 3519 3138 3575 Ilasbanienses
3162 3517 3184 3548 "
3215 3518 3358 3586 adit,
3393 3518 3627 3590 sibique
3669 3518 3806 3591 plus

2138 3626 2345 3667 amore
2368 3625 2557 3682 quam
2583 3609 2796 3665 timore
2825 3609 3121 3666 conciliat.

2210 3699 2544 3769 Lotharius,
2604 3698 2793 3754 Rheni
2818 3715 2998 3756 amne
3055 3699 3449 3772 transposito,
3504 3698 3807 3756 Hludowi-

2138 3804 2279 3844 cum
2307 3787 2466 3844 bello
2487 3787 2772 3860 impetere
2793 3787 3048 3845 moliens
3076 3789 3123 3861 ⁷,
3154 3788 3526 3859 cogitatuum
3555 3805 3804 3844 suorum

2138 3877 2455 3934 conatibus
2488 3877 2508 3912 ⁸
2535 3877 2844 3950 frustatus,
2875 3877 2938 3933 in
2977 3878 3254 3934 Carolum
3308 3878 3506 3934 subito
3535 3878 3801 3948 vertitur,

2137 3971 2302 4022 ratus
2332 3982 2474 4021 eum
2516 3965 2756 4036 longius
2801 3983 2837 4023 a
2869 3966 3048 4023 fratre
3097 3965 3444 4022 Hludowico
3471 3966 3797 4038 separatim

2137 4071 2496 4126 aggressum
2574 4055 2808 4112 facilius
2868 4057 3291 4113 evincendum.
3340 4056 3586 4112 Carolus
3657 4055 3804 4112 Loti-

2135 4144 2283 4201 tiam
2333 4145 2349 4179 ι
2406 4144 2774 4203 Parisiorum
2824 4161 3152 4215 regressus,
3217 4144 3468 4201 transito
3523 4145 3802 4216 Sequana

2136 4233 2385 4290 ﬂumine
2445 4233 2706 4291 Lotharii
2762 4234 3174 4291 molitionibus
3229 4233 3335 4290 diu
3387 4232 3644 4290 obsistit.
3693 4234 3799 4288 Lo-

2134 4323 2364 4380 tharius
2442 4323 2912 4396 transpositione
2981 4323 3148 4380 ﬂuvii
3212 4321 3574 4396 prohibitus,
3624 4337 3800 4394 supe-

2133 4414 2321 4470 riores
2392 4413 2581 4486 ipsius
2659 4417 2945 4486 expetens
3017 4416 3218 4485 partes
3296 4427 3404 4484 per
3474 4411 3802 4483 Mauripen-

2135 4519 2262 4560 sem
2306 4505 2318 4558 i
2361 4519 2589 4577 pagum
2650 4505 2915 4560 Senones
2966 4504 3259 4575 penetrat,
3300 4500 3462 4557 unde
3513 4503 3570 4556 et
3617 4501 3802 4555 Ceno-

2132 4609 2393 4650 mannos
2447 4591 2614 4648 nullo
2685 4591 2925 4663 negotio
2979 4591 3209 4660 adiens,
3271 4595 3489 4646 cuncta
3541 4587 3796 4661 rapinis,

2132 4681 2446 4752 incendiis,
2472 4681 2716 4754 stupris,
2741 4679 3086 4751 sacrilegiis,
3109 4679 3628 4752 sacramentisque
3643 4677 3798 4735 adeo

1649 4825 2049 4884 VARIANTES
2103 4785 2505 4883 LECTIONl‘ZS.

435 4932 450 4965 ¹
479 4929 837 4986 inhaerentes
866 4931 977 4988 Ch.
1055 4931 1076 4966 ³
1107 4930 1559 5003 propinquante
1592 4932 1694 4989 Ch.
1774 4933 1797 4967 ³
1831 4931 2234 4990 celeberrimis
2263 4931 2374 4988 Ch.
2454 4932 2475 4965 ⁴
2505 4928 2774 5003 corporis
2808 4929 2917 5003 Ch.
2951 4929 3119 5003 et_B.
3159 4928 3328 5003 Quod
3356 4930 3797 5003 emendandum

361 5004 590 5078 censui.
663 5003 684 5036 ⁵
713 5003 1040 5078 invexerat,
1076 4999 1264 5060 G‘aula
1293 4999 1586 5074 Crusalia,
1614 5019 1752 5078 quae
1782 5004 1978 5063 vicina
2005 5003 2137 5063 loco
2167 5003 2278 5060 Ch.
2357 5003 2380 5039 ⁸
2409 4999 2797 5059 rerum—deest
2827 5000 2937 5058 Ch.
3016 5001 3036 5034 ⁷
3065 4999 3342 5057 molliens
3372 5000 3485 5057 Ch.
3565 5003 3587 5036 ⁸
3617 5017 3798 5061 cona-

363 5072 525 5128 tibus
549 5074 708 5130 deest
736 5074 846 5131 Ch.

1964 5165 2188 5222 NOTE.

432 5271 629 5398 (£1:cht
648 5271 712 5326 in
742 5272 1036 5329 Chronico
1063 5272 1139 5328 de
1187 5272 1366 5344 gestis
1411 5275 1899 5331 Normannorum
1924 5288 2022 5329 ex-

432 5358 476 5397 l'l
522 5358 603 5397 un
632 5358 720 5398 ΗΓ.

361 5356 720 5399 ΒΟῙἸΒΙΠΠΠΓ.

428 5414 456 5454 b
484 5415 653 5488 Ereto
684 5413 988 5488 Caletano,
1020 5415 1238 5473 Canal.

430 5493 453 5520 ο
477 5487 704 5542 Bouen.

428 5555 450 5583 ‘
477 5556 573 5633 Cf1
596 5557 862 5633 Nithardi
886 5559 1060 5633 _Hist.,
1090 5557 1193 5615 lib.
1224 5575 1300 5630 1v,
1333 5575 1464 5633 cap.
1495 5565 1547 5616 2.

429 5641 452 5664 θ
498 5630 849 5685 lValc/tcrcn
882 5631 1097 5686 insula.

430 5695 447 5735 ἲ
483 5700 564 5752 Le
584 5701 780 5754 Mans.

429 5777 454 5814 Β
481 5769 804 5826 Beauvaz's.

428 5830 449 5858 "
475 5836 640 5893 Circa
669 5841 973 5897 Lcodium.

2205 5274 2219 5310 ι
2249 5272 2290 5328 Ι.
2317 5286 2370 5328 e.
2401 5271 2718 5330 Lutetiam.

2254 5343 2459 5400 Abbas
2489 5342 2715 5400 Lebeuf
2737 5346 2908 5416 putat
2945 5341 3382 5416 Mauripensem
3426 5358 3656 5416 pagum
3695 5358 3794 5400 ex-

2127 5419 2370 5488 tensum
2402 5431 2530 5471 esse
2562 5415 2949 5488 secusripam
2967 5415 3276 5472 dexteram
3298 5415 3590 5488 Sequanae
3607 5418 3792 5488 atque

2127 5487 2309 5544 etiam
2337 5502 2668 5560 parumper
2706 5485 2883 5560 secus
2932 5489 3250 5560 dexteram,
3285 5485 3522 5560 Icaunae
3570 5485 3788 5560 ripam.

2128 5557 2386 5631 Vocatur
2405 5557 2748 5616 Morivensis
2780 5559 2842 5614 in
2873 5561 3018 5616 actis
3060 5559 3280 5631 synodi
3319 5557 3657 5631 Suessionis
3677 5558 3789 5631 ba-

2127 5630 2458 5709 bittganno
2491 5635 2593 5709 ΒΨ
2620 5651 2633 5701 ;
2659 5638 2714 5687 ct
2739 5633 3025 5709 Morvisus
3048 5629 3117 5709 in
3149 5631 3342 5686 Caroli
3374 5630 3535 5709 Calvi
3557 5629 3788 5709 capitu-

2126 5701 2198 5757 lis
2231 5699 2695 5772 Silvacensilms,
2727 5718 2825 5758 an.
2851 5708 2973 5760 85:33.
3002 5703 3227 5772 Lingua
3249 5701 3570 5759 vernacula
3591 5699 3788 5772 dictus

2125 5773 2322 5847 fuerat
2369 5771 2746 5847 lequrvois,
2776 5771 3169 5847 postmodum
3219 5777 3500 5847 corrupto
3538 5771 3786 5830 nomine

2131 5846 2184 5901 le
2210 5845 2486 5901 Montois.
2523 5847 2694 5909 Bono.
