3950 6376
116 290 255 349 I393

1657 275 2009 335 ANNALES.

3328 348 3343 355 ο
3415 289 3558 344 1394

111 413 381 485 iniuriat,
409 417 475 471 ut
497 390 574 469 ne
602 411 682 469 ab
738 411 890 483 ipsis
947 410 1148 484 adytis
1196 408 1578 482 temperaret.
1630 406 1782 459 Nam
1815 403 1863 456 A
1896 405 2015 460 tem
2046 404 2436 477 celebrantes,
2492 408 2768 465 homines
2825 410 3097 482 ipsarum
3153 411 3419 484 partium
3476 410 3558 467 ad

111 518 537 578 quoscumque
560 501 836 557 salvandi
867 502 1057 571 gratia
1078 500 1374 573 repositos
1403 496 1499 553 vel
1514 496 1576 552 in
1607 492 1783 550 eccle-

113 594 218 650 siis
242 594 339 650 vel
368 593 430 649 in
461 608 672 649 earum
718 590 1161 664 gazophylaciis
1218 590 1554 652 thesauros,
1602 584 1783 640 etiam

112 683 530 741 sacerdotibus
562 686 619 738 et
646 683 983 736 ceterorum
1029 679 1316 737 ordinum
1345 676 1572 734 clericis
1621 674 1783 729 iura-

109 776 320 830 mento
344 771 660 836 devinctis,
687 770 948 842 reperire
978 769 1195 841 potuit,
1228 767 1462 825 auferre
1513 779 1635 821 non
1658 762 1783 817 dis-

108 852 280 932 tulit;
303 863 469 935 ipsas
498 876 745 934 quoque
776 858 1262 915 sanctimoniales
1287 856 1503 913 divinis
1525 853 1785 912 cultibus

109 951 347 1008 deditas
370 950 627 1007 feminas
652 950 715 1004 in
746 948 838 1004 sui
868 952 1252 1005 sacramenta
1287 946 1500 1017 coegit.
1539 942 1783 1001 Carolus

109 1039 282 1113 apud
308 1039 568 1096 Parisius
589 1038 813 1094 diutius
845 1037 1208 1105 diversatus,
1264 1036 1480 1092 urbem
1505 1032 1781 1091 Catalau-

107 1129 226 1197 nis,
259 1128 581 1185 dominicae
612 1126 941 1185 nativitatis
971 1126 1195 1184 festum
1234 1126 1322 1183 ibi
1374 1124 1782 1181 celebraturus

108 1220 374 1277 advenit.

794 1290 1113 1347 DCCCXLII

189 1397 336 1453 Inde
364 1400 578 1453 Trecas
604 1397 833 1465 adiens,
864 1412 974 1470 per
1031 1397 1346 1453 Alsensem
1396 1405 1421 1432 ι
1467 1408 1695 1467 pagum
1727 1395 1783 1448 et

109 1486 349 1543 Tullum
377 1486 695 1549 civitatem,
730 1487 943 1557 Vosegi
973 1486 1127 1542 saltu
1174 1485 1559 1557 transposito,
1592 1498 1779 1557 penes

116 1578 583 1646 Argentoratum
648 1574 863 1630 urbem
899 1574 1065 1631 fratri
1124 1574 1470 1631 Hludowico
1529 1572 1781 1629 coniun-

113 1666 292 1736 gitur.
336 1663 654 1720 Lotharius
696 1664 866 1720 nulla
893 1664 1130 1736 penitus
1162 1680 1274 1720 sua
1316 1678 1641 1719 suorumve
1672 1661 1782 1717 uti-

1895 510 2023 550 sese
2052 496 2415 569 refugientes
2442 499 2799 571 suscipiunt,
2828 499 3197 573 fratremque
3229 502 3250 536 ε
3272 500 3557 574 persequi

1892 583 2260 643 desistentes.
2296 589 2520 654 Quibus
2568 588 2971 661 multipliciter
3027 590 3303 663 receptis,
3357 590 3556 647 fratris

1895 672 2126 731 abitum
2183 677 2378 746 gradu
2433 677 2799 734 tardiusculo
2861 677 3281 750 insequuntur,
3341 679 3488 752 quia
3531 679 3555 716 ⁸

1895 763 2060 835 apud
2090 764 2301 821 fratres
2333 783 2516 841 super
2535 767 2700 839 pacis
2731 766 2953 824 foedere
2984 767 3120 824 licet
3146 768 3369 824 invitus
3401 771 3556 825 sata-

1894 869 2063 925 gens,
2089 854 2319 925 legatos
2351 856 2574 929 quibus
2618 857 2949 929 plurimum
2978 857 3281 913 nitebatur
3331 856 3549 926 dirigit.

1893 944 2092 1001 Electo
2124 945 2202 1001 ad
2220 946 2335 1002 hoc
2356 948 2667 1016 negotium
2686 950 2705 983 ⁷
2744 948 3098 1005 Matasconis
3122 948 3289 1003 urbis
3309 947 3551 1018 vicinio,

1891 1034 2029 1091 illuc
2068 1036 2371 1110 utrimque
2412 1038 2621 1104 coitur,
2653 1043 2710 1094 et
2767 1039 3076 1112 utriusque
3123 1039 3309 1111 partis
3357 1041 3555 1095 castra.

1892 1134 2071 1181 Arare
2099 1124 2284 1183 ﬂuvio
2315 1126 2650 1194 dirimente,
2674 1127 2735 1183 in
2764 1129 3100 1201 quamdam
3122 1128 3379 1185 insulam
3400 1128 3555 1199 ejus-

1890 1213 2031 1270 dem
2061 1214 2327 1271 ﬂuminis
2358 1216 2437 1273 ad
2467 1232 2790 1273 commune
2820 1218 3192 1291 colloquium
3209 1220 3552 1291 aspectum-

1888 1321 2007 1379 que
2038 1310 2275 1363 coeunt.
2304 1306 2413 1363 Ubi
2431 1307 2610 1363 venia
2629 1307 2703 1363 de
2730 1308 3043 1380 praeteritis
3074 1324 3394 1381 perperam
3420 1324 3552 1380 ges-

1888 1394 1962 1451 tis
1994 1394 2256 1450 vicissim
2288 1396 2592 1468 postulata
2619 1400 2800 1470 atque
2817 1401 3081 1470 accepta,
3103 1401 3552 1455 sacramentum

1889 1500 2135 1557 quoque
2164 1484 2312 1541 alter
2341 1485 2509 1541 alteri
2536 1502 2695 1542 verae
2726 1486 2895 1559 pacis
2928 1486 3435 1560 fraternitatisque
3464 1487 3553 1543 iu-

1890 1577 2192 1635 raverunt,
2226 1578 2283 1629 et
2310 1574 2384 1629 de
2414 1574 2586 1645 regni
2615 1573 2797 1630 totius
2829 1576 3018 1647 aequis
3048 1574 3431 1648 portionibus
3459 1574 3552 1630 di-

1889 1661 2168 1733 ligentius
2199 1662 2488 1718 faciendis
2541 1663 2827 1719 Kalendis
2876 1664 3236 1721 Octobribus
3294 1664 3355 1719 in
3402 1663 3552 1721 urbe

114 1754 279 1811 litate
308 1753 617 1810 inferiores
646 1753 843 1809 Galliae
865 1756 1066 1825 partes
1095 1758 1409 1826 tantopere
1428 1752 1775 1826 populatus,
1817 1756 1862 1811 Β
1892 1751 2492 1819 Mediomatricorum,
2526 1752 2688 1808 Metis
2714 1753 3013 1809 vocabulo
3045 1754 3088 1822 ⁸,
3136 1753 3548 1811 decreverunt.

111 1860 257 1915 erga
285 1843 655 1899 Parisiorum
688 1843 962 1898 Lotitiam
1008 1842 1263 1899 ﬂuvium
1294 1844 1589 1916 Sequanae
1626 1844 1781 1897 tran-

114 1933 294 2002 siens,
334 1931 716 2005 Aquasgrani
745 1932 939 1997 rediit,
986 1930 1362 2005 fratrumque
1417 1930 1782 1987 coniunctio-

116 2039 261 2079 nem
292 2022 567 2089 audiens,
600 2036 760 2091 aegre
787 2020 937 2077 tulit.
974 2020 1356 2077 Hludowicus
1408 2025 1465 2077 et
1508 2019 1777 2086 Carolus,

112 2127 239 2185 quo
270 2110 382 2167 sibi
410 2110 644 2166 ﬁrmius
674 2111 938 2183 populos
987 2110 1223 2183 utrique
1255 2109 1530 2165 subditos
1588 2114 1783 2165 necte-

113 2204 271 2269 rent,
302 2203 681 2257 sacramento
730 2215 860 2255 sese
905 2199 1190 2256 alterutro
1247 2198 1683 2267 devinxerunt;
1714 2198 1782 2252 ﬁ-

112 2290 282 2346 deles
313 2304 558 2362 quoque
587 2288 797 2362 populi
823 2288 1012 2362 partis
1041 2288 1352 2361 utriusque
1382 2288 1515 2361 pari
1531 2304 1593 2344 se
1618 2288 1779 2344 iura-

110 2381 320 2435 mento
352 2377 856 2441 constrinxerunt,
889 2381 957 2434 ut
984 2380 1116 2434 uter
1143 2377 1497 2433 eorumdem
1528 2377 1780 2433 fratrum

111 2468 406 2524 adversus
438 2466 693 2523 alterum
716 2466 940 2522 sinistri
987 2467 1304 2539 quippiam
1333 2466 1661 2531 moliretur,
1693 2482 1778 2522 res

110 2556 253 2614 licto
310 2572 559 2630 prorsus
614 2560 859 2613 auctore
926 2555 1177 2626 dissidii,
1245 2571 1458 2612 omnes
1514 2571 1647 2612 sese
1702 2554 1782 2611 ad

114 2650 478 2703 servatorem
546 2645 928 2703 fraternitatis
1013 2645 1410 2718 amicitiaeque
1478 2649 1782 2702 converte-

110 2740 267 2792 rent.
303 2736 530 2802 Quibus
558 2736 832 2809 patratis,
867 2735 947 2793 ad
990 2735 1333 2791 Lotharium
1371 2736 1539 2809 pacis
1589 2735 1782 2806 gratia

113 2826 420 2895 dirigunt;
452 2826 559 2898 qui
585 2825 798 2896 legatis
830 2841 1042 2881 eorum
1081 2841 1116 2881 a
1134 2825 1227 2880 sui
1256 2825 1576 2898 praesentia
1602 2830 1781 2898 atque

115 2913 444 2987 conloquio
474 2913 762 2981 inhibitis,
799 2912 879 2968 ad
908 2913 1329 2969 obsistendum
1383 2912 1667 2969 fratribus
1719 2930 1782 2969 se

113 3017 384 3075 suosque
437 3001 729 3058 hostiliter
775 3006 1094 3075 praeparat.
1130 3003 1258 3067 Quo
1288 3002 1350 3057 in
1402 3002 1675 3058 Sentiaco
1708 3004 1723 3037 ί
1756 3002 1785 3042 δ

1892 1844 1973 1897 Ea
2002 1846 2355 1914 tempestate
2386 1845 2871 1899 Normannorum
2928 1843 3134 1900 classis
3189 1843 3251 1899 in
3280 1843 3552 1916 emporio

1890 1931 2056 2003 quod
2088 1931 2495 1997 Quantovicus
2526 1932 2547 1967 θ
2566 1930 2592 1967 ά
2613 1931 2848 1995 dicitur,
2872 1932 3185 2005 repentino
3216 1932 3329 1988 sub
3352 1932 3552 1989 lucem

1891 2023 2155 2079 adventu
2184 2020 2757 2093 depraedationibus,
2791 2021 3132 2094 captivitate
3198 2026 3256 2078 et
3284 2036 3431 2077 nece
3461 2037 3553 2078 se-

1888 2129 2003 2169 xus
2033 2110 2339 2183 utriusque
2359 2110 2679 2167 hominum
2708 2110 2862 2167 adeo
2892 2109 3249 2167 debacchati
3280 2114 3439 2177 sunt,
3485 2114 3556 2169 ut

1890 2202 2037 2259 nihil
2061 2202 2123 2256 in
2152 2216 2223 2257 eo
2253 2204 2468 2274 praeter
2496 2199 2751 2257 aediﬁcia
2780 2200 2971 2273 pretio
3025 2201 3071 2237 1°
3100 2200 3417 2273 redempta
3462 2216 3555 2257 re-

1888 2292 2246 2364 linquerent.
2266 2292 2606 2347 Maurorum
2625 2289 2807 2346 etiam
2822 2289 3032 2362 piratae
3052 2304 3161 2362 per
3188 2288 3552 2347 Rhodanum

1889 2398 2079 2456 prope
2108 2380 2413 2437 Arelatum
2442 2378 2645 2450 delati,
2679 2384 2895 2436 cuncta
2923 2379 3159 2453 passim
3199 2378 3551 2452 depraedati,

1890 2472 2140 2544 impune
2187 2469 2449 2526 oneratis
2499 2468 2757 2525 navibus
2785 2468 3043 2540 regressi
3098 2472 3255 2524 sunt.
3305 2468 3553 2525 Carolus

1890 2566 2091 2617 autem
2123 2575 2159 2615 a
2205 2560 2545 2614 Matascone
2574 2557 2965 2630 Aquitaniam
3002 2557 3313 2628 ingressus
3372 2559 3554 2629 atque

1890 2652 2277 2724 pervagatus,
2309 2646 2395 2704 ad
2424 2651 2829 2704 memoratum
2860 2647 3065 2720 placiti
3088 2647 3293 2703 locum
3323 2650 3381 2702 et
3406 2649 3555 2702 tem-

1892 2755 2008 2812 pus
2038 2737 2240 2793 venire
2270 2752 2395 2793 non
2425 2736 2669 2793 distulit.
2688 2736 3001 2793 Lotharius
3028 2736 3195 2808 apud
3212 2737 3555 2806 Augustam

1891 2829 2289 2883 Treverorum
2315 2826 2546 2897 legatos
2606 2828 2951 2883 Graecorum
2980 2836 3002 2862 ⁶
3035 2826 3302 2899 suscipit,
3348 2824 3556 2897 eisque

1892 2916 2204 2983 absolutis,
2264 2915 2534 2971 eiusdem
2562 2915 2767 2987 placiti
2796 2920 3065 2989 tempore
3123 2914 3350 2988 palatio
3385 2913 3556 2987 quod

1892 3006 2229 3063 Theodonis
2258 3005 2401 3061 villa
2430 3004 2649 3061 dicitur
2676 3006 2913 3061 resedit.

110 3091 363 3165 palatio,
399 3106 436 3145 a
493 3089 733 3145 Mosella
790 3089 1039 3145 ﬂumine
1105 3095 1241 3145 octo
1297 3090 1485 3146 ferme
1534 3090 1781 3146 milibus
1823 3117 1864 3171 ο
1965 3093 2372 3159 Hludowicus,
2425 3097 2747 3165 peragrata
2777 3092 2945 3149 omni
2977 3092 3257 3162 Saxonia,
3308 3094 3558 3148 cunctos

114 3181 482 3246 constructo,
524 3177 796 3234 eiusdem
822 3181 843 3213 ²
877 3178 1227 3233 transeundi
1268 3177 1610 3234 facultatem
1666 3178 1781 3233 dis-

112 3270 331 3344 positis
382 3267 672 3324 custodiis
731 3268 1087 3339 denegante,
1138 3267 1523 3324 Hludowicus
1563 3268 1780 3338 navali,

113 3359 363 3417 Carolus
419 3358 680 3431 equestri
737 3363 1055 3430 apparatu,
1102 3363 1364 3414 castrum
1405 3358 1783 3414 Conﬂuentes

111 3448 490 3522 perveniunt,
522 3446 727 3519 ibique
757 3446 1069 3503 Mosellam
1098 3447 1343 3503 viriliter
1371 3448 1394 3482 ³
1416 3447 1669 3503 transire
1696 3449 1784 3503 in-

110 3536 495 3604 choantibus,
527 3552 740 3593 omnes
770 3536 1027 3592 Lotharii
1058 3536 1326 3592 excubiae
1364 3536 1644 3593 velociter
1674 3553 1781 3593 au-

112 3627 421 3699 fugerunt.
472 3625 803 3692 Lotharius,
864 3625 1179 3698 inopinato
1227 3626 1478 3682 fratrum
1518 3626 1782 3683 adventu

112 3716 371 3783 territus,
396 3714 590 3785 cessit,
625 3714 1000 3787 sublatisque
1052 3715 1283 3771 cunctis
1306 3715 1386 3771 ad
1419 3714 1783 3788 Aquisgrani

112 3805 341 3879 palatio
368 3809 493 3861 tam
519 3809 739 3861 sanctae
772 3804 965 3861 Mariae
994 3821 1181 3878 quam
1210 3805 1520 3876 regalibus
1542 3807 1784 3863 thesau-

110 3895 216 3959 ris,
248 3894 415 3950 disco
445 3893 625 3951 etiam
656 3894 825 3950 mirae
854 3894 1291 3965 magnitudinis
1339 3910 1408 3951 ac
1450 3896 1780 3967 pulchritu-

113 3983 272 4040 dinis
301 3987 607 4055 argenteo,
634 3983 697 4039 in
717 3999 841 4056 quo
872 3988 928 4040 et
957 3983 1120 4039 orbis
1144 3984 1322 4040 totius
1352 3984 1677 4057 descriptio
1727 3990 1784 4041 et

114 4077 421 4130 astrorum
451 4072 876 4142 consideratio,
904 4076 962 4128 et
1000 4072 1207 4128 varius
1244 4072 1627 4146 planetarum
1666 4074 1782 4130 dis-

114 4179 350 4230 cursus,
384 4162 592 4218 divisis
620 4162 701 4218 ab
744 4162 1004 4218 invicem
1034 4162 1264 4234 spatiis,
1298 4162 1485 4233 signis
1514 4164 1781 4219 eminen-

112 4251 367 4309 tioribus
399 4251 635 4324 sculpta
664 4251 986 4307 radiabant
1014 4260 1058 4322 °,
1090 4250 1495 4323 particulatim
1525 4252 1779 4324 praeciso

114 4342 360 4414 suisque
390 4340 729 4409 distributo,
763 4357 800 4397 a
828 4341 1051 4413 quibus
1081 4346 1306 4411 tamen,
1346 4345 1630 4414 quamvis
1660 4342 1777 4399 tale

1894 3185 2005 3240 sibi
2059 3188 2306 3240 eatenus
2365 3182 2722 3239 obsistentes
2778 3182 2837 3237 vi
2884 3184 2926 3217 “
2977 3186 3159 3254 atque
3217 3184 3441 3237 terrore
3473 3180 3558 3238 ita

1891 3273 2252 3348 perdomuit,
2286 3276 2352 3328 ut
2387 3271 2838 3344 comprehensis
2868 3271 3154 3327 omnibus
3211 3269 3558 3328 auctoribus

1892 3367 2071 3420 tanta:
2101 3361 2447 3433 impietatis,
2479 3361 2585 3433 qui
2614 3364 2671 3417 et
2723 3361 3113 3417 christianam
3160 3359 3345 3415 ﬁdem
3402 3374 3559 3432 pene

1891 3452 2275 3526 reliquerant,
2331 3454 2387 3506 et
2442 3450 2555 3505 sibi
2613 3449 2859 3522 suisque
2904 3449 3186 3505 ﬁdelibus
3244 3452 3559 3521 tantopere

1893 3541 2268 3610 obstiterant,
2322 3539 2423 3595 140
2453 3538 2665 3611 capitis
2706 3538 3122 3611 amputatione
3153 3537 3455 3610 plecteret,
3495 3536 3560 3592 l4

1892 3629 2162 3703 patibulo
2192 3628 2498 3701 penderet,
2532 3627 2883 3684 innumeros
2912 3626 3335 3683 membrorum
3354 3625 3562 3697 praeci-

1893 3719 2057 3775 sione
2085 3718 2311 3774 debiles
2358 3716 2655 3783 redderet,
2712 3716 3071 3789 nullumque
3102 3714 3219 3770 sibi
3253 3714 3551 3770 ullatenus

1891 3802 2296 3878 refragantbm
2316 3806 2692 3878 relinqueret.
2728 3805 2958 3861 Interea
3010 3801 3442 3859 Beneventanis
3472 3802 3559 3857 in-

1892 3903 1981 3954 ter
2010 3913 2072 3953 se
2122 3894 2578 3962 dissidentibus,
2640 3893 2951 3951 Sarraceni
3000 3892 3079 3948 ab
3109 3891 3305 3948 Africa
3336 3891 3415 3947 ab
3473 3890 3556 3947 eis

1890 3985 2141 4053 invitati,
2173 3985 2371 4057 primo
2400 3982 2648 4055 quidem
2699 3981 3103 4051 auxiliatores,
3163 3980 3556 4054 postmodum

1890 4093 2033 4134 vero
2063 4074 2303 4131 violenti
2348 4074 2734 4141 insecutores,
2786 4071 3080 4144 plurimas
3133 4071 3444 4127 civitatum
3495 4069 3558 4125 vi

1891 4166 2182 4223 obtinent.
2219 4163 2464 4221 Carolus
2493 4178 2701 4218 mense
2749 4161 2987 4219 Octobri
3039 4161 3118 4218 ab
3149 4160 3298 4217 urbe
3342 4159 3557 4217 Medio-

1891 4256 2279 4312 matricorum
2325 4254 2621 4325 Vangium
2678 4252 3005 4325 profectus,
3049 4250 3403 4308 Hludowico
3441 4249 3557 4306 fra-

1891 4346 1963 4402 tri
1994 4344 2396 4413 coniungitur.
2456 4343 2687 4410 Quibus
2743 4342 2891 4399 inibi
2942 4343 3169 4399 diutius
3228 4342 3558 4398 immoran-

114 4429 392 4487 mercede
451 4430 786 4501 conductis,
845 4445 953 4502 per
1010 4424 1403 4487 contubernia
1467 4432 1776 4488 turmatim
1817 4473 1861 4529 ο
1893 4436 2074 4505 tibus,
2107 4438 2163 4490 et
2192 4433 2389 4489 missis
2422 4433 2757 4491 alternatim
2781 4432 2861 4488 ad
2888 4432 3233 4488 Lotharium
3272 4430 3557 4486 intercur-

115 4519 508 4576 deserebatur
538 4522 581 4584 δ,
624 4534 732 4592 per
763 4518 1102 4575 Catalaunis
1133 4519 1392 4591 fugiens,
1426 4520 1590 4593 apud
1642 4525 1776 4578 Tre-

114 4625 219 4666 cas
251 4608 523 4681 paschali
553 4608 927 4664 solemuitate
955 4613 1219 4682 peracta,
1272 4609 1631 4680 Lugdunum
1674 4628 1779 4684 pe-

114 4699 223 4754 tiit.
299 4697 683 4754 Hludowicus
737 4713 924 4770 penes
981 4698 1291 4755 Coloniam
1362 4701 1777 4774 Agrippinam,

115 4786 364 4844 Carolus
392 4786 455 4842 in
509 4787 841 4843 Heristallio
883 4786 1107 4860 palatio
1167 4787 1446 4845 eamdem
1503 4790 1782 4849 festivita-

1890 4525 2162 4582 rentibus
2194 4539 2265 4580 ac
2295 4524 2369 4579 de
2408 4523 2577 4594 regni
2605 4521 2985 4594 portionibus
3015 4520 3275 4576 multum
3330 4518 3556 4589 diuque

1890 4613 2392 4678 consultantibus,
2454 4611 2699 4669 tandem
2752 4610 3068 4666 inventum
3122 4612 3230 4675 est,
3271 4611 3339 4663 ut
3388 4600 3559 4661 missi

1888 4702 2139 4762 trecitini
2197 4702 2214 4738 ¹
2259 4718 2370 4775 per
2424 4701 2775 4756 universum
2832 4715 2956 4754 suae
3017 4696 3260 4754 ditionis
3298 4709 3557 4767 regnum

1889 4793 2309 4863 deligerentur,
2367 4806 2630 4863 quorum
2675 4787 2971 4846 industria
3027 4785 3366 4858 diligentior
3422 4784 3574 4841 des-

1410 4910 1803 4969 VARIANTES
1866 4909 2270 4969 LECTIONES.

190 4994 206 5027 ¹
243 4993 388 5067 Quo“
426 4991 768 5067 [ligentiaco
815 4992 923 5067 Ch.
1003 4995 1033 5067 *_
1056 4998 1112 5067 et
1168 4993 1440 5051 eiusdem
1475 4997 1584 5055 Ch.
1663 5001 1685 5034 ³
1725 5000 1883 5057 deest
1946 4998 2054 5054 Ch.
2136 4998 2154 5031 ⁵
2185 4998 2273 5053 ita
2304 4996 2635 5067 emendavi,
2700 4995 2803 5050 Ch.
2838 5000 2892 5050 et
2942 4995 3017 5051 Β.
3043 4991 3432 5067 deferebatur
3481 4993 3560 5049 le-

111 5068 290 5135 gunt.
369 5063 667 5137 “fratrem
691 5065 803 5137 Ch.
882 5066 905 5101 ⁸
934 5064 1039 5137 qui
1064 5066 1092 5121 ?
1168 5067 1187 5100 τ
1213 5067 1535 5137 negocium
1570 5070 1680 5127 Ch.
1760 5073 1780 5106 ⁸
1811 5072 2028 5128 iterum
2066 5068 2384 5125 convenire
2430 5069 2525 5124 vel
2572 5063 2746 5124 aliud
2790 5066 3260 5137 ez’usmodigante
3287 5063 3560 5137 decreve-

113 5138 259 5215 runt
281 5136 573 5215 cecidisse
602 5136 861 5215 videtur,
900 5211 908 5215 Δ
941 5135 974 5171 ⁹“
994 5135 1405 5215 quentovieus
1428 5139 1539 5195 Ch.
1612 5142 1657 5176 ¹⁰
1689 5143 1891 5215 precio
1917 5141 2026 5200 Ch.
2108 5143 2149 5175 ¹¹
2184 5142 2268 5196 sic
2291 5141 2604 5211 legendum
2634 5154 2875 5206 censeo;
2912 5138 3021 5194 Ch.
3056 5135 3411 5193 obsistentes
3440 5135 3553 5203 sui,

116 5211 301 5279 atque
341 5209 584 5274 terrore,
614 5209 689 5263 Β.
720 5206 1087 5264 obsistentes
1121 5209 1369 5283 suisque
1392 5214 1636 5268 terrore.

1718 5312 1947 5368 NOTIE.

188 5403 215 5429 ⁸
243 5392 449 5476 Abbas
512 5393 740 5477 Lebeuf
788 5395 1106 5453 Alsensem
1163 5401 1338 5523 Butat
1388 5414 1621 5471 pagum
1663 5417 1792 5458 esse
1903 5400 1992 5457 rio
2021 5400 2212 5456 sancti
2237 5399 2471 5470 Judoci,
2496 5401 2559 5456 in
2580 5394 3261 5463 Ambianensidioecesi;
3293 5392 3392 5450 alii
3416 5408 3559 5450 vero

188 5466 345 5521 tzozs
383 5465 635 5523 dictum.
660 5471 813 5523 inter
839 5469 1056 5523 Trecas
1084 5472 1140 5523 et
1208 5486 1412 5523 arrum
1440 5470 1519 5523 ad
1550 5472 1786 5523 Albam.
1900 5472 2102 5523 insum
2131 5487 2262 5523 esse
2294 5472 2485 5523 sancti
2507 5474 2532 5523 J
2541 5470 2723 5523 udoci-
2738 5469 3171 5523 monasterium
3192 5465 3555 5523 existimant.

122 5465 345 5522 l’Azois
383 5465 635 5537 dictum,
660 5466 813 5524 inter
839 5469 1056 5525 Trecas
1084 5472 1140 5525 et

120 5540 403 5600 Bououzr.

192 5609 221 5648 ιι
250 5610 480 5680 Sinzz'g.

196 5688 221 5757 °_
247 5679 681 5757 CLUEginhardi
714 5681 1155 5757 Vitam_Caroli,
1188 5701 1320 5757 cap.
1359 5690 1444 5743 33.

1208 5470 1412 5527 arruni
1440 5470 1519 5527 ad
1550 5472 1786 5529 Albam.

154 5822 163 5831 ἢ
197 5749 225 5790 ά
254 5749 605 5832 Alii‘putant
633 5749 1297 5832 Quantovicumlocum
1327 5773 1456 5814 esse
1484 5757 1565 5815 ad
1596 5760 1792 5824 Quan-

122 5824 277 5881 tiam
311 5824 515 5893 situm,
542 5838 669 5883 non
696 5824 875 5898 longe
902 5842 939 5887 a
971 5826 1249 5896 Stabulis,
1282 5833 1385 5887 aut
1423 5845 1460 5888 a
1490 5834 1791 5889 monaste-
1828 5907 1839 5919 θ

1900 5472 2103 5528 ipsum
2131 5487 2262 5527 esse
2294 5465 2485 5527 sancti
2507 5474 2532 5527 J
2541 5470 2723 5527 udoci-
2738 5469 3171 5526 monasterium
3192 5465 3555 5523 existimant.

1903 5489 1919 5528 1
1968 5488 2103 5527 sum
2131 5488 2262 5527 esse
2294 5488 2485 5527 sancu
2507 5488 3171 5527 Juaocrmonasrerium
3192 5488 3555 5523 emsumuul.

1903 5488 2207 5608 ({uatovici
2240 5543 2474 5599 cladem
2504 5543 2564 5598 in
2595 5558 2825 5600 annum
2847 5543 2952 5597 844
3000 5539 3192 5612 rejicit
3220 5536 3559 5593 Chronicon

1900 5615 2377 5671 Fontanellense.
2420 5617 2590 5679 Bouo.

1901 5695 1995 5815 BO-
2021 5687 2087 5742 Id
2119 5691 2207 5743 est
2226 5685 2550 5744 Theodorae
2565 5688 2851 5757 Augustae
2878 5688 2936 5745 et
2961 5681 3257 5743 Michaelis
3278 5680 3408 5762 ejus
3427 5679 3554 5742 ﬁlii.

1986 5774 2075 5823 uo.

1983 5802 2014 5865 ἶ
2126 5834 2214 5889 est
2248 5830 2475 5889 triceni.
