3950 6400
403 275 539 332 i395

1492 277 1546 330 S.
1591 274 1969 332 PRUDENTII
2007 269 2400 329 TmKNSIS
2441 269 2750 326 EPISCOPI

3710 267 3846 324 1391

395 399 606 472 criptio
626 398 813 466 ﬁeret,
848 399 1016 456 cuius
1041 398 1188 455 serie
1213 399 1390 456 trium
1428 399 1682 458 fratrum
1710 401 2057 475 aequissima
2093 400 2142 454 Α
2171 397 2250 454 ad
2280 396 2538 452 invicem
2571 395 3022 459 Beneventanis,
3056 393 3156 450 Dei
3181 392 3404 450 auxilio
3433 391 3510 448 de
3557 389 3682 448 illis
3716 406 3846 464 par-

395 506 722 561 regnorum
745 489 957 545 divisio
988 490 1471 558 irrefragabiliter
1521 496 1742 548 statuto
1791 498 2058 564 tempore

393 582 732 657 patraretur
762 597 777 635 :
811 578 1036 653 quibus
1093 579 1426 650 destinatis,
1487 580 1870 639 llludowicus
1925 584 2060 639 Ger-

396 668 668 726 maniam
725 667 993 741 repedat,
1055 669 1371 728 Lotharius
1417 671 1798 728 medioximis
1841 673 1858 707 ί
1891 670 2060 740 regni

401 761 769 818 Francorum
794 755 1154 814 immoratur
1185 777 1199 827 ;
1235 758 1482 815 Carolus
1510 759 1874 817 Carisiacum
1895 759 2062 832 pala-

396 846 546 904 tium
629 845 892 914 veniens,
985 847 1381 915 Ermendrud,
1468 853 1712 920 neptem
1775 848 2060 906 Adalardi

397 935 651 1002 comitis,
694 951 945 992 uxorem
974 935 1161 1003 ducit,
1193 941 1374 1009 atque
1397 943 1729 1007 Augustam
1747 939 2060 994 Viroman-

395 1022 638 1091 dorum,
693 1024 776 1080 ad
831 1025 1192 1082 memoriam
1251 1025 1523 1082 videlicet
1578 1026 1739 1082 beati
1795 1026 2061 1093 Quintini

398 1113 700 1186 martyris,
732 1112 1059 1170 nativitatis
1090 1113 1326 1170 Domini
1347 1119 1408 1172 et
1425 1115 1819 1188 apparitionis
1842 1115 2059 1172 festum

396 1201 831 1268 celebraturns,
878 1202 1298 1276 proﬁciscitur.
1332 1204 1487 1260 Inter
1529 1205 1659 1261 haec
1690 1209 2092 1276 terrtemotus,

395 1291 459 1350 in
485 1291 870 1350 inferioribus
900 1292 1102 1349 Gallias
1132 1292 1327 1350 factus
1355 1298 1462 1351 est.

1054 1398 1416 1456 DCCCXLIII.

468 1468 781 1530 Lotharius
809 1473 867 1527 et
895 1468 1284 1526 Hludowicus
1314 1471 1470 1528 intra
1527 1470 1680 1530 ﬁnes
1737 1487 2058 1540 regnorum

399 1573 651 1616 suorum
695 1573 827 1616 sese
859 1557 1224 1628 cohibentes,
1257 1560 1505 1632 paciﬁca
1533 1559 1763 1629 degunt
1817 1561 2064 1618 Carolus

399 1646 786 1721 Aquitaniam
829 1652 1208 1722 pervagatur.
1244 1650 1374 1716 Quo
1405 1649 1522 1706 illic
1573 1650 1917 1722 constituto,
1949 1653 2062 1707 No-

2171 487 2332 544 tibus
2367 485 2676 543 Sarraceni
2703 485 2939 558 expulsi
2970 488 3131 540 sunt.

2810 627 3168 686 DCCCXLIV.

2239 753 2443 810 Hiems
2469 751 2826 809 mollissima
2857 768 3047 824 usque
3076 751 3156 808 ad
3195 749 3490 808 Calenaas
3515 752 3538 784 ‘
3573 749 3844 807 Februa-

2167 843 2234 900 rii
2264 843 2534 915 quadam
2565 842 2848 915 temperie
2878 840 3243 907 modiﬁcata,
3285 839 3628 895 Bernardus
3664 839 3705 907 τ,
3743 855 3841 895 co-

2170 949 2297 989 mes
2371 949 2592 990 marcas
2679 933 3045 1004 Hispanicae,
3129 929 3492 986 iamdudum
3575 929 3843 997 grandia

2169 1022 2421 1078 moliens
2479 1024 2499 1058 ⁵
2553 1023 2932 1094 summisque
2986 1020 3252 1087 inhians,
3307 1018 3637 1076 maiestatis
3700 1035 3842 1073 reus

2167 1111 2538 1168 Francorum
2569 1111 2788 1167 iudicio
2815 1110 2986 1168 iussu
3019 1107 3206 1166 Caroli
3236 1108 3299 1165 in
3325 1107 3651 1181 Aquitania
3675 1107 3844 1179 capi-

2169 1201 2350 1256 talem
2381 1200 2737 1256 sententiam
2780 1199 2979 1255 subiit.
3031 1198 3369 1269 Gregorius,
3417 1200 3712 1253 Romana
3741 1199 3842 1252 Bc-

2170 1291 2366 1347 clesim
2396 1291 2683 1363 pontifex,
2708 1289 2985 1359 decessit,
3012 1288 3107 1344 cui
3126 1288 3369 1358 Sergius
3396 1287 3756 1355 succedens,
3783 1287 3840 1341 in

2171 1381 2387 1438 eadem
2434 1381 2573 1436 sede
2627 1379 3022 1436 substituitur.
3056 1381 3188 1446 Quo
3217 1379 3280 1434 in
3323 1377 3464 1434 sede
3495 1376 3839 1449 apostolica

2171 1470 2466 1537 ordinato,
2502 1469 2810 1526 Lotharius
2840 1469 3032 1526 tilium
3061 1485 3243 1524 suum
3273 1466 3698 1524 Hludowicum
3730 1469 3840 1523 Ro-

2171 1577 2339 1617 mam
2369 1577 2511 1616 cum
2533 1562 2830 1628 Drogone,
2884 1558 3466 1616 Mediomatricorum
3520 1556 3836 1629 episcopo,

2173 1649 2391 1719 dirigit,
2421 1654 2681 1713 acturos,
2709 1665 2784 1705 ne
2807 1649 3092 1721 deinceps
3122 1647 3450 1704 decedente
3498 1645 3836 1718 apostolico

399 1736 719 1808 menogius
748 1737 929 1794 Britto
962 1741 1018 1794 et
1045 1739 1419 1804 Lantbertus,
1453 1738 1557 1811 qui
1583 1754 1780 1811 nuper
1807 1739 1888 1796 ab
1931 1739 2063 1797 eius
2101 1757 2144 1813 Β
2173 1738 2498 1812 quisquam
2517 1738 2634 1794 illic
2663 1744 2879 1811 praeter
2904 1738 2997 1793 sui
3024 1737 3359 1793 iussionem
3384 1735 3836 1807 minorumque

397 1825 680 1884 ﬁdelitate
733 1826 1100 1899 defecerant,
1179 1827 1560 1896 Rainaldum,
1631 1832 2063 1886 Namnetorum

397 1913 636 1978 ducem,
665 1914 1051 1983 interﬁciunt,
1085 1915 1426 1989 complures
1456 1917 1722 1990 capiunt.
1749 1920 2065 1988 Emergen—

396 2004 558 2062 tibus
586 2005 767 2074 igitur
794 2005 936 2062 hinc
963 2005 1105 2063 inde
1165 2011 1249 2064 tot
1280 2007 1578 2080 tantisque
1633 2007 2064 2065 incessabiliter

397 2093 594 2164 malis,
625 2098 898 2152 vastante
928 2094 1157 2168 passim
1179 2100 1398 2152 cuncta
1422 2101 1685 2170 raptore,
1710 2098 1900 2154 coacti
1922 2103 2065 2155 sunt

398 2199 508 2258 per
535 2183 728 2242 multa
759 2184 940 2246 totius
990 2184 1188 2243 Galliae
1240 2185 1375 2242 loca
1399 2185 1676 2243 homines
1719 2191 1885 2244 terrae
1919 2188 2068 2244 mix-

398 2276 525 2332 tam
565 2272 933 2347 paucitatem
988 2272 1196 2330 iarinze
1250 2280 1434 2348 atque
1480 2275 1542 2332 in
1571 2275 1748 2348 panis
1799 2277 2062 2348 speciem

401 2361 716 2419 redactam
775 2363 1110 2427 comedere,
1168 2369 1416 2439 eratque
1473 2365 1864 2437 lacrimabile,
1936 2367 2062 2424 imo

401 2449 736 2508 execrabile
787 2450 1046 2508 nimium
1102 2451 1354 2523 facinus,
1386 2469 1528 2511 cum
1558 2453 1829 2512 iumenta
1856 2459 2060 2528 rapto-

399 2555 537 2598 rum
568 2539 806 2614 pabulis
831 2540 1232 2610 abundarent,
1263 2547 1320 2599 et
1348 2542 1627 2599 homines
1659 2543 1850 2616 ipsius
1884 2549 2061 2602 terre-

399 2645 494 2686 nas
525 2629 912 2690 admixtionis
933 2631 1210 2688 crustulis
1233 2631 1590 2702 indigerent.
1613 2633 1819 2690 Piratze
1839 2643 1862 2669 κ
1884 2635 2065 2691 Nord-

399 2734 768 2778 marmorum
785 2719 999 2778 urbem
1015 2724 1374 2778 Namnetum
1395 2723 1416 2756 ³
1435 2722 1725 2792 adgressi,
1741 2723 2062 2780 interiectis

399 2809 687 2884 episcopo
713 2814 771 2866 et
798 2810 998 2868 multis
1024 2810 1375 2870 clericorum
1402 2816 1583 2884 atque
1632 2811 1927 2870 laicorum
1971 2830 2062 2870 se-

397 2914 634 2974 xusque
663 2899 1011 2973 promiscui,
1065 2901 1418 2974 depraadata
1475 2901 1726 2969 civitate,
1765 2901 2062 2959 inferioris

399 2988 733 3060 Aquitaniae
759 2994 957 3060 partes
988 2989 1348 3064 depopulari
1378 2990 1778 3060 adoriuntur;
1810 2992 1890 3048 ad
1922 3008 2062 3064 pos-

397 3081 659 3136 tremum
707 3077 971 3136 insulam
1016 3079 1705 3153 quamdambiugressi,
1759 3082 2062 3140 convectis
2101 3121 2142 3176 ο

397 3183 434 3226 a
481 3166 805 3226 continenti
853 3167 1160 3238 domibus,
1228 3169 1497 3228 hiemare
1555 3169 1715 3228 velut
1759 3171 2064 3244 perpetuis

397 3258 643 3316 sedibus
667 3262 1024 3316 statuerunt.
1045 3259 1292 3315 Carolus
1313 3259 1393 3316 ad
1415 3259 1758 3317 condictum
1779 3261 2063 3318 fratribus

395 3347 647 3404 obvians
677 3362 862 3420 penes
911 3347 1284 3404 Virodunum
1341 3349 1758 3419 coniungitur;
1799 3350 1902 3406 ubi
1935 3351 2061 3406 dis-

395 3434 630 3492 tributis
680 3434 1079 3510 portionibus,
1131 3435 1514 3492 Hludowicus
1570 3437 1726 3495 ultra
1785 3439 2061 3497 Rhenum

397 3523 624 3593 omnia,
657 3523 805 3582 citra
825 3523 1105 3582 Rhenum
1135 3541 1278 3582 vero
1307 3529 1640 3595 Nemetum,
1673 3528 1976 3598 Vangium
2005 3535 2063 3588 et

397 3613 764 3682 Moguntiam
787 3611 1056 3669 civitates
1075 3629 1390 3686 pagosque
1416 3615 1662 3672 sortitus
1685 3621 1774 3673 est
1798 3635 1811 3684 ;
1846 3618 2060 3676 Letha-

396 3703 524 3760 rius
564 3701 719 3760 inter
746 3702 1019 3760 Rhenum
1066 3708 1124 3762 et
1152 3703 1425 3762 Scaldem
1454 3703 1516 3759 in
1546 3721 1713 3760 mare
1743 3705 2062 3765 decurren-

397 3798 539 3861 tem,
573 3797 630 3848 et
659 3808 871 3848 rursus
902 3808 1010 3867 per
1063 3795 1578 3862 Cameracensem,
1620 3795 1959 3852 Hainnoum
1985 3807 2009 3836 °
2037 3799 2060 3834 ³

399 3885 757 3942 Lomensem
783 3880 830 3948 ἀ,
891 3882 1228 3940 Castritium
1258 3891 1302 3954 °,
1333 3888 1390 3938 et
1439 3899 1543 3940 eos
1590 3884 1908 3941 comitatus
1956 3887 2062 3959 qui

399 3973 573 4028 Mosae
622 3970 770 4028 citra
822 3971 1086 4042 contigui
1115 3971 1416 4030 habentur
1477 3990 1672 4046 usque
1703 3973 1784 4032 ad
1814 3980 2060 4036 Arareln

398 4059 646 4119 Rodano
700 4060 1076 4127 inﬂuentem,
1136 4067 1194 4120 et
1222 4079 1329 4135 per
1380 4062 1686 4119 deflexum
1729 4064 1962 4122 Rodani
1998 4067 2060 4123 in

397 4165 587 4220 mare,
609 4166 749 4208 cum
779 4150 1164 4209 comitatibus
1195 4151 1464 4209 similiter
1490 4153 1603 4209 sibi
1628 4153 1928 4226 utrimque
1958 4156 2061 4212 ad-

397 4238 804 4308 hzerentibus;
859 4243 1055 4298 cetera
1106 4256 1298 4313 usque
1331 4241 1408 4297 ad
1455 4241 1807 4314 Hispaniam
1849 4244 2058 4302 Carolo

399 4330 707 4384 cesserunt
732 4343 745 4386 :
766 4326 1058 4401 factisque
1084 4329 1494 4400 sacramentis,
1517 4331 1762 4388 tandem
1782 4333 2055 4390 altrinse-

402 4431 508 4476 cus
536 4420 626 4478 est
651 4415 1004 4478 discessum.
1033 4420 1116 4477 Ea
1146 4421 1519 4493 tempestate,
1550 4421 2056 4480 concordantibus

1692 4545 2082 4604 VARIANTES

2173 1843 2422 1884 suorum
2445 1828 2828 1900 praesentiam
2844 1827 3150 1884 ordinetur
3171 1825 3551 1891 antistes.0ui
3575 1827 3835 1880 Romam

2171 1917 2495 1984 venientes,
2519 1916 2846 1973 honoriﬁce
2871 1915 3134 1988 suscepti
3162 1919 3321 1982 sunt,
3348 1917 3716 1987 peractoq::e
3736 1927 3838 1968 ne-

2173 2006 2355 2076 gotio,
2387 2005 2803 2062 llludowicum
2824 2005 3091 2078 pontifex
3123 2006 3434 2060 Romanus
3461 1995 3746 2059 unctione
3774 2002 3837 2058 in

2170 2111 2373 2165 regem
2404 2099 2824 2152 consecratum
2853 2095 3094 2165 cingulo
3113 2090 3457 2161 decoravit;
3491 2095 3836 2161 Drogonem

2170 2199 2314 2242 vero
2340 2185 2693 2258 episcopum
2714 2186 2806 2240 sui
2827 2185 3118 2241 vicarium
3145 2183 3469 2241 Galliarum
3492 2181 3838 2238 Germania-

2170 2290 2429 2346 rumque
2457 2274 2731 2347 partibus
2758 2273 3119 2344 designavit.
3153 2271 3502 2342 Siginulfus,
3534 2272 3837 2327 Beneven-

2173 2366 2450 2426 tanorum
2481 2363 2628 2433 dux,
2673 2363 2752 2421 ad
2783 2364 3130 2420 Lotharium
3183 2379 3324 2419 cum
3365 2361 3490 2418 suis
3542 2360 3833 2418 omnibus

2173 2452 2266 2508 sui
2294 2452 2658 2510 deditionem
2686 2453 2932 2522 faciens,
2964 2457 3206 2509 centum
3243 2451 3478 2508 milium
3506 2465 3836 2506 aureorum

2172 2542 2398 2598 mulcta
2420 2560 2550 2600 sese
2577 2543 2693 2614 ipsi
2719 2543 2854 2599 fecit
2883 2543 3216 2599 obnoxium
3241 2561 3255 2611 ;
3286 2541 3510 2615 quibus
3541 2543 3838 2596 Beneven~

2173 2633 2316 2698 tant,
2347 2632 2454 2703 qui
2484 2632 2720 2704 pridem
2750 2632 2899 2688 alias
2928 2632 3082 2688 versi
3109 2631 3366 2699 fuerant,
3388 2628 3734 2703 compertis,
3755 2629 3837 2684 ad

2173 2720 2456 2777 eumdem
2487 2721 2845 2790 Siginulfum
2867 2737 2998 2776 sese
3017 2725 3450 2791 convcrtentes,
3477 2721 3837 2776 Sarraceno-

2172 2825 2309 2866 rum
2339 2811 2620 2884 reliquias
2651 2827 2687 2868 a
2717 2811 2840 2866 suis
2869 2811 3093 2867 ﬁnibus
3131 2810 3424 2884 expellere
3481 2807 3834 2865 moliuntur.

2175 2899 2525 2956 Lantbertus
2573 2917 2712 2958 cum
2759 2900 3097 2956 Britonibus
3124 2900 3425 2973 quosdam
3461 2897 3653 2954 Caroli
3678 2912 3839 2953 mar-

2172 2988 2425 3046 kionum
2452 2990 2759 3047 Meduana:
2782 3000 2806 3035 8
2828 2995 3010 3063 ponte
3038 2990 3395 3062 interceptos
3422 2987 3674 3062 perimit.
3705 2987 3838 3058 Pip-

2171 3079 2375 3151 pinus,
2407 3079 2644 3152 Pippini
2669 3080 2985 3152 quondam
3003 3079 3162 3150 regis
3194 3079 3371 3149 ﬁlius,
3403 3077 3735 3134 exercitui‘
3759 3091 3837 3132 ex

2173 3168 2422 3225 Francia
2447 3168 2527 3224 ad
2557 3168 2839 3226 Carolum
2869 3168 3146 3225 Tolosam
3187 3168 3483 3224 civitatem
3514 3165 3834 3222 obsidione

2171 3257 2494 3315 vallantem
2555 3258 2899 3331 properanti
2953 3258 3016 3314 in
3043 3274 3202 3330 pago
3265 3257 3590 3315 Ecolesimo
3630 3270 3836 3312 occut~

2171 3363 2330 3415 rens,
2363 3347 2447 3404 ita
2472 3347 2639 3404 brevi
2664 3353 2722 3404 et
2747 3348 2978 3420 absque
3017 3364 3267 3405 suorum
3315 3363 3461 3404 casu
3490 3343 3834 3420 proﬂigavit

2172 3441 2237 3493 ut
2262 3437 2628 3509 primoribus
2645 3435 2985 3502 interfectis,
3013 3442 3240 3494 ceteros
3262 3438 3472 3508 fugam
3495 3436 3676 3491 etiam
3693 3437 3832 3490 ante

2171 3541 2564 3594 congressum
2590 3526 2885 3596 ineuntes,
2915 3526 3016 3582 vix
3039 3527 3251 3599 paucis
3282 3524 3698 3592 evadentibus,
3727 3525 3833 3579 aut

2172 3620 2430 3686 caperet,
2453 3619 2557 3671 aut
2575 3615 2862 3687 spoliatos
2885 3621 3384 3690 sacramentoque
3411 3615 3726 3672 adstrictos
3752 3613 3831 3670 ad

2170 3703 2417 3776 propria
2473 3704 2664 3760 redire
2720 3705 3103 3776 permitteret.
3165 3708 3295 3771 Qua
3343 3705 3655 3778 inopinata
3697 3717 3832 3759 con-

2172 3794 2476 3863 gressione
2508 3797 2696 3861 Hugo,
2722 3794 3037 3866 presbyter
3064 3800 3121 3850 et
3151 3795 3342 3851 abbas
3367 3797 3415 3864 ιι,
3447 3795 3608 3850 ﬁlius
3642 3793 3829 3851 Caroli

2171 3881 2365 3952 Magni
2407 3881 2721 3954 quondam
2749 3883 3131 3954 imperatoris
3180 3887 3237 3940 et
3273 3885 3454 3940 frater
3511 3880 3829 3939 Hludowici

2170 3971 2375 4028 itidem
2433 3971 2809 4044 imperatoris
2859 3976 3235 4044 patruusque
3285 3973 3544 4029 Lotharii
3594 3971 3826 4030 Lodoici

2170 4066 2226 4118 et
2288 4061 2480 4119 Caroli
2532 4076 2763 4130 regum,
2817 4076 3054 4117 necnon
3110 4062 3398 4118 Richboto
3447 4061 3642 4118 abbas
3680 4063 3716 4128 ί,
3771 4064 3828 4116 et

2168 4153 2298 4226 ipse
2330 4151 2727 4210 consobrinus
2778 4168 3012 4222 regum,
3071 4168 3260 4224 nepos
3308 4153 3584 4209 videlicet
3641 4150 3826 4207 Caroli

2167 4243 2546 4316 imperatoris
2575 4257 2646 4298 ex
2677 4242 2818 4312 tilia,
2854 4241 3159 4298 Eckardus
3187 4259 3430 4316 quoque
3460 4247 3516 4299 et
3554 4245 3828 4298 Ravanus

2167 4334 2418 4390 comites
2474 4349 2636 4411 cum.
2671 4332 2802 4389 aliis
2836 4332 3110 4405 pluribus
3149 4333 3475 4402 interfecti;
3508 4331 3664 4405 capti
3693 4343 3828 4386 vero

2165 4423 2480 4486 Ebroinus,
2509 4423 2888 4479 Pictavorum
2919 4423 3263 4496 episcopus,
3296 4422 3680 4495 Ragenarius,
3731 4421 3831 4476 Sa‘

2146 4548 2544 4605 LECTIONES.

474 4659 492 4692 ¹
526 4658 934 4734 Πιθᾱὶριςιιιιιιε
971 4660 1080 4720 Ch.
1160 4663 1182 4698 ί
1213 4660 1546 4720 nannetum
1590 4661 1700 4720 Ch.
1780 4663 1802 4698 ³
1830 4663 2186 4734 hainnaum,
2214 4664 2488 4723 ioemsem
2521 4665 2630 4723 Ch.
2711 4667 2730 4700 ⁴
2762 4665 3054 4726 kalendas
3081 4666 3190 4724 Ch.
3269 4667 3290 4702 ⁸
3320 4663 3594 4724 molliens
3621 4665 3728 4724 Ch.
3803 4669 3827 4705 ο

401 4730 663 4789 exercitu
690 4731 801 4788 Ch.

2022 4835 2252 4893 ΝΟΤᾸΕ.

474 4965 499 4991 ι
530 4955 596 5011 In
645 4957 938 5017 Chronico
997 4958 1072 5017 de
1104 4961 1593 5017 Normannorum
1631 4960 1814 5033 gestis
1845 4961 2060 5020 exscri-
2090 4962 2132 5018 D
2177 4963 2502 5037 Benedict.,
2533 4967 2711 5037 part._
2742 4981 2781 5037 ι,
2815 4979 2957 5036 pag.
3014 4968 3139 5033 750,
3200 4963 3522 5037 publicato.
3580 4963 3663 5017 Ex
3703 4974 3825 5035 quo

402 5031 596 5102 ptum.

471 5099 501 5140 δ
527 5098 676 5156 L’ile
707 5100 780 5157 de
809 5101 956 5158 Rhé.

471 5175 491 5203 ‘
513 5171 867 5242 Hennegau.

474 5242 501 5284 ἀ
529 5243 856 5325 Comitatus
914 5245 1364 5325 Namurcensis,
1397 5249 1453 5302 et
1504 5261 1650 5317 pars
1681 5246 2064 5320 episcopatus

404 5313 747 5372 Leodiensis
773 5315 924 5370 inter
951 5314 1153 5370 Sabim
1179 5322 1235 5371 et
1277 5313 1526 5373 Musam:

475 5397 504 5468 ξ
527 5386 618 5468 Ad
643 5385 1117 5468 i_1_uv.ios_Mpsam
1145 5391 1473 5468 cibariam,
1496 5389 1558 5444 in
1583 5391 2060 5468 quoDonchery.

403 5456 619 5539 Yaiesii
649 5457 816 5515 Notit.
855 5456 1024 5539 Call.,
1053 5474 1112 5539 p_.
1176 5463 1294 5516 133.
1328 5456 1570 5539 Versus"
1599 5456 2062 5539 septentrionem

405 5531 584 5653 1εὲυὲ-
608 5545 797 5604 usque
826 5531 906 5587 ad
925 5531 1068 5604 pagi
1091 5532 1396 5588 Lomensis
1419 5531 1684 5588 conﬁnia
1705 5535 2064 5606 pertinuisse

405 5613 466 5652 vi
512 5615 542 5653 e
575 5615 662 5655 ur.

478 5669 498 5754 ξ
514 5674 580 5754 ‘ts
609 5669 766 5754 duos
798 5686 867 5754 ea
881 5674 1342 5754 uxore__Dodan_a
1364 5675 1606 5754 reliquit
1621 5676 1796 5754 filios,
1818 5681 1880 5734 ut
1911 5677 2064 5750 ipsa-

410 5742 534 5796 met
554 5743 802 5800 testatur
829 5743 891 5800 in
916 5760 1027 5802 suo
1058 5745 1314 5804 Manuali
1341 5762 1379 5804 a
1415 5742 1755 5805 Ma'billonio
1813 5742 1950 5806 saec:
1981 5764 2060 5807 iv.

2173 5034 2354 5107 etiam
2375 5033 2560 5107 liquet
2587 5033 2966 5103 Willelnium,
2999 5033 3285 5092 Bernardi
3313 5034 3502 5107 ﬁlium
3531 5038 3678 5107 natu
3706 5033 3826 5107 ma-

2169 5106 2386 5180 jorem,
2419 5106 2534 5164 hoc
2564 5123 2726 5164 anno
2740 5123 2969 5163 annum
2995 5108 3183 5164 aetatis
3219 5107 3282 5180 l8
3309 5106 3538 5180 egisse;
3569 5106 3664 5180 ait
3669 5106 3826 5180 enim

2174 5176 2426 5236 Dodana
2454 5195 2594 5235 eum
2621 5183 2831 5235 natum
2864 5196 2993 5235 esse
3019 5195 3180 5236 anno
3218 5179 3277 5236 l3
3312 5176 3593 5235 Ludovici
3634 5177 3738 5247 Pii,
3764 5193 3822 5233 ιιι

2174 5249 2577 5306 Kalendarum
2612 5250 3048 5316 Decembrium,
3104 5252 3219 5306 hoc
3272 5255 3360 5305 est
3400 5265 3561 5304 anno
3619 5249 3822 5306 Christi

2173 5324 2297 5394 82,6.
2332 5323 2651 5377 Willelmus
2682 5321 2867 5394 patris
2899 5327 3156 5378 mortem
3180 5320 3431 5389 ulturus,
3464 5320 3691 5394 Pippini
3721 5337 3820 5377 au-

2172 5393 2614 5467 xilio_’l‘olosam
2638 5392 2962 5467 intercepit,
2995 5409 3179 5467 quam
3222 5393 3421 5448 statim
3454 5392 3696 5448 Carolus
3725 5408 3819 5447 rex

2173 5464 2487 5522 obsidione
2521 5466 2720 5521 cinxit.
2757 5464 2927 5529 Bero.

2244 5546 2269 5581 ε
2294 5539 2611 5604 Mai/enm.

2244 5608 2269 5642 ¹ι
2304 5611 2498 5664 Sancti
2535 5609 2796 5673 Quintini
2823 5614 2877 5665 ct
2907 5610 3094 5665 sancti
3125 5608 3360 5664 Bertini.

2243 5679 2256 5714 ⁸
2299 5679 2691 5738 Centulensis.
