3950 6368
76 247 262 304 1397

1676 251 1768 305 ΛΝ
1775 251 1992 307 NALES
2001 291 2014 306 .

3418 258 3438 309 ί
3449 257 3554 312 398

66 372 532 430 marobrivae'.
583 371 1040 429 'Ambianorum
1089 372 1434 446 episcopus,
1484 377 1543 430 et
1597 374 1798 446 Lupus
1831 377 1876 430 A
1908 379 2138 447 septem
2170 375 2402 432 milium
2453 373 2744 433 librarum
2791 377 2874 433 eis
2921 376 3206 445 exhibito,
3252 393 3289 435 a
3335 393 3576 451 progre-

70 461 345 534 abbas,
391 479 459 519 ac
502 461 605 517 filii
635 462 887 517 Eckardi
919 462 1152 518 comitis
1202 462 1345 530 duo,
1388 463 1530 518 item
1584 464 1798 518 Lokar—

72 551 323 623 diusi,
373 552 718 609 Guntardus
765 556 820 608 et
876 551 1202 608 Bichuinus
1261 552 1533 624 comites,
1597 552 1797 622 Engil-

71 643 324 699 vvinus
354 644 556 711 etiam,
591 643 813 716 aliique
840 659 963 699 non
1003 642 1183 716 pauci
1213 643 1529 700 nobilium.
1581 646 1797 699 Nome-

73 733 348 802 nogius
381 733 556 789 Britto
589 733 801 788 eadem
834 736 1184 805 tempestate
1215 733 1368 788 fines
1402 733 1516 788 sibi
1548 732 1796 804 suisque

78 823 615 878 antecessoribus
673 821 1022 878 distributos
1075 823 1399 878 insolenter
1457 822 1792 892 egrediens,

79 915 553 969 Cenomannos
587 928 781 985 usque
821 916 1038 968 cuncta
1080 911 1258 980 longe
1307 911 1546 983 lateque
1595 927 1793 984 popu-

81 1001 333 1064 lando,
366 1002 609 1073 ignibus
659 1002 838 1057 etiam
887 1001 1149 1075 plurima
1190 1001 1540 1070 cremando,
1590 1018 1796 1074 perve-

79 1092 192 1147 nit
225 1109 242 1161 ;
282 1091 388 1147 ubi
417 1092 625 1148 audita
655 1091 1184 1147 Nordmannorum
1231 1091 1292 1146 in
1335 1091 1487 1146 fines
1537 1091 1667 1162 ejus
1715 1091 1795 1147 ir-

77 1183 424 1254 ruptione,
458 1181 650 1238 redire
682 1181 1033 1254 compulsus
1063 1186 1171 1237 est.

170 1271 602 1338 llludowicus,
629 1287 732 1326 rex
761 1271 1221 1341 Germanorum,
1269 1271 1528 1344 p0pulos
1557 1269 1795 1327 Sclavo-

79 1378 256 1416 rum
292 1365 350 1417 et
380 1365 564 1417 terras
597 1377 941 1432 aggressus,
985 1360 1287 1433 quosdam
1335 1362 1398 1416 in
1427 1361 1794 1418 deditionem

81 1450 304 1522 cepit,
328 1449 633 1522 quosdam
658 1449 966 1518 interfecit,
989 1465 1201 1504 omnes
1224 1465 1375 1521 pene
1399 1449 1635 1505 illarum
1661 1465 1795 1522 par-

85 1539 273 1596 tium
321 1537 566 1608 regulos
617 1537 730 1594 sibi
771 1541 874 1593 aut
903 1537 962 1593 vi
992 1542 1096 1593 aut
1126 1539 1315 1608 gratia
1356 1538 1612 1609 subegit.
1648 1542 1793 1595 Nor-

85 1629 361 1687 tmanni
384 1629 411 1668 b
441 1628 807 1684 Britanniam
840 1627 1122 1696 insulam,
1176 1645 1248 1685 ea
1300 1646 1490 1702 quam
1528 1629 1792 1686 maxime

1907 464 2129 520 diendo
2160 464 2548 538 compescuit,
2578 481 2647 521 ac
2681 465 2872 521 redire
2903 467 3218 540 persuasit.
3248 467 3576 525 Fulcradus

1907 569 2110 610 comes
2132 557 2188 609 et
2209 554 2384 609 ceteri
2408 553 2804 610 Provinciales
2827 553 2906 610 ab
2930 555 3204 615 Lethario
3220 556 3243 590 ³
3265 555 3576 630 deﬁciunt,

1908 642 2141 715 sibique
2196 647 2556 716 potestatem
2630 643 2837 714 totius,
2881 643 3207 701 Provinciae
3251 650 3574 720 usurpant.

1908 731 2437 789 Nordmannorum
2465 748 2571 788 rex
2604 734 2810 790 OI'ICUS
2831 741 2854 769 °
2884 736 3198 790 sexcentas
3237 750 3424 791 naves
3468 751 3576 809 per

1906 821 2105 877 Albim
2157 821 2408 878 ﬂuvium
2467 821 2529 878 in
2581 821 2964 879 Germaniam
3019 821 3313 880 adversus
3343 824 3574 883 Hludo-

1904 911 2127 968 vvicum
2154 911 2390 981 dirigit:
2424 910 2648 984 quibus
2681 913 2947 969 Saxones
2976 916 3382 980 occurrentes,
3414 929 3576 972 com-

1905 1001 2092 1056 misso
2123 1000 2350 1073 praelio,
2379 1001 2617 1057 Domini
2660 1001 2850 1058 nostri
2895 1002 3041 1058 Jesu
3087 1003 3300 1060 Christi
3349 1003 3577 1062 auxilio

1905 1091 2158 1146 victores
2201 1089 2585 1146 efﬁciuntur:
2643 1090 2821 1151 unde
2883 1090 3162 1163 digressi,
3227 1091 3579 1151 Sclavorum

1903 1179 2236 1252 quamdam
2270 1179 2570 1252 impetunt
2611 1183 2668 1235 et
2699 1179 2946 1252 capiunt
2971 1180 3291 1236 civitatem.
3325 1181 3345 1211 ‘
3368 1185 3578 1238 Fames

1903 1267 2108 1323 valida
2140 1267 2334 1324 Galliae
2365 1268 2649 1324 interiora
2696 1269 3019 1338 consumit,
3071 1269 3225 1326 adeo
3273 1273 3338 1327 ut
3383 1271 3578 1330 multa

1905 1359 2224 1415 hominum
2282 1358 2449 1415 milia
2515 1358 2730 1414 eadem
2786 1357 3190 1417 invalescente
3247 1359 3578 1435 absumpta

1906 1449 2041 1506 sint.
2084 1447 2330 1504 Carolus
2383 1463 2599 1518 agrum
2643 1447 3045 1517 Floriacum°,
3095 1448 3160 1504 in
3205 1465 3330 1523 quo
3382 1450 3579 1508 sancti

1904 1537 2204 1595 Benedicti
2256 1536 2694 1594 monasterium
2752 1537 3042 1606 consistit,
3102 1537 3424 1596 duodecim
3492 1539 3573 1596 ab

1904 1628 2364 1684 Aurelianorum
2392 1627 2539 1684 urbe
2566 1626 2784 1699 leugis,
2802 1626 3074 1697 veniens,
3098 1627 3423 1701 Pippinum
3448 1629 3576 1703 Pip-

85 1724 294 1794 parte
321 1734 510 1792 quam
540 1717 1006 1788 Angli-Saxones
1055 1717 1342 1786 incolunt,
1396 1718 1557 1775 bello
1605 1719 1793 1792 impe-
1821 1752 1865 1805 Β
1904 1717 2030 1805 pini
2059 1716 2251 1772 tilium
2285 1715 2554 1788 suscipit,
2604 1720 2661 1772 et
2688 1717 2942 1791 receptis
2968 1716 3046 1772 ab
3077 1733 3150 1774 eo
3179 1718 3576 1776 sacramentis

85 1812 335 1874 tentes,
369 1805 564 1862 triduo
594 1805 927 1878 pugnando
958 1805 1214 1862 victores
1261 1807 1472 1876 effecti,
1525 1807 1789 1879 praedas,

86 1897 390 1970 rapinas,
423 1911 596 1950 neces
628 1895 857 1968 passim
902 1895 1207 1964 facientes,
1257 1900 1411 1951 terra
1459 1911 1570 1968 pro
1620 1895 1791 1952 libitu

85 1986 451 2060 potiuntur.
495 1987 722 2040 Interea
768 1983 1036 2053 fratrum,
1090 1982 1150 2038 id
1200 1990 1292 2040 est
1342 1983 1620 2054 Lotharii,
1660 1983 1792 2038 lllu-

88 2075 340 2132 dowici
370 2077 426 2130 et
456 2072 670 2137 Caroli,
719 2073 1059 2128 alternatim
1091 2071 1350 2128 fraterno
1382 2072 1601 2129 affectu
1631 2071 1793 2143 lega-

90 2167 174 2222 tis
248 2162 650 2220 multifariam
708 2161 1210 2234 discurrentibus,
1287 2178 1493 2218 mense
1550 2161 1790 2218 Octobri

87 2253 300 2310 iidem
333 2268 520 2325 penes
542 2251 879 2307 Theodonis
912 2251 1115 2307 villam
1148 2251 1533 2322 conveniunt,
1558 2249 1790 2307 habito-

89 2357 225 2415 que
292 2339 513 2396 diebus
567 2339 796 2413 aliquot
851 2339 1153 2396 amicabili
1214 2339 1789 2412 pernecessarioque

93 2429 468 2503 conloquio,
493 2429 646 2485 inter
675 2446 739 2485 se
771 2428 1151 2485 fraternitatis
1182 2434 1238 2484 et
1268 2429 1530 2484 caritatis
1558 2429 1698 2500 jura
1727 2427 1787 2486 in

93 2524 433 2593 posterum
446 2533 571 2573 non
589 2516 874 2574 violanda
894 2516 1276 2573 confirmant.
1299 2519 1520 2574 Omnes
1541 2532 1788 2590 quoque

94 2607 565 2665 discordiarum
592 2610 818 2663 satores
845 2609 1130 2663 cauturos
1165 2605 1475 2663 sollicitius
1516 2621 1786 2662 exsecra-

98 2704 432 2770 turosque,
481 2701 538 2752 et
586 2701 808 2753 statum
866 2695 1278 2763 ecclesiarum,
1329 2694 1785 2751 imminentibus

96 2786 578 2844 necessitatibus
627 2785 958 2842 foedissime
1007 2785 1187 2841 rebus
1243 2784 1660 2853 dilaceratum,
1715 2799 1786 2841 ac

98 2876 399 2951 personis
425 2875 628 2932 minus
661 2875 962 2944 congruis,
995 2874 1057 2929 id
1087 2878 1174 2930 est
1199 2873 1386 2939 laicis,
1433 2873 1613 2944 vulgo
1642 2890 1786 2930 con-

98 2969 431 3035 traditum,
464 2966 976 3034 redintegraturos
1025 2981 1153 3021 sese
1193 2965 1568 3038 promittunt.
1622 2963 1786 3020 Unde

101 3062 158 3114 et
189 3058 274 3114 ad
307 3056 658 3128 Pippinum,
700 3053 1104 3110 Landbertum
1137 3057 1317 3125 atque
1347 3053 1788 3122 Nomenogium

99 3147 277 3220 pacis
334 3144 530 3216 gratia
582 3142 800 3198 missos
849 3142 1074 3215 pariter
1121 3142 1446 3213 destinant,
1502 3146 1568 3198 ut
1622 3140 1788 3197 fratri

105 3235 332 3292 Carolo
362 3236 429 3289 ut
455 3231 802 3288 obedientes
832 3229 1040 3286 ﬁdeles
1072 3231 1146 3287 de
1178 3235 1373 3286 cetero
1403 3229 1788 3303 permansuri

103 3338 432 3382 occurrere
484 3338 606 3378 non
657 3320 972 3388 differant;
1023 3320 1116 3376 sin
1167 3319 1334 3390 alias,
1391 3320 1474 3375 eis
1519 3325 1786 3394 tempore

107 3419 465 3489 opportuno
519 3411 763 3467 viriliter
818 3410 1183 3480 conglobati,
1247 3426 1459 3466 eorum
1533 3409 1785 3466 inﬁdeli-

106 3507 340 3565 tatibus
386 3503 764 3567 ulciscendis,
816 3519 877 3559 se
925 3502 1376 3560 interminando
1405 3501 1779 3576 profecturos

107 3594 540 3668 pronunciant.

179 3682 561 3742 Nordmanni
587 3698 696 3755 per
725 3681 1098 3739 Garrondam
1124 3681 1407 3738 Tolosam
1433 3696 1627 3754 usque
1649 3695 1784 3754 pro-

107 3776 470 3842 ﬁciscentes,
503 3774 744 3846 prmdas
775 3772 1005 3845 passim
1032 3772 1401 3846 impuneque
1429 3771 1780 3846 perficiunt;

111 3866 274 3921 unde
297 3863 561 3933 regressi
587 3863 839 3935 quidam
871 3861 1298 3935 Galliciamque
1336 3862 1624 3933 adgressi,
1649 3877 1784 3935 par-

112 3956 217 4010 tim
249 3952 697 4010 balistariorum
727 3967 1003 4021 occursu,
1036 3952 1259 4024 partim
1283 3956 1632 4023 tempestate
1657 3967 1782 4008 ma-

112 4047 192 4101 ris
218 4044 535 4117 intercepti
557 4043 943 4116 dispereunt;
979 4043 1085 4098 sed
1112 4046 1169 4098 et
1187 4042 1440 4115 quidam
1463 4059 1673 4098 eorum
1703 4041 1784 4098 ul-

115 4136 343 4193 terioris
366 4134 667 4207 Hispaniae
692 4139 893 4206 partes
915 4133 1140 4198 adorsi,
1162 4132 1268 4188 diu
1290 4133 1623 4204 acriterque
1645 4147 1783 4188 cum

119 4225 465 4285 Sarracenis
491 4224 869 4292 dimicantes,
893 4223 1140 4280 tandem
1162 4222 1300 4278 victi
1322 4222 1610 4280 resiliunt.

787 4369 1117 4424 DCCCXLV.

192 4495 389 4553 Hiems
409 4493 762 4567 asperrima.
785 4491 1313 4548 Nordmannorum
1337 4506 1522 4546 naves
1545 4494 1786 4547 centum

127 4583 329 4653 viginti
352 4597 560 4641 mense
584 4583 788 4640 Martio
808 4598 916 4655 per
939 4583 1282 4654 Sequanam
1307 4579 1447 4636 hinc
1479 4584 1538 4636 et
1565 4580 1787 4637 abinde

131 4678 340 4730 cuncta
349 4676 678 4740 vastantes,
689 4671 971 4728 Loticiam
982 4671 1352 4728 Parisiorum
1368 4668 1534 4725 nullo
1546 4667 1786 4740 penitus

130 4759 455 4822 obsistente
493 4761 849 4835 pervadunt.
888 4760 1119 4827 Quibus
1147 4776 1286 4816 cum
1308 4758 1552 4817 Carolus
1583 4771 1788 4813 occur-

133 4864 252 4906 rere
271 4853 597 4920 moliretur,
616 4851 722 4908 sed
742 4850 1064 4924 prasvalere
1081 4865 1226 4907 suos
1243 4849 1587 4906 nullatenus
1607 4862 1788 4921 posse

133 4941 510 5014 prospiceret,
541 4941 912 5016 quibusdam
958 4939 1368 5013 pactionibus,
1428 4942 1486 4995 et
1537 4953 1788 4996 munere

1901 1804 2226 1870 fidelitatis,
2260 1809 2562 1878 quatenus
2610 1805 2695 1862 ita
2743 1805 3032 1879 deinceps
3081 1805 3136 1861 ei
3189 1805 3384 1864 fidelis
3423 1807 3577 1866 sicut

1900 1910 2090 1968 nepos
2117 1899 2332 1968 patruo
2364 1893 2656 1957 existeret,
2687 1898 2745 1950 et
2766 1893 2830 1950 in
2855 1893 3344 1968 quibuscumque
3369 1910 3574 1954 neces-

1902 1982 2176 2040 sitatibus
2208 1983 2323 2056 ipsi
2375 1999 2485 2056 pro
2524 1981 2756 2038 viribus
2803 1981 3096 2040 auxilium
3135 1982 3330 2052 ferret,
3387 1985 3571 2041 totius

1903 2072 2234 2146 Aquitaniae
2265 2067 2650 2129 dominatum
2698 2071 2812 2128 sibi
2857 2071 3154 2145 permisit,
3202 2076 3417 2145 praeter
3445 2072 3573 2131 Pic-

1902 2166 2096 2232 tavos,
2143 2163 2476 2220 Sanctonas
2507 2166 2563 2218 et
2591 2160 3032 2232 Ecolimenses;
3079 2161 3242 2218 unde
3272 2166 3330 2218 et
3357 2179 3572 2222 omnes

1900 2251 2258 2325 Aquitanici,
2309 2252 2416 2326 qui
2461 2256 2709 2308 eatenus
2755 2268 2897 2308 cum
2943 2251 3156 2309 Carolo
3206 2251 3463 2324 fuerant,
3489 2253 3570 2310 ad

1901 2342 2185 2398 eumdem
2243 2341 2566 2416 Pippinum
2619 2341 2905 2399 continuo
2963 2341 3055 2398 sui
3111 2342 3572 2402 conversionem

1898 2430 2131 2487 efﬁcere
2167 2431 2545 2487 studuerunt.

1969 2520 2372 2577 Beneventani
2418 2537 2559 2578 cum
2613 2520 2978 2592 Sarracenis,
3037 2520 3224 2579 veteri
3267 2520 3572 2580 discordia

1895 2611 2372 2681 recrudescente,
2459 2610 2663 2668 denuo
2732 2610 3045 2668 dissident.
3126 2610 3566 2684 Nordmanni‘,

1896 2699 2066 2756 alveo
2099 2704 2393 2773 Sequanae
2419 2716 2720 2773 remenso,
2766 2700 2959 2758 maria
3006 2704 3306 2774 repetunt,
3351 2703 3572 2758 cuncta

1899 2790 2083 2846 maris
2119 2789 2255 2846 loca
2300 2788 2557 2846 ﬁnitima
2601 2789 2908 2862 diripiunt,
2956 2792 3218 2859 vastant,
3267 2793 3448 2863 atque
3480 2788 3570 2845 in-

1898 2878 2126 2934 cendiis
2183 2883 2588 2936 concremant.
2666 2878 2779 2936 Sed
2835 2878 2972 2936 licet
3023 2876 3287 2953 peccatis
3344 2877 3569 2937 nostris

1897 2967 2109 3023 divinae
2140 2967 2425 3024 bonitatis
2475 2967 2724 3040 aequitas
2766 2967 3024 3025 nimium
3069 2969 3324 3036 offensa,
3374 2967 3570 3025 taliter

1897 3055 2366 3112 Christianorum
2401 3062 2586 3114 terras
2617 3059 2674 3113 et
2700 3071 2892 3126 regna
2915 3056 3224 3125 attriverit,
3256 3071 3332 3112 ne
3365 3059 3569 3113 tamen

1847 3144 2075 3200 ‘etiam
2133 3144 2359 3216 pagani
2415 3143 2895 3216 improvidentiae
2969 3148 3076 3201 aut
3145 3148 3304 3202 certe
3372 3144 3568 3219 impo—

1894 3234 2092 3290 tentiae
2121 3233 2445 3290 Dominum
2475 3233 3133 3306 omnipotentissimum
3156 3234 3409 3307 impune
3435 3234 3566 3291 diu-

1893 3325 2009 3381 tius
2065 3323 2509 3395 insimularent,
2567 3340 2708 3381 cum
2755 3339 2792 3382 a
2845 3323 3117 3398 quodam
3173 3323 3564 3396 monasterio,

1895 3414 2127 3471 Sithdiu
2151 3420 2170 3450 ⁸
2218 3413 2486 3483 nomine,
2542 3414 2777 3486 direpto
2829 3415 3223 3488 incensaque,
3301 3414 3566 3472 oneratis

1891 3503 2150 3561 navibus
2187 3504 2568 3576 repedarent,
2614 3504 2698 3562 ita
2738 3503 2943 3562 divino
2983 3504 3208 3562 iudicio
3263 3504 3361 3562 vel
3409 3508 3568 3562 tene-

1891 3593 2015 3650 bris
2046 3593 2255 3650 coecati
2287 3596 2345 3650 et
2385 3593 2627 3651 insania
2672 3597 2815 3652 sunt
2856 3594 3136 3668 perculsi,
3183 3598 3250 3653 ut
3288 3594 3390 3651 vix
3436 3609 3569 3667 per-

1891 3684 2072 3757 pauci
2096 3683 2439 3752 evaderent,
2472 3683 2579 3757 qui
2608 3683 2710 3740 Dei
2739 3683 3167 3757 omnipotentis
3186 3683 3296 3741 iter
3317 3683 3336 3720 ⁴
3356 3681 3566 3740 ceteris

1891 3772 2266 3830 nunciarent.
2305 3772 2490 3837 Unde,
2521 3777 2586 3830 ut
2612 3772 2816 3842 fertur,
2847 3777 3187 3830 commotus
3226 3771 3430 3830 animo
3459 3785 3566 3830 rex

1892 3879 2103 3920 eorum
2126 3863 2146 3897 ⁵
2171 3861 2397 3924 Oricus,
2431 3861 2511 3919 ad
2543 3859 2978 3930 Hludovvicum,
3011 3876 3216 3932 regem
3241 3863 3564 3920 Germano.

1892 3970 2050 4023 rum,
2081 3952 2314 4024 legatos
2345 3952 2516 4025 pacis
2560 3952 2755 4023 gratia
2799 3951 3078 4021 destinat,
3119 3951 3566 4025 captivitatem‘

1893 4042 2208 4099 absolvere
2234 4041 2675 4114 thesaurosque
2701 4045 2950 4114 paratus
2990 4058 3103 4115 pro
3146 4041 3379 4099 viribus
3401 4041 3566 4099 resti-

1894 4137 2078 4188 tuere.
2106 4131 2420 4188 Lotbarius
2439 4131 2809 4189 Provinciam
2838 4131 3166 4204 ingressus,
3187 4131 3310 4189 fere
3327 4135 3520 4190 totam
3537 4133 3562 4169 ⁶

1895 4239 2018 4278 suae
2043 4221 2329 4296 potestati
2351 4227 2686 4294 recuperat.
2740 4222 2909 4292 Dani,
2937 4223 3045 4297 qui
3074 4238 3238 4281 anno
3267 4223 3564 4296 praeterito

1893 4311 2279 4388 Aquitaniam
2332 4315 2736 4384 vastaverant,
2805 4318 3165 4379 remeantes,
3230 4315 3564 4372 Sanctonas

1891 4403 2212 4473 invadunt,
2243 4402 2634 4473 conﬂigentes
2672 4409 2978 4477 superant,
3019 4404 3359 4477 quietisque
3404 4404 3563 4460 sedi-

1892 4491 2009 4551 bus
2040 4493 2461 4550 immorantur.
2511 4492 2770 4549 Karolus
2799 4493 3164 4551 Britanniam
3193 4491 3391 4550 Gallia
3420 4507 3562 4548 cum

1893 4583 2105 4657 paucis
2137 4581 2340 4637 minus
2372 4585 2545 4637 caute
2571 4597 2918 4651 aggressus,
2965 4581 3384 4639 deﬁcientibus
3435 4580 3562 4636 suis

1893 4672 2076 4728 rebus
2157 4670 2398 4726 sinistra
2447 4669 2686 4726 fortuna
2749 4670 3066 4741 universis,
3140 4671 3562 4725 Cenomannos

1895 4760 2169 4818 festinato
2189 4759 2522 4832 revertitur,
2542 4762 2942 4833 reparatoque
2967 4758 3249 4824 exercitu,
3281 4757 3563 4816 eamdem

1896 4853 2071 4924 parat
2099 4849 2404 4922 impetere.

1429 5038 1822 5096 VARIANTES
1863 5039 2262 5098 LECTIONES.

210 5127 224 5164 ¹
257 5128 364 5187 Ch.
395 5129 839 5188 somarobricze.
873 5132 896 5166 ²
928 5129 1038 5189 Ch.
1071 5130 1133 5186 in
1163 5129 1438 5200 margine
1469 5126 1823 5185 Leutherius
1852 5129 1876 5164 ³
1901 5129 2164 5198 fortasse
2190 5142 2230 5185 α
2259 5125 2543 5185 Hlotario.
2575 5127 2597 5162 ‘
2623 5123 2821 5184 iram?
2847 5128 2870 5164 ⁵
2889 5126 3052 5186 deest
3077 5123 3187 5185 0h.
3219 5123 3566 5198 ‘ingeessus

1733 5272 1955 5328 ΝΟΤιΕ.

144 5199 449 5262 Bretotiam
483 5219 610 5260 suae
639 5203 749 5261 Ch.
781 5203 855 5258 B.

211 5371 234 5402 ι
267 5364 393 5402 Δηςιί

211 5371 234 5402 ⁸
383 5364 393 5376 .

195 5430 238 5556 t5
259 5361 640 5492 ﬁmémnico
687 5434 761 5492 de
810 5435 987 5504 gestis
1018 5437 1501 5494 Normannorum
1531 5433 1790 5506 exscrip-

217 5518 330 5556 um.
975 5516 978 5518 ⁷

217 5518 330 5560 um.

195 5515 330 5560 tum.
975 5516 978 5518 ⁷

153 5515 326 5712 1;th
355 5578 643 5636 Chronico
686 5577 761 5635 de
815 5579 994 5650 gestis
1047 5583 1533 5638 Normannorum
1579 5577 1794 5638 exseri-

260 5662 333 5704 m.

260 5662 333 5704 m.

225 5712 250 5754 δ
275 5718 678 5797 Hamburgum
707 5721 920 5782 innuit.

1971 5373 1996 5402 ο
2023 5361 2274 5442 Eleum,
2305 5359 2412 5442 ubi
2442 5358 2676 5417 saeculis
2704 5357 2934 5432 aliquot
2961 5362 3099 5432 post
3144 5361 3313 5431 Hugo
3346 5356 3566 5416 Floria-

1901 5435 2095 5490 censis
2135 5435 2386 5504 scripsit.

1972 5505 1989 5546 ί
2024 5503 2496 5586 ρΐ.“οὴςρῃίοοη.
2527 5503 2608 5566 de
2627 5501 2814 5574 gestis
2851 5503 3366 5560 Normannorum.

1973 5591 1998 5630 ε
2029 5578 2085 5632 S.
2113 5577 2354 5631 Bertini.

1973 5649 2001 5690 ιι
2029 5646 2096 5704 Id
2120 5651 2209 5705 est
2243 5647 2513 5722 captivos
2548 5647 2880 5706 universos.
