3950 6420
377 268 516 325 1399

1007 385 1342 442 DCCCXLVI
1355 428 1367 442 .

440 497 698 554 Pirataa'
749 498 1053 550 Danorum
1101 493 1366 548 Fresiam
1417 493 1728 560 adeuntes,
1794 494 2034 562 recepto

365 603 481 664 pro
510 586 682 644 libitu
714 599 918 654 censu,
976 582 1311 656 pugnando
1359 598 1606 657 quoque
1653 582 1907 638 victores
1950 578 2034 635 ef-

366 677 529 750 fecti,
557 679 680 733 tota
707 688 861 746 pene
890 671 1205 745 provincia
1233 671 1565 744 potiuntur.
1590 674 1812 728 Ventus
1833 668 2036 742 aquilo

365 783 477 842 per
506 768 692 822 totam
724 761 965 818 hienem
994 777 1191 834 usque
1217 761 1296 818 ad
1324 761 1457 834 ipsa
1486 761 1608 818 fere
1655 759 1787 816 Maii
1812 757 2037 815 mensis

365 854 538 913 initia
565 851 854 910 acerrime
885 850 1192 921 segetibus
1242 855 1300 907 et
1342 849 1533 906 vineis
1559 849 1871 906 incumbit.
1926 850 2038 903 Lu-

366 959 587 1019 porum
606 939 870 998 incursio
884 939 1235 996 inferiorum
1251 939 1448 996 Galliae
1471 939 1738 1012 partium
1758 937 2037 993 homines

367 1031 801 1091 audentissime
823 1030 1092 1096 devorat,
1123 1029 1230 1086 sed
1252 1029 1384 1085 etin
1407 1028 1679 1101 partibus
1705 1026 2036 1100 Aquitania:

362 1122 428 1180 in
474 1120 732 1179 modum
786 1118 1080 1176 exercitus
1136 1134 1330 1191 usque
1385 1117 1466 1175 ad
1511 1121 1806 1174 trecentos
1854 1116 2039 1172 ferme

367 1210 718 1282 conglobati
744 1214 801 1266 et
827 1225 937 1283 per
965 1208 1129 1265 viam
1160 1207 1318 1265 facto
1376 1207 1619 1278 agmine
1677 1205 2038 1277 gradientes,

364 1300 826 1372 volentibusque
855 1297 1128 1354 resistere
1149 1296 1377 1353 fortiter
1393 1294 1875 1368 unanimiterque
1901 1309 2043 1350 con-

365 1394 621 1448 trastare
642 1387 934 1444 feruntur.
957 1385 1207 1442 Carolus
1229 1384 1397 1459 apud
1443 1383 1651 1440 villam
1698 1383 1886 1440 sancti
1936 1386 2041 1438 Re-

365 1477 539 1549 migii
561 1477 589 1517 δ
615 1518 632 1546 ,
665 1478 1079 1549 Sparnacum°
1107 1473 1380 1544 nomine,
1404 1477 1616 1530 contra
1645 1489 1877 1528 morem
1905 1487 2044 1527 con-

366 1571 616 1624 ventum
645 1563 858 1637 populi
885 1562 976 1618 sui
1003 1561 1348 1635 generalem
1375 1577 1588 1618 mense
1621 1561 1788 1617 Iunio
1809 1560 2040 1627 habuit,

367 1655 434 1712 in
455 1669 580 1728 quo
611 1652 1036 1726 episcoporum
1055 1651 1232 1722 regni
1257 1651 1349 1708 sui
1365 1649 1820 1724 pernecessaria
1838 1649 2044 1706 admo-

1441 263 1499 318 S.
1539 253 1918 317 PRUDENTII
1957 252 2336 312 TRECENSIS
2375 258 2712 317 EPISCOPI.

2062 380 2108 433 Α
2145 379 2426 438 Corduba
2453 383 2750 457 Hispaniis
2787 383 2866 441 ad
2894 381 3174 443 Carolum
3200 380 3370 454 pacis
3398 378 3678 454 petendae
3712 378 3843 435 fae-

3681 255 3848 312 “00

2144 470 2424 543 dei-isque
2453 472 2737 529 ﬁrmandi
2763 473 2953 543 gratia
2984 471 3251 541 veniunt,
3300 485 3456 543 quos
3504 469 3676 543 apud
3711 471 3843 524 Be-

2144 576 2384 616 morum
2425 563 2940 619 Durocortorumf
2997 562 3277 618 decenter
3328 562 3386 616 et
3434 557 3704 632 suscepit
3775 562 3842 615 et

2145 648 2419 706 absolvit.
2449 651 2614 708 Bodo
2645 652 2749 725 qui
2780 655 2918 708 ante
2949 666 3144 708 annos
3175 649 3403 722 aliquot
3432 662 3458 701 ι
3485 647 3840 704 christiana

2143 738 2386 796 veritate
2416 739 2701 796 derelicta
2730 740 2809 797 ad
2840 740 3181 797 Iudzeorum
3211 737 3528 812 perﬁdiam
3563 751 3834 793 conces-

2144 833 2321 898 serat,
2364 829 2426 885 in
2457 833 2690 886 tantum
2721 831 2865 887 mali
2898 829 3166 904 profecit,
3216 834 3282 884 ut
3321 828 3385 884 in
3413 843 3626 884 omnes
3657 824 3835 882 chri-

2145 917 2370 973 stianos
2401 918 2696 990 Hispaniae
2724 919 3010 988 degentes
3052 923 3177 974 tam
3215 916 3372 988 regis
3401 932 3588 990 quam
3620 914 3835 986 gentis

2144 1007 2608 1065 Sarracenorum
2640 1013 2876 1065 animos
2910 1008 3206 1066 concitare
3246 1007 3538 1064 studuerit
3572 1008 3615 1077 ‘,
3665 1019 3836 1078 qua-

2144 1099 2316 1152 tenus
2343 1101 2448 1154 aut
2465 1098 2668 1156 relicta
2697 1098 3032 1154 Christianae
3081 1097 3222 1153 ﬁdei
3261 1095 3546 1167 religione
3592 1095 3675 1152 ad
3723 1094 3835 1149 Iu-

2145 1185 2415 1242 daeorum
2442 1188 2746 1244 insaniam
2781 1190 3321 1245 Sarracenorumve
3350 1185 3722 1242 dementiam
3759 1203 3834 1244 se

2145 1281 2579 1343 converterent,
2613 1282 2718 1334 aut
2747 1282 2902 1334 certe
2937 1293 3150 1334 omnes
3177 1276 3672 1333 interﬁcerentur.
3712 1279 3834 1334 Su-

2147 1381 2254 1438 per
2274 1383 2396 1439 quo
2423 1367 2698 1424 omnium
2725 1367 2882 1424 illius
2915 1368 3084 1438 regni
3109 1367 3575 1424 christianorum
3601 1366 3827 1440 petitio

2146 1454 2225 1511 ad
2257 1456 2535 1512 Carolum
2566 1472 2768 1528 regem
2816 1458 3107 1531 regnique
3157 1456 3249 1512 sui
3295 1455 3611 1529 episcopos
3661 1461 3832 1513 cete-

2149 1561 2368 1619 rosque
2398 1550 2616 1602 nostrre
2660 1546 2797 1602 ﬁdei
2847 1547 3089 1603 ordines
3133 1545 3581 1602 lacrimabilitcr
3624 1546 3832 1604 missa

2149 1638 2260 1705 est,
2293 1639 2358 1691 ut
2384 1640 2754 1692 memoratus
2785 1640 3066 1709 apostata
3093 1639 3530 1707 reposceretur,
3576 1649 3654 1690 ne
3685 1635 3830 1692 diu-

367 1724 517 1802 nitio
541 1742 617 1799 de
645 1724 846 1798 causis
877 1739 1296 1798 ecclesiasticis
1324 1741 1408 1796 ita
1426 1739 1600 1796 ﬂocci
1624 1755 1818 1812 pensa
1839 1744 1945 1806 est,
1978 1743 2044 1796 ut
2072 1735 2111 1790 Β
2153 1724 2267 1780 lius
2293 1725 2629 1782 Christianis
2656 1725 2773 1782 illic
2802 1726 3182 1783 versantibus
3233 1730 3338 1782 aut
3379 1724 3829 1798 impedimento

366 1833 471 1890 vix
501 1847 801 1905 umquam
859 1830 1192 1887 reverentia
1256 1829 1646 1902 pontiﬁcalis,
1693 1828 2041 1885 christiano-

366 1937 506 1980 rum
535 1921 832 1977 duntaxat
860 1918 1257 1992 temporibus,
1291 1918 1374 1974 sic
1407 1917 1752 1992 posthabita
1779 1917 2031 1988 legatur.

369 2009 648 2077 Quadam
679 2008 777 2064 die
806 2007 1005 2064 iunior
1028 2007 1283 2080 quidam
1307 2009 1322 2043 ί
1351 2024 1491 2064 cum
1523 2023 1685 2080 equa
1715 2007 1918 2063 coiens
1944 2023 2031 2064 re-

366 2103 594 2172 pertus,
624 2097 849 2154 iudicio
879 2097 1251 2154 Francorum
1301 2097 1475 2152 vivus
1503 2096 1784 2152 incendio
1811 2112 2040 2153 crema-

370 2191 491 2247 tur.
521 2187 666 2245 Inde
711 2190 912 2261 partes
939 2186 1258 2243 Britanniae
1287 2186 1534 2244 Carolus
1586 2203 1724 2242 cum
1778 2186 2042 2244 exercitu

371 2281 605 2352 petens,
637 2291 855 2350 pacem
881 2291 1022 2332 cum
1052 2275 1445 2347 Nomenogio,
1499 2275 1653 2333 duce
1686 2275 2038 2345 Brittonum,

370 2364 911 2424 intervenientibus
941 2363 1082 2421 hinc
1113 2369 1170 2421 et
1194 2364 1334 2421 inde
1353 2368 1374 2400 ³
1409 2365 1804 2422 sacramentis
1841 2367 2040 2439 pacis-

372 2457 544 2516 citur.
578 2454 766 2512 Huius
791 2453 936 2512 anni
964 2469 1176 2511 mense
1200 2454 1351 2511 Maio
1373 2458 1538 2511 tanta
1569 2455 1735 2528 apud
1775 2455 2040 2512 Altiodo-

372 2562 514 2604 rum
544 2544 842 2602 civitatem
873 2543 1190 2601 inundatio
1217 2543 1559 2617 pluvarium
1592 2544 1780 2613 ﬂuxit,
1837 2549 1904 2601 ut
1939 2561 2042 2618 pa-

373 2635 551 2692 rietes
577 2637 920 2707 penetrans,
952 2632 1117 2706 ipsas
1156 2633 1336 2689 etiam
1369 2648 1558 2706 cupas
1587 2633 1795 2706 plenas
1823 2633 1946 2690 vini
1976 2635 2038 2692 in

371 2723 632 2781 ﬂuvium
656 2727 943 2779 Icaunam
965 2720 992 2762 ἀ
1017 2721 1302 2785 retulerit,
1333 2721 1442 2778 sed
1473 2725 1548 2793 et,
1580 2723 1747 2794 quod
1797 2727 1889 2780 est
1933 2723 2041 2780 mi-

371 2810 650 2878 rabilius,
699 2811 1036 2884 quamdam
1078 2810 1320 2866 vineam
1369 2826 1510 2866 cum
1533 2815 1711 2883 terra,
1737 2811 1958 2869 vitibus
1983 2817 2041 2869 et

373 2899 698 2957 arboribus
727 2899 1014 2956 omnibus
1039 2898 1101 2954 in
1131 2898 1297 2956 nullo
1325 2899 1687 2973 disruptam,
1717 2901 1798 2958 ita
1819 2905 1884 2958 ut
1914 2907 2042 2960 erat

375 2987 656 3057 solidam,
685 3005 722 3045 a
745 2993 915 3062 parte
945 2992 1181 3045 Icaunaa
1220 2988 1488 3044 ﬂuminis
1527 2989 1591 3046 in
1620 2989 1870 3048 alteram
1896 2992 2040 3048 eius-

2152 1818 2256 1872 aut
2279 1816 2411 1872 neci
2442 1815 2612 1873 foret.

2220 1921 2367 1979 Dani
2398 1936 2423 1975 κ
2451 1927 2684 1996 partem
2732 1923 3026 1980 inferioris
3065 1921 3286 1994 Galliae,
3327 1938 3515 1995 quam
3550 1921 3830 1978 Britones

2145 2011 2435 2084 incolunt,
2469 2014 2784 2084 adeuntes,
2836 2017 2922 2069 ter
2961 2029 3102 2069 cum
3132 2011 3359 2068 eisdem
3393 2011 3687 2068 bellantes
3719 2026 3830 2067 su'

2145 2105 2392 2173 perant;
2450 2102 2976 2175 Nomenogiusque
3025 2101 3218 2157 victus
3277 2117 3418 2156 cum
3477 2100 3600 2156 suis
3647 2099 3829 2170 fugit,

2146 2188 2285 2244 dein
2315 2205 2420 2262 per
2450 2191 2471 2225 ⁵
2502 2189 2734 2260 legatos
2763 2189 3118 2246 muneribus
3167 2205 3204 2246 a
3252 2188 3379 2245 suis
3411 2204 3514 2246 eos
3566 2187 3827 2245 sedibus

2147 2277 2395 2336 amovit.

2220 2385 2480 2457 Sergius,
2509 2388 2818 2443 Romanus
2850 2385 3138 2460 pontifex,
3177 2387 3239 2441 vi
3266 2384 3523 2454 Kalend,
3555 2383 3830 2442 Februa-

2143 2474 2216 2530 rii
2245 2475 2616 2546 defungitur,
2663 2481 2718 2532 et
2771 2478 2886 2532 Leo
2916 2475 2979 2532 in
3009 2475 3138 2532 eius
3168 2474 3374 2532 locum
3404 2474 3657 2545 eligitur.
3694 2475 3832 2532 Sar-

2143 2564 2367 2635 raceni,
2400 2565 2660 2622 oneratis
2683 2566 3104 2622 thesaurorum
3134 2564 3540 2630 multitudine,
3568 2581 3726 2638 quos
3751 2581 3828 2621 ex

2144 2653 2395 2710 basilica
2443 2653 2602 2710 beati
2633 2653 2783 2711 Petri
2822 2654 3076 2729 apostoli
3123 2657 3526 2728 asportarent,
3557 2653 3825 2710 navibus

2145 2741 2340 2800 redire
2378 2742 2598 2810 conati,
2633 2759 2771 2798 cum
2803 2743 2956 2799 inter
2981 2742 3400 2814 navigandum
3451 2745 3570 2799 Deo
3613 2745 3671 2798 et
3712 2745 3827 2798 Do-

2150 2831 2317 2887 mino
2369 2835 2578 2888 nostro
2628 2831 2760 2888 Iesu
2799 2831 3028 2888 Christo
3073 2832 3326 2905 ejusque
3382 2830 3672 2905 apostolis
3721 2847 3827 2887 ore

2149 2918 2437 2993 pestifero
2472 2920 2854 2993 derogarent,
2899 2925 3031 2977 orto
3079 2924 3322 2994 repente
3351 2919 3677 2976 inevitabili
3705 2923 3828 2975 tur-

2149 3008 2313 3077 bine,
2350 3008 2592 3066 conlisis
2638 3010 2701 3066 in
2741 3026 2870 3067 sese
2927 3009 3209 3077 navibus,
3265 3025 3480 3066 omnes
3528 3011 3822 3083 pereunt:

374 3079 518 3136 dem
544 3078 713 3135 ﬂuvii
741 3082 976 3152 partem
1030 3079 1488 3152 transposuerit,
1537 3096 1610 3139 ac
1639 3081 1688 3136 si
1738 3082 1799 3138 in
1824 3082 2040 3139 eodem

2224 3099 2438 3155 laedam
2500 3099 2920 3155 thesaurorum
2975 3099 3037 3155 in
3092 3098 3325 3154 sinibus
3377 3097 3824 3168 defunctorum,

372 3183 521 3238 agro
553 3167 908 3224 naturaliter
931 3166 1124 3224 fuerit.

454 3258 650 3313 Mense
677 3259 936 3327 augusto
975 3257 1288 3313 Sarraceni
1345 3257 1649 3330 Maurique
1701 3258 1893 3316 Tiberi
1938 3262 2047 3315 Ro-

376 3359 548 3401 mam
583 3343 871 3416 aggressi,
903 3343 1220 3400 basilicam
1248 3343 1410 3400 beati
1447 3345 1598 3401 Petri
1629 3346 2044 3418 apostolorum

371 3432 668 3507 principis
736 3431 1142 3501 devastantes,
1192 3431 1414 3488 ablatis
1465 3450 1604 3488 cum
1660 3434 1792 3506 ipso
1851 3435 2044 3503 altari,

373 3519 547 3594 quod
602 3518 828 3575 tumba:
882 3518 1204 3574 memorati
1283 3520 1701 3592 apostolorum
1754 3523 2045 3596 principis

377 3607 832 3682 superpositum
863 3605 1076 3674 fuerat,
1111 3607 1396 3664 omnibus
1437 3612 1808 3668 ornamentis
1867 3618 2047 3686 atque

377 3695 702 3766 thesauris,
751 3695 1085 3768 quemdam
1144 3700 1415 3753 montem
1469 3703 1710 3755 centum
1755 3700 1832 3756 ab
1895 3701 2048 3757 Urbe

376 3785 626 3844 milibus
673 3784 1156 3842 munitissimum
1215 3792 1535 3860 occupant.
1591 3791 1752 3854 Quos
1798 3789 2048 3863 quidem

376 3875 609 3932 ducum
637 3875 660 3909 ⁸
715 3873 958 3932 Hlotarii
1027 3873 1232 3944 minus
1275 3875 1552 3947 religiose
1606 3877 1804 3934 adorsi
1867 3883 2048 3952 atque

377 3962 558 4021 deleti
593 3966 772 4032 sunt;
805 3979 950 4036 pars
981 3966 1186 4020 autem
1216 3963 1481 4022 hostium
1521 3965 1840 4024 ecclesiam
1886 3967 2049 4025 beati

377 4051 549 4110 Pauli
600 4052 859 4126 apostoli
928 4053 1140 4110 adiens
1223 4070 1260 4112 a
1337 4056 1880 4129 Campaniensibus
1943 4074 2044 4132 op-

377 4157 614 4216 pressa,
644 4157 897 4214 prorsus
953 4143 1262 4201 interfecta
1309 4149 1424 4201 est.
1487 4144 1889 4218 Hludowicus,
1943 4164 2050 4205 rex

381 4233 841 4294 Germanorum,
901 4231 1194 4288 adversus
1245 4233 1456 4290 Slavos
1533 4235 1858 4309 profectus,
1922 4243 2048 4295 tam

378 4318 662 4376 intestino
690 4335 943 4376 suorum
973 4321 1254 4380 conﬂictu
1282 4338 1468 4396 quam
1492 4323 1755 4382 hostium
1796 4327 2048 4384 victoria

381 4406 758 4497 conterritus,
788 4424 1065 4466 reversus
1091 4416 1198 4468 est.
1234 4411 1558 4470 Hlodoicus
1589 4414 1834 4471 Hlotarii
1863 4416 2044 4488 ﬁlius,
2079 4442 2125 4497 D

2153 3204 2310 3261 quos
2337 3205 2504 3245 mare
2543 3187 2838 3245 littoribus
2889 3187 3191 3254 reiecerat,
3244 3186 3509 3256 inventa,
3541 3186 3621 3240 ad
3658 3185 3824 3242 beati

2161 3278 2306 3334 Petri
2348 3277 2604 3350 apostoli
2649 3275 3013 3333 memoriam
3072 3274 3456 3330 revehuntur.
3523 3275 3705 3331 Scotti
3732 3275 3760 3315 1·
3790 3292 3826 3332 a

2155 3366 2539 3422 Nortmannis
2573 3367 2594 3400 ⁶
2639 3381 2746 3438 per
2789 3380 2982 3421 annos
3025 3362 3324 3436 plurimos
3372 3363 3600 3436 impeti,
3642 3364 3825 3420 tribu-

2157 3454 2287 3512 tarii
2304 3454 2662 3522 efﬁciuntur,
2687 3453 2902 3510 insulis
2926 3453 3400 3525 circumquaque
3423 3451 3634 3526 positis
3656 3452 3821 3510 nullo

2156 3543 2466 3600 resistente
2497 3544 2664 3617 potiti
2694 3543 3086 3599 immorantes
3116 3543 3160 3597 ⁷.

2228 3649 2988 3717 Blotharius,Hludowicus
3037 3650 3058 3686 ⁸
3107 3653 3165 3706 et
3206 3649 3452 3706 Carolus
3480 3649 3710 3720 legatos
3742 3651 3821 3707 ad

2157 3738 2310 3807 Oric,
2343 3743 2650 3796 Danorum
2688 3754 2913 3809 regem,
2971 3738 3296 3807 destinant,
3346 3739 3710 3796 mandantes
3757 3743 3821 3796 ut

2157 3843 2302 3885 suos
2333 3845 2371 3884 a
2399 3830 2420 3863 9
2462 3828 2926 3885 christianorum
2970 3828 3456 3886 infestationibus
3496 3828 3815 3892 cohiberet,

2158 3917 2251 3973 sin
2281 3916 2453 3988 alias,
2502 3915 2661 3973 bello
2709 3931 2772 3973 se
2815 3916 3231 3990 impetendum
3275 3917 3620 3975 nullatenus
3649 3915 3820 3973 dubi-

2157 4009 2327 4063 taret.

2230 4118 2310 4171 Ea
2325 4116 2674 4188 tempestate
2693 4115 2875 4171 Mauri
2898 4119 2956 4172 et
2977 4115 3290 4172 Sarraceni
3311 4115 3718 4173 Beneventum
3736 4115 3819 4173 in-

2158 4203 2406 4271 vadunt,
2433 4209 2493 4260 et
2521 4220 2715 4278 usque
2747 4204 2825 4261 ad
2850 4208 3124 4262 Romana
3145 4205 3409 4263 conﬁnia
3430 4205 3815 4280 populantur.

2157 4294 2304 4352 Dani
2335 4294 2718 4368 Aquitaniam
2748 4295 3113 4352 maritimam
3137 4295 3438 4368 impetunt
3468 4299 3523 4351 et
3551 4295 3820 4368 praedan-

2155 4388 2271 4450 tur,
2303 4384 2640 4458 urbemque
2669 4385 3073 4455 Burdegalam
3122 4385 3228 4440 diu
3273 4389 3674 4457 oppugnant;
3723 4384 3818 4441 alii

377 4513 485 4556 rex
527 4473 914 4568 Italiaa,vcum
970 4501 1312 4559 Sarracenis
1364 4518 1648 4576 pugnans
1696 4504 1890 4562 victus
1946 4473 2047 4564 vix
2079 4473 2125 4497 υ
2157 4490 2402 4576 (illeque
2432 4477 2736 4576 915mm,”!!!
2775 4474 3115 4576 S‘Fpmum
3157 4473 3320 4545 qu°d
3351 4473 3818 4576 Portasmdmgfo

379 4590 638 4647 Romam
666 4590 954 4663 pervenit.

1017 4717 1404 4776 DCCCXLVII.

2157 4563 2373 4620 dicitur
2401 4567 2458 4619 et
2485 4562 2748 4619 insulam
2774 4565 3056 4619 Batavam
3091 4563 3391 4632 occupant
3434 4562 3617 4631 atque
3667 4560 3818 4619 obti-

2155 4657 2318 4710 nent.
2372 4651 2785 4719 Hludowici“,
2837 4652 3272 4707 Germanorum
3310 4647 3490 4718 regis,
3529 4651 3817 4707 exercitus

2157 4743 2436 4801 advertus
2463 4741 2704 4798 Sclavos
2730 4755 3012 4812 prospere
3043 4737 3354 4808 dimicant,
3407 4737 3492 4796 ita
3518 4743 3602 4802 ut.
3654 4741 3815 4812 quod

452 4820 654 4894 Legati
672 4837 698 4868 ο
759 4820 1194 4891 Abdirhaman,
1271 4825 1431 4900 regis
1473 4828 1964 4903 Sarracenorum,
2016 4848 2055 4890 a
2163 4836 2302 4890 ante
2327 4846 2557 4888 annum
2587 4827 2889 4896 amiserat,
2920 4826 3245 4901 reciperet.

1682 4955 2078 5014 VARIANTES
2117 4957 2518 5015 LECTIONES.

449 5045 466 5080 ¹
503 5045 804 5102 Iuniorem
854 5063 995 5104 cum
1048 5049 1151 5108 Ch.
1187 5053 1208 5086 ⁸
1239 5054 1296 5108 et
1325 5049 1547 5107 abinde
1576 5051 1692 5109 Ch.
1725 5054 1746 5087 ³
1780 5056 1864 5112 ita
1892 5055 2140 5112 Chesm'i
2165 5060 2221 5111 et
2245 5055 2434 5112 Bona.
2472 5053 2778 5108 lectionem
2809 5049 3044 5106 dudum
3074 5066 3331 5107 con'exz.
3370 5052 3390 5085 ‘
3414 5050 3681 5107 statuerit
3704 5051 3806 5106 Ch.

378 5121 436 5194 et
464 5116 539 5194 B.
574 5118 754 5175 deest.
784 5118 910 5194 _C_._‘
939 5122 1302 5194 Normannis
1335 5123 1445 5194 Ch.
1477 5125 1573 5194 sic,
1587 5125 1844 5194 plum’es.
1894 5127 1912 5161 ⁷
1947 5127 2140 5183 Locus
2171 5125 2338 5182 haud
2365 5116 2543 5181 dubie
2572 5128 2894 5192 corruptus
2919 5139 2934 5188 ;

2981 5124 3243 5193 fortasse
3295 5122 3609 5192 legendum
3638 5139 3650 5188 ;
3699 5121 3810 5176 effl-

376 5187 618 5271 ciuntur
645 5207 659 5257 ;
692 5190 797 5271 qui
824 5192 890 5271 Li.
922 5205 971 5246 e.
1004 5192 1392 5265 Nortmanm)
1424 5187 1707 5252 insulis...
1739 5196 2162 5255 immorantur.
2198 5199 2218 5232 ⁸
2252 5195 2630 5254 Hlodowicus
2662 5187 2773 5253 CII.
2807 5197 2826 5230 ⁹
2857 5187 3032 5252 Deest
3063 5195 3173 5251 Ch.
3207 5197 3252 5232 ¹⁰
3277 5187 3676 5252 Dorastadum
3701 5194 3808 5250 Ch.

1979 5341 2210 5400 ΝΟΤΛΕ.

381 5259 424 5294 ¹¹
454 5259 787 5319 Hlodowici
812 5261 928 5330 Ch,

444 5450 472 5511 ξ
500 5438 583 5511 Cf.
614 5438 959 5511 Chronicon
988 5439 1064 5495 de
1099 5442 1286 5511 gestis
1315 5445 1643 5502 Normann.

443 5508 474 5551 δ
504 5510 570 5566 Id
608 5515 698 5567 est
726 5510 1002 5569 Ecclesiae
1033 5508 1405 5573 Rliemensis.

451 5592 478 5653 ξ
501 5583 812 5653 Epernay.

443 5648 472 5689 ἀ
508 5648 730 5710 Ybnne.

445 5730 471 5760 ο
502 5724 584 5783 De
612 5723 816 5785 causis
833 5723 1012 5804 hujus
1035 5724 1354 5809 legationis
1383 5730 1456 5797 ef,
1490 5735 1726 5798 Petrum
1747 5731 1824 5795 de
1845 5735 2039 5792 Marsa

500 5977 744 6082 f“\.‘

2156 5447 2242 5506 lib
2271 5465 2330 5507 ιιι
2359 5451 2566 5506 Marce
2593 5447 2868 5516 Hispan.,
2896 5462 3032 5520 cap.
3064 5449 3154 5503 27.

2229 5522 2248 5562 τ
2281 5523 2496 5578 Reims.

2226 5606 2252 5664 ες
2282 5593 2364 5649 Cf.
2396 5607 2584 5664 supra
2613 5606 2712 5664 an.
2743 5593 2868 5646 839.

2222 5663 2249 5704 ιι
2283 5665 2365 5720 Cf.
2402 5663 2618 5721 Chron.
2651 5663 2725 5718 de
2756 5663 2954 5734 gestis.
2991 5663 3193 5718 Norm.
3222 5677 3320 5717 an.
3354 5663 3479 5719 840.
