3950 6390
146 299 278 358 1401

778 422 1185 481 DCCCXLVIII

222 511 418 569 Sclavi
439 511 502 568 in
531 528 790 582 regnum
812 512 1147 570 Hludowici
1176 514 1466 570 hostiliter
1494 514 1805 585 irruentes,

139 600 224 657 ab
251 617 322 658 eo
358 601 422 659 in
454 603 672 659 Christi
694 603 943 660 nomine
967 608 1348 676 superantur.
1373 604 1619 661 Carolus
1640 609 1807 662 Nort-

142 706 517 749 mannorum
573 691 980 763 Burdegalam
1039 694 1523 767 oppugnantium
1575 698 1808 768 partem

143 795 492 850 aggressus,
549 781 794 838 viriliter
847 785 1110 856 superat.
1169 783 1477 841 Exercitus
1521 783 1809 840 Hlotharii

139 872 354 926 contra
395 870 755 927 Sarracenos
785 871 1194 928 Beneventum
1243 872 1581 929 obtinentes
1633 872 1808 928 dimi-

146 972 322 1028 cans,
349 959 538 1015 victor
576 959 847 1015 efﬁcitur.
882 961 1030 1016 Dani
1060 993 1083 1020 ι
1128 961 1531 1032 Burdegalam
1569 962 1809 1034 Aquita-

136 1045 275 1110 niae,
312 1047 526 1104 Iudais
543 1048 962 1121 prodentibus,
986 1053 1226 1123 captam
1257 1050 1808 1124 depopulatamque

133 1133 491 1193 incendunt.
521 1137 802 1210 Aquitani
835 1137 1066 1194 desidia
1090 1138 1423 1211 inertiaque
1456 1139 1682 1213 Pippini
1714 1155 1809 1196 co-

135 1224 280 1292 acti,
316 1225 601 1282 Carolum
623 1231 854 1299 petunt,
877 1231 1058 1300 atque
1089 1228 1149 1284 in
1178 1227 1326 1284 urbe
1351 1228 1807 1284 Aurelianorum

130 1327 295 1385 pene
320 1331 533 1372 omnes
555 1315 879 1372 nobiliores
909 1333 1048 1374 cum
1078 1317 1380 1390 episcopis
1401 1322 1458 1374 et
1478 1317 1808 1374 abbatibus

130 1400 200 1456 in
226 1418 437 1473 regem
487 1404 735 1474 eligunt,
771 1421 1067 1479 sacroque
1120 1407 1444 1462 chrismate
1468 1406 1806 1463 delibutum

131 1493 194 1546 et
225 1490 644 1549 benedictione
673 1493 1006 1567 episcopali
1050 1494 1397 1551 solemniter
1427 1498 1802 1552 consecrant.

132 1579 348 1636 Pirata
399 1582 742 1637 Graecorum
785 1583 1109 1640 Massiliam
1155 1584 1477 1641 Provincia
1506 1585 1674 1640 nullo
1704 1585 1808 1641 ob-

134 1670 383 1726 sistente
412 1675 740 1742 vastantes,
770 1673 1020 1747 impune
1065 1674 1372 1731 recedunt.
1405 1675 1758 1731 Nortmanni
1777 1694 1807 1735 ιι

1701 300 2024 359 ANNALES

1837 425 1887 479 Α
1919 423 2118 480 valide
2166 423 2272 480 sed
2301 423 2469 482 nulla
2517 423 2927 497 quorumlibet
2974 424 3371 482 adificiorum
3401 427 3580 486 ruina

3442 303 3580 363 “02

1916 513 2110 571 factus
2137 519 2245 570 est.
2277 515 2676 572 Godescalcus
2723 516 2923 572 Gallus
2971 517 3243 589 quidam,
3277 523 3578 574 monaste-

1915 604 2366 662 riiOrbacensis
2391 605 2670 678 paracia
2713 605 3104 663 Suessionica
3137 608 3475 664 monachus
3523 613 3580 665 et

1915 693 2252 766 presbyter,
2285 694 2535 750 scientia
2565 694 2851 763 tumidus,
2886 694 3261 767 quibusdam
3290 697 3576 769 supersti-

1916 781 2180 838 tionibus
2211 783 2473 850 deditus,
2509 782 2737 840 Italiam
2766 783 2965 856 specie
2992 783 3297 853 religionis
3337 800 3580 855 aggres-

1918 886 2042 938 sus,
2063 871 2204 927 inde
2231 872 2483 945 turpiter
2505 872 2748 940 eiectus,
2781 872 3163 936 Dalmatiam,
3193 873 3574 930 Pannoniam

1917 961 2315 1035 Noreiamque
2342 962 2910 1035 adorsus,quadam
2943 965 3171 1018 nostra
3200 962 3374 1018 saluti
3404 963 3578 1020 valde

1913 1051 2234 1120 contraria,
2267 1051 2570 1124 pracipue
2593 1051 2705 1106 sub
2736 1051 2978 1108 nomine
3008 1051 3574 1124 pradestinationis.

1914 1138 2214 1210 pestiferis
2234 1139 2407 1194 dictis
2439 1154 2498 1196 et
2529 1139 2764 1212 scriptis
2795 1140 3133 1208 adstruens,
3156 1140 3216 1196 in
3255 1141 3578 1213 prasentia

1917 1227 2266 1299 Hludowici,
2299 1232 2734 1286 Germanorum
2757 1229 2935 1299 regis,
2968 1229 3295 1302 episcopali
3325 1230 3578 1287 concilio

1916 1317 2184 1373 detectus
2221 1322 2402 1391 atque
2457 1318 2788 1389 convictus,
2831 1318 3079 1375 tandem
3138 1319 3215 1374 ad
3264 1318 3574 1376 dioceseos

1917 1423 2039 1462 sua
2064 1407 2276 1463 urbem
2307 1407 2714 1480 metropolim,
2736 1407 3066 1464 Remorum
3107 1408 3576 1464 Durocortorum

1914 1497 2180 1568 nomine,
2205 1498 2301 1554 cui
2331 1502 2646 1567 Ingmarus
2672 1497 2762 1553 vir
2788 1496 3148 1553 venerabilis
3171 1497 3467 1569 prasidet,
3491 1513 3581 1554 re-

1915 1586 2043 1642 dire
2066 1586 2468 1660 compellitur,
2500 1591 2805 1658 quatenus
2833 1585 2952 1641 illic
2983 1585 3238 1655 dignum
3281 1601 3412 1641 sua
3453 1601 3584 1658 per-

1914 1673 2072 1730 ﬁdia
2095 1675 2380 1731 iudicium
2416 1675 2660 1730 subiret.
2691 1676 2884 1740 Quem
2915 1679 3136 1731 sancta
3167 1674 3268 1730 Dei
3305 1673 3579 1730 Ecclesia

129 1759 439 1817 Metullum
465 1763 482 1798 ¹
510 1761 713 1818 vicum
738 1781 761 1809 ο
791 1763 1174 1837 populantes,
1207 1764 1486 1822 incendio
1537 1766 1799 1822 tradunt.
1833 1784 1874 1838 Β
1917 1763 2366 1819 strenuissimus
2404 1763 2598 1819 cultor
2627 1765 2649 1798 ³
2696 1763 2962 1835 Carolus,
3001 1763 3298 1820 advocato
3350 1767 3583 1820 sancto-

135 1850 321 1908 Scotti
351 1865 533 1924 super
553 1854 961 1909 Nortmannos
981 1853 1296 1922 irruentes,
1322 1854 1544 1910 auxilio
1568 1855 1804 1910 Domini

128 1939 324 1996 nostri
355 1941 486 1996 Iesu
515 1941 728 1998 Christi
755 1943 1012 2000 victores
1039 1959 1144 2000 eos
1175 1959 1212 2000 a
1243 1944 1370 2000 suis
1409 1943 1633 2000 ﬁnibus
1662 1961 1803 2019 pro-

127 2028 367 2102 pellunt
393 2050 407 2097 ;
437 2030 600 2086 unde
630 2035 688 2086 et
714 2046 816 2087 rex
843 2033 1183 2088 Scottorum
1213 2032 1292 2088 ad
1324 2033 1606 2088 Carolum
1637 2034 1804 2107 pacis

128 2122 192 2175 et
221 2118 498 2175 amicitia
530 2120 723 2190 gratia
746 2120 978 2192 legatos
1006 2138 1146 2178 cum
1203 2122 1558 2178 muneribus
1605 2124 1802 2187 mittit,

125 2207 300 2264 viam
331 2207 447 2264 sibi
465 2209 708 2281 petendi
732 2212 985 2266 Romam
1007 2210 1258 2266 concedi
1279 2211 1806 2284 deposcens.Mau-

124 2297 184 2354 ri
215 2296 419 2354 denuo
450 2300 857 2356 Beneventum
881 2300 1200 2356 invadunt.
1234 2301 1609 2357 Guilhelmus
1642 2298 1687 2371 ἀ,
1737 2301 1803 2357 ﬁ-

124 2387 250 2445 lius
291 2387 596 2456 Bernardi,
652 2389 987 2463 lmpurium
1008 2400 1052 2456 °,
1100 2395 1158 2447 et
1203 2391 1604 2450 Barcinonam
1660 2391 1802 2449 dolo

133 2476 340 2547 magis
371 2493 560 2551 quam
584 2477 642 2535 vi
681 2480 859 2552 capit.

797 2569 1152 2626 DCCCXLIX.

205 2653 547 2711 Hlotharius
576 2658 633 2712 et
657 2657 928 2724 Carolus,
954 2659 1295 2716 sanioribus
1319 2660 1409 2716 usi
1430 2660 1712 2728 consiliis,
1739 2661 1803 2716 in

135 2759 364 2816 pacem
386 2759 865 2818 germanamque
889 2747 1275 2805 concordiam
1314 2749 1587 2805 redeunt.
1621 2749 1803 2821 Apud

139 2831 399 2889 Galliam
417 2849 522 2890 xui
548 2833 673 2890 Kal.
698 2836 903 2907 Martii,
924 2841 1098 2892 nocte
1120 2839 1392 2910 sequenti
1418 2838 1645 2894 clericis
1664 2853 1806 2894 noc-

135 2926 351 2980 turnas
401 2937 609 2995 preces
665 2924 920 2981 Domino
970 2925 1360 2997 solventibus,
1402 2931 1570 2983 terrae
1599 2930 1802 2982 motus

1912 1868 2052 1907 rum
2125 1855 2476 1908 memorata
2551 1851 2860 1908 dioceseos
2936 1851 3363 1924 episcoporum
3434 1867 3579 1907 con-

1911 1944 2096 1997 ventu
2117 1943 2140 1976 ³
2177 1943 2209 2010 f,
2237 1941 2362 1996 suis
2385 1941 2735 2014 aspectibus
2765 1941 3113 2013 praesentari
3139 1939 3424 2012 decrevit,
3454 1955 3579 2013 quo

1912 2032 2266 2104 perductus,
2294 2031 2537 2104 publice
2568 2030 2906 2101 ﬂagellatus
2960 2030 3270 2102 librosque
3326 2045 3579 2086 suarum

1913 2121 2326 2178 adsertionum
2375 2121 2502 2191 igni
2559 2137 2827 2176 cremare
2876 2119 3228 2193 compulsus
3276 2123 3385 2175 est.
3438 2119 3578 2176 illu-

1912 2211 2182 2268 dowicus
2213 2215 2270 2267 et
2295 2211 2542 2267 Carolus
2593 2225 2880 2281 germana
2931 2209 3174 2264 caritate
3218 2209 3576 2265 convenien-

1911 2303 2023 2371 tes,
2071 2303 2240 2356 tanto
2282 2298 2527 2355 fraterni
2573 2298 2801 2353 amoris
2859 2296 3102 2352 vinculo
3167 2295 3427 2352 devincti
3470 2312 3576 2368 pa-

1914 2393 2178 2459 tuerunt,
2208 2393 2274 2445 ut
2301 2387 2450 2444 alter
2506 2386 2672 2443 alteri
2723 2386 2976 2443 baculos
3022 2385 3269 2458 publice
3319 2384 3581 2441 tribueno

1911 2479 2011 2548 do,
2042 2495 2256 2548 regum
2307 2493 2524 2534 uxores
2574 2481 2632 2534 et
2657 2475 2878 2533 liberos
2927 2474 3227 2549 superstiti
3272 2490 3578 2531 commen-

1911 2569 2100 2626 daret.

1983 2656 2229 2714 Carolus
2249 2655 2643 2729 Aquitaniam
2664 2652 3443 2726 aggreditur.Nomenogius
3463 2651 3580 2708 Bri-

1913 2749 1998 2804 to‘
2015 2749 2305 2803 consueta
2325 2744 2578 2817 perfidia
2589 2743 2930 2814 Andegavis
2943 2747 3001 2799 et
3016 2741 3210 2799 vicina
3225 2742 3311 2798 eis
3329 2741 3579 2798 circum-

1911 2851 2159 2910 quaque
2185 2835 2319 2891 loca
2347 2833 2600 2890 invadit.
2635 2832 2987 2889 Nortmanni
3020 2848 3062 2900 s,
3097 2831 3499 2886 Petrocorium
3526 2835 3576 2901 ιι,

1913 2925 2246 2996 Aquitania
2269 2923 2958 2994 civitatem,populantes
2978 2923 3012 2990 ί,
3036 2920 3576 2993 incendunt,atque

1450 3016 1851 3071 VARIANTES
1910 3013 2289 3069 LECTIONES

207 3104 224 3137 ι
259 3100 568 3175 Metallum
593 3101 820 3175 ‘Chesn,
881 3108 936 3158 et
964 3103 1181 3174 Bouq.,
1214 3103 1320 3175 qui
1344 3109 1542 3160 tamen
1574 3103 1888 3158 metullum
1919 3103 2343 3171 corrigenaum
2371 3103 2618 3157 censuit.
2697 3101 2745 3175 ’_
2769 3100 2900 3154 Sua
2930 3097 3576 3175 perﬁdia.strenuissi-

126 3189 272 3229 mus
303 3172 498 3228 cultor
531 3172 642 3229 Ch.
715 3175 750 3245 _3
783 3173 924 3239 Quae
951 3169 1137 3245 supra
1168 3169 1476 3245 leguntur,
1505 3177 1819 3231 restituere
1846 3169 2100 3230 conatus
2124 3188 2276 3238 sum,
2311 3177 2668 3245 antequam,
2701 3169 2999 3241 Bouqueti
3047 3171 3456 3245 conjecturam
3487 3169 3574 3245 vi-

127 3245 370 3318 dissem.
390 3245 483 3318 Ea
502 3245 588 3318 sic
617 3259 678 3300 se
705 3243 881 3318 habet
911 3243 1571 3318 pertidiais'upplicium
1602 3246 1825 3301 lueret:

125 3317 195 3387 gi
221 3330 394 3384 posse
418 3315 704 3387 difﬁteor.
739 3313 1085 3385 Bouquetus
1116 3313 1367 3386 adjicit}
1402 3319 1790 3372 Doctissimus
1821 3313 2003 3372 abbas
2042 3315 2275 3384 Lebeuf
2296 3315 2400 3385 qni
2427 3313 2585 3369 hanc
2623 3313 2940 3387 annalium
2965 3317 3203 3387 partem

1904 3261 2042 3299 ucm
2066 3249 2287 3299 sancta
2317 3243 2416 3298 Dei
2456 3241 2729 3296 Ecclesia
2760 3246 2830 3296 st.
2865 3257 2940 3302 c.,
2975 3255 3082 3295 nec
3114 3241 3202 3295 ita

3275 3254 3466 3310 uoque
3497 3241 3574 3295 le-

3290 3311 3574 3366 rudentio

130 3382 371 3452 tribuit,
415 3382 576 3442 hunc
601 3387 674 3442 de
698 3382 1086 3442 Gothescalco
1121 3382 1315 3443 locum
1339 3389 1414 3444 ab
1441 3391 1775 3443 Hincmaro
1805 3382 2242 3455 interpolatum
2265 3382 2629 3455 suspicatur,
2660 3386 2861 3455 sicque
2887 3385 3150 3452 primum
3176 3397 3213 3437 a
3239 3382 3575 3455 Prudentio

127 3459 471 3531 scriptum:
500 3457 902 3531 Godescalcus
937 3458 1136 3531 Gallus
1193 3459 1468 3531 quidam,
1533 3458 1886 3531 monasterii
1936 3457 2295 3531 Orbacensis

2387 3457 2674 3510 iaceseos
2714 3452 3084 3510 suessonica
3133 3452 3483 3507 monachus
3519 3457 3578 3507 et

126 3523 475 3657 Eresbyter,
505 3529 910 3611 reprehensus
933 3529 1100 3610 quod
1126 3523 1411 3601 quaedam
1440 3523 1656 3586 nostra
1679 3529 1855 3586 saluti
1878 3529 2053 3584 valde
2071 3527 2397 3609 contraria,
2423 3528 2726 3608 pracipuc
2748 3525 2862 3579 sub
2895 3525 3142 3604 nomine
3173 3523 3576 3604 praedestina-

154 3601 334 3657 ‘onls.
368 3616 492 3655 SlllS
523 3600 694 3656 dictis
724 3605 781 3656 et
800 3613 1034 3657 scriptis
1061 3600 1416 3657 adstrueret.
1445 3602 1674 3657 Italiam
1702 3615 2042 3657 aggressus.
2067 3599 2207 3654 inde
2234 3603 2482 3657 turpiter
2512 3603 2755 3657 eiectus.
2783 3595 3167 3657 Dalmatiam,
3191 3597 3571 3650 Pannoniam

154 3595 341 3673 iouis,
368 3595 492 3655 suis
523 3595 694 3673 dictis
724 3605 781 3656 et
800 3595 1034 3673 scrip—tis
1061 3595 1416 3673 adstrueret,
1445 3602 1674 3658 Italiam
1702 3615 2042 3671 aggressus,
2067 3599 2207 3654 inde
2229 3595 2482 3673 turpiter
2512 3595 2755 3673 ejectus,
2783 3595 3167 3673 Dalmatiam,
3191 3595 3571 3673 Pannoniam

127 3671 533 3743 Noricamque
558 3671 835 3737 adorsus,
864 3666 938 3726 in'
955 3672 1279 3743 praesentia
1301 3666 1627 3729 Hludowici
1659 3666 2096 3728 Germanorum
2117 3670 2273 3739 regis
2295 3666 2620 3794 egiscopali
2643 3666 2896 3723 concilio
2927 3666 3203 3747 detectus
3219 3669 3398 3737 atque
3419 3680 3568 3720 con-

127 3744 346 3794 victus.
373 3742 621 3794 tandem
655 3743 731 3794 ad
763 3743 1090 3794 dimceseos
1112 3759 1236 3794 suae
1269 3745 1481 3794 urbem
1521 3743 1904 3794 metronolim
1936 3742 2287 3794 Remorum.
2372 3745 2788 3794 urocortorum
2810 3753 3076 3794 nomine.
3112 3753 3207 3791 (ιω
3249 3740 3568 3794 lngmarus

126 3744 346 3817 victus,
373 3742 621 3817 tandem
655 3743 731 3798 ad
763 3742 1093 3817 diaceseos
1112 3759 1236 3798 sua
1269 3745 1482 3817 urbem
1521 3743 1904 3817 metropolim
1936 3742 2287 3817 Remorum,

2372 3736 2788 3796 urocortorum
2810 3739 3076 3799 nomine,
3112 3736 3207 3791 cui
3249 3736 3569 3805 ln’gmarus

126 3805 612 3919 E’Xencerabjlis
633 3813 1165 3919 pgﬁsirde’t,hredire
1194 3815 1590 3888 compellitur,
1622 3805 1813 3881 Quém
1837 3829 1962 3870 non
1992 3813 2181 3870 multo
2227 3805 2367 3886 post
2413 3811 2687 3867 Ecclesia
2737 3809 2840 3865 Dei
2891 3806 3341 3864 strenuissimus
3386 3805 3579 3862 cultor

1755 3955 1968 4013 NOTIE

133 3883 412 3954 Carolus,
444 3890 554 3941 etc.
633 3883 663 3919 ‘
676 3884 855 3942 Britto
885 3884 994 3942 Ch.

204 4060 232 4088 ι
261 4051 346 4108 Cf.
376 4051 596 4108 Chron.
626 4050 703 4108 de
729 4051 912 4123 gestis
943 4053 1297 4110 Nortmann.

206 4123 237 4164 ιι
263 4123 348 4179 Cf.
377 4123 559 4179 idem.

209 4203 232 4230 °
262 4193 589 4319 Mgullum,
621 4194 926 4258 Metulum,
965 4197 1232 4251 castrum
1263 4195 1325 4250 in
1356 4194 1697 4252 Pictonibus
1729 4195 1806 4251 si-

209 4282 286 4319 m.
369 4281 496 4319 ouo.

130 4271 286 4324 tum.
322 4271 496 4329 Bono.

207 4337 233 4372 ά
250 4337 908 4410 Guillelmusducatum
920 4336 1286 4410 Tolosanum
1297 4352 1336 4394 a
1350 4337 1806 4410 Pippino,Aqui7

131 4409 317 4465 tania
358 4424 519 4478 rege,
569 4408 827 4480 obtinuit
853 4408 949 4463 vel
978 4412 1116 4480 post
1159 4408 1431 4480 mortem
1461 4408 1805 4480 patrisfvel

133 4495 300 4560 anno
333 4482 456 4543 845,
489 4491 613 4560 quo
638 4479 957 4560 l’ippinus,
978 4479 1129 4560 pace
1184 4479 1536 4560 facta.cum_
1570 4479 1801 4550 Carolo,

135 4551 474 4607 maximam
497 4550 833 4624 Aquitania
864 4550 1101 4622 partem
1127 4550 1464 4624 acquisivit.
1502 4553 1673 4614 Bono.

212 4632 235 4658 ⁸
266 4621 614 4694 Ampurias.

208 4693 226 4729 τ
254 4692 556 4750 Carisiaci.
588 4693 943 4750 Hincmarus
965 4692 1030 4748 in
1054 4693 1258 4749 libello
1291 4692 1366 4748 de
1418 4692 1806 4749 Pradestina—

135 4765 319 4831 tione,
350 4780 485 4834 cap.
507 4769 564 4833 2,
596 4765 713 4822 ait:
766 4765 840 4820 In
869 4765 1155 4834 synodali
1185 4770 1482 4820 conventu
1536 4765 1601 4820 in
1635 4766 1800 4822 Cari-

134 4837 298 4892 εἱαεο
326 4836 559 4906 palatio
588 4837 806 4892 iterum
831 4836 1078 4892 auditus
1095 4836 1519 4892 Gothescalcus
1551 4836 1626 4891 ab
1650 4837 1802 4906 epis-

136 4909 302 4976 copis
331 4913 388 4964 et
418 4910 628 4964 ceteris
658 4923 859 4980 quam,
874 4907 1159 4980 plurimis
1190 4908 1338 4980 viris
1389 4908 1804 4980 ecclesiasticis

136 4985 321 5049 atque
341 4980 655 5048 religiosis,
669 4978 796 5050 'qui
807 4978 993 5036 eidem
1014 4978 1244 5048 synodo
1261 4979 1694 5050 inter/"uerunt,
1719 4980 1804 5034 vi-

137 5051 353 5106 delicet
434 5049 743 5107 Wenilone
815 5051 1249 5107 Senonensium
1328 5049 1802 5119 archiepiscopo,

136 5123 471 5178 Hincmaro
502 5124 819 5178 Remorum
851 5123 1144 5191 episcopo,
1198 5121 1453 5191 aliisque
1493 5122 1802 5178 duodecim

137 5192 354 5248 ibidem
383 5193 728 5249 nominatis.
765 5195 939 5259 Bono.

207 5263 346 5350 fg}.
379 5264 598 5347 Chron.
631 5263 707 5319 de
739 5263 920 5334 gestis
950 5264 1154 5319 Norm.
1180 5278 1236 5320 a.
1261 5265 1386 5320 848.

257 5335 630 5407 Pe’rigueuz.

1836 4058 1876 4114 C
1919 4052 2159 4106 tissimis
2187 4050 2401 4106 ictibus
2430 4055 2642 4106 sancta
2689 4049 3040 4118 patiebatur
3081 4048 3384 4104 Ecclesia:
3435 4061 3577 4103 nam

1915 4123 2088 4177 nullo
2141 4123 2372 4192 ferente
2435 4122 2832 4177 barbarorum
2881 4121 3207 4188 vesaniam,
3266 4124 3396 4175 erat
3453 4134 3574 4174 non

1914 4193 2150 4248 modica
2202 4193 2540 4262 tribulatio,
2595 4193 2736 4264 quia
2793 4207 2909 4262 per
2963 4207 3161 4247 omnes
3206 4205 3361 4261 pene
3390 4205 3577 4264 pagos

1904 4266 2093 4334 juxta
2128 4265 2430 4320 Gallicum
2462 4263 2747 4320 oceanum
2792 4264 3078 4333 dispersa?
3127 4268 3266 4318 sunt
3321 4263 3581 4319 ecclesia

1915 4336 2207 4405 urbesque
2225 4335 2627 4404 depopulata,
2672 4340 2852 4406 atque
2904 4337 3270 4390 monasteria
3318 4334 3574 4403 objecta.

2461 4407 2669 4476 fuerat
2713 4406 2908 4462 rabies
2953 4406 3457 4476 persequentium,
3512 4409 3580 4458 ut

1919 4408 2112 4463 Tanta
2161 4421 2416 4477 namque

2798 4477 3104 4542 uivissent,
3137 4482 3245 4532 aut
3294 4488 3580 4530 mucrone

1915 4494 2061 4548 quos
2098 4493 2315 4546 capere
2346 4477 2726 4534 Christianos

1915 4556 2221 4615 necarent,
2255 4555 2361 4604 aut
2387 4549 2565 4605 etiam
2596 4563 2740 4618 quos
2759 4549 2978 4602 horror
3008 4550 3164 4602 necis
3198 4551 3577 4618 innocentum

1912 4621 2242 4687 invaserat,
2262 4626 2518 4690 propter
2547 4615 3013 4690 redemptionem
3043 4632 3285 4673 servare
3309 4615 3580 4690 niteban-

1916 4697 2036 4746 tur.
2069 4687 2373 4748 Nonnulli
2383 4687 2653 4762 equidem
2669 4689 3155 4762 Christianorum
3182 4687 3578 4762 torvissimam

1914 4764 2153 4832 experti
2172 4759 2663 4832 persecutionem,
2693 4761 3098 4832 relinquentes
3129 4759 3364 4832 pradia
3392 4762 3447 4832 et
3470 4771 3579 4826 pa-

1916 4829 2116 4890 ternos
2142 4829 2488 4904 abjicientes
2524 4833 2772 4903 fundos,
2799 4829 3007 4904 partes
3041 4830 3302 4887 Orientis
3327 4843 3394 4904 se
3413 4829 3580 4904 inco-

1918 4905 2077 4962 latus
2099 4899 2329 4962 dedere.
2363 4899 2548 4960 Multi
2567 4899 2821 4974 denique
2846 4903 3151 4974 elegerant
3170 4901 3363 4972 magis
3383 4899 3581 4968 cuspi-

1914 4977 2088 5033 dibus
2115 4976 2460 5033 occumbere
2486 4973 2920 5046 potius,’quam
2954 4973 3279 5030 incolumes
3297 4976 3582 5042 paternos

1918 5049 2190 5119 linquere
2222 5049 2403 5104 lares.
2435 5048 2565 5102 Alii
2591 5045 2800 5119 nempe
2818 5046 3047 5114 plures,
3069 5060 3322 5119 quorum
3363 5045 3428 5099 in
3453 5058 3580 5099 cor-

1915 5117 2088 5175 dibus
2144 5120 2290 5188 ﬁdes
2354 5119 2598 5174 minime
2653 5118 2886 5172 radices
2943 5122 3202 5188 ceperat.
3267 5117 3578 5170 lavacrum

1915 5187 2151 5265 sancta
2166 5191 2632 5265 regenerationis
2659 5189 3048 5265 negligentes,
3078 5187 3181 5243 sed
3195 5200 3588 5265 paganorum.

1917 5255 2254 5318 latebrosas
2275 5261 2592 5328 diligentes
2642 5255 2917 5328 astutias,
2969 5260 3216 5314 illorum
3260 5255 3322 5313 se
3362 5255 3586 5327 foederi

1915 5339 1971 5389 et
1999 5335 2159 5415 vitiis
2193 5331 3143 5415 [sociabant]....Eratnigiturheo
3172 5334 3434 5415 tempore
3457 5340 3586 5415 mo-

212 5415 228 5454 i
259 5406 340 5478 De
369 5400 484 5463 hac
514 5405 686 5463 clade
701 5404 958 5477 insignis
987 5408 1077 5462 est
1104 5404 1357 5478 epistola
1384 5405 1517 5476 Agii
1548 5404 1805 5478 Vabren-
1838 5414 1883 5468 Ι)
1915 5405 2246 5478 nasterium
2269 5405 2333 5478 in
2362 5400 2678 5478 provincia
2703 5402 2919 5478 Galliae
2943 5401 3007 5456 in
3031 5400 3582 5478 Petracorigpago,

138 5476 220 5552 sis
241 5477 502 5552 abbatis,
530 5493 720 5552 quam
753 5476 998 5552 ineunte
1029 5476 1252 5552 sac'ulo
1273 5477 1512 5552 decimo
1566 5477 1805 5552 scripsit

136 5547 211 5621 de
242 5549 472 5619 origine
498 5547 848 5606 monasterii
890 5547 1218 5621 vabrensis
1241 5565 1273 5621 :7
1309 5550 1486 5621 cujus
1535 5547 1802 5621 epistola

138 5617 544 5689 fragmentum
573 5621 777 5677 retulit
827 5619 1084 5677 Catellus
1114 5620 1173 5675 in
1208 5617 1468 5676 Historia
1512 5617 1801 5675 comitum

136 5689 591 5755 Tolosanorum,
642 5708 781 5764 pag.
819 5696 924 5747 69:
990 5692 1298 5764 Tempore,
1342 5691 1557 5764 inquit
1593 5691 1798 5764 Agius,

177 5777 253 5817 uo
285 5762 656 5833 expartibus
682 5765 943 5833 Europa
970 5762 1046 5818 ab
1076 5763 1380 5832 aquilonis
1410 5762 1658 5819 cardine
1678 5763 1801 5831 dif-

177 5778 253 5817 uo
285 5778 652 5833 expartzous
682 5778 943 5833 Europa
970 5778 1046 5818 ao
1076 5778 1380 5832 aquilonis
1410 5778 1658 5819 caraine
1678 5778 1801 5831 Cll/-

135 5778 278 5905 fusa
306 5849 452 5905 gens
474 5836 1049 5905 Marchomanorum
1078 5833 1403 5890 savissima
1434 5839 1616 5904 atque
1666 5833 1801 5890 bar-

141 5903 426 5964 barorum
456 5907 797 5970 immanior,
834 5904 1216 5975 Galliamque
1253 5903 1642 5976 introgressa,
1669 5905 1794 5972 lor-

1916 5477 2153 5532 nomine
2182 5471 2505 5543 Palnatus,
2528 5476 2592 5530 in
2618 5489 2734 5546 quo
2755 5473 3016 5546 ,jugiter,
3073 5472 3316 5546 deicolae
3343 5471 3584 5546 Christo

1913 5547 2403 5617 famulabantur,
2463 5545 2640 5601 nihil
2657 5545 2941 5617 habentes
2987 5545 3324 5617 proprium
3341 5545 3584 5617 praeter

1916 5614 2076 5690 quod
2103 5633 2316 5674 norma
2357 5618 2555 5673 sancti
2605 5614 3585 5690 Benedicticedebat.‘Alz'anam-

1915 5684 2028 5762 quc
2053 5690 2418 5746 monasteria
2445 5690 2511 5762 in
2543 5687 2747 5762 eadem
2766 5685 3084 5754 provincia
3100 5685 3316 5762 oppido
3335 5684 3580 5762 ditiora,

1913 5755 1978 5817 in
2012 5763 2245 5833 quibus,
2268 5765 2400 5831 jam
2421 5760 2558 5833 fata
2589 5761 2910 5833 ingruente
2930 5763 3111 5833 peste,
3129 5757 3324 5833 famis
3352 5755 3585 5825 pericu-

1916 5833 1972 5888 lo
2002 5829 2183 5889 multi
2211 5829 2644 5890 monachorum
2678 5829 2879 5886 sancti
2936 5829 3251 5886 Benedicti
3305 5841 3582 5884 normam

1912 5905 2220 5976 negligere
2238 5907 2566 5977 ceperunt,
2592 5905 2701 5961 etc.
2750 5903 3025 5964 Boruous.
