3950 6372
334 276 480 336 1407

1382 274 1440 328 8.
1471 268 1846 327 PRUDENTII
1871 268 2250 328 TRECENSIS
2280 268 2593 329 EPISCOPI

3632 271 3782 328 ιωε

330 404 590 460 vertunt.
623 399 808 458 Mauri
837 397 1258 468 Barcinonam,
1305 395 1528 453 Iudaeis
1572 393 1990 468 prodentibus,
2021 395 2072 450 A
2109 394 2214 451 dit.
2240 395 2445 464 Dani‘,
2475 409 2686 452 mense
2713 395 2881 464 Iulio,
2913 394 3119 452 relicta
3165 396 3466 468 Sequana,
3515 394 3782 464 Ligerim

333 491 601 565 capiunt,
633 487 1075 559 interfectisque
1117 501 1270 560 pene
1329 485 1615 540 omnibus
1653 484 1992 540 christianis

333 585 393 638 et
415 579 564 636 urbe
593 582 846 644 vastata,
879 576 1130 648 impune
1159 574 1431 631 redeunt.
1466 573 1716 630 Carolus
1747 573 1995 630 fratrem

334 668 681 727 Lotharium
692 665 768 722 ad
783 665 875 720 sui
888 663 1282 738 conloquium
1298 662 1560 720 invitans
1581 663 1747 736 apud
1762 666 1996 734 Augus-

332 762 457 816 tam
487 753 996 812 Viromandorum
1025 763 1073 824 ³,
1115 770 1253 827 qua:
1282 753 1443 808 beati
1475 752 1740 819 Quintini
1762 755 1990 824 marty-

331 846 414 903 ris
439 859 688 917 corpore
717 843 1056 913 insignitur,
1088 841 1346 898 fraterne
1377 840 1995 914 suscipit,honoriﬁce

333 933 532 1001 afﬁcit,
573 947 860 1003 germane
882 935 1113 999 tractat,
1127 929 1404 1000 regaliter
1423 933 1722 996 munerat,
1736 930 1995 986 redeun-

331 1025 576 1094 temque
603 1020 868 1091 benigne
898 1019 1161 1076 deducit.

404 1109 779 1166 Landbertus
804 1114 862 1166 et
882 1108 1251 1165 Guarnarius
1267 1107 1505 1174 fratres,
1526 1123 1669 1181 pars
1693 1106 1789 1165 vel
1809 1107 1996 1164 maxi-

330 1217 434 1258 ma
461 1199 925 1267 discordiarum,
961 1199 1110 1255 alter
1137 1197 1301 1270 dolo,
1355 1197 1502 1256 alter
1527 1197 1751 1254 indicio
1771 1197 1995 1254 interﬁ-

330 1291 589 1348 ciuntur.
640 1289 928 1347 Salomon
987 1288 1164 1344 Britto
1209 1287 1422 1344 Carolo
1465 1287 1662 1343 ﬁdelis
1719 1285 1991 1356 efﬁcitur,

329 1379 624 1450 tertiaque
647 1377 960 1434 Britanniae
977 1381 1147 1450 parte
1170 1377 1449 1433 donatur.
1485 1376 1759 1441 Saucius,
1791 1392 1995 1432 comes

330 1465 661 1534 Vasconiae,
696 1464 1024 1537 Pippinum
1055 1464 1288 1537 Pippini
1339 1463 1530 1520 ﬁlium
1557 1464 1717 1537 capit
1743 1465 1791 1528 δ,
1815 1468 1872 1520 et
1896 1481 1994 1519 us-

331 1572 452 1629 que
481 1555 561 1611 ad
587 1555 971 1628 praesentiam
1023 1553 1214 1611 Caroli
1273 1558 1504 1621 servat;
1537 1570 1722 1627 quem
1747 1553 1993 1609 Carolus

331 1647 580 1716 captum
599 1643 658 1698 in
683 1643 994 1698 Franciam
1017 1642 1200 1712 ducit,
1230 1659 1300 1698 ac
1322 1647 1460 1714 post
1479 1642 1871 1714 conloquium
1894 1645 1997 1698 Lo-

2109 485 2423 552 adeuntes,
2445 485 2782 542 Namnetim
2809 485 3024 542 urbem
3045 489 3104 541 et
3132 481 3570 540 monasterium
3600 499 3782 540 sanc-

2109 572 2150 629 ti
2179 571 2460 630 Florentii
2508 590 2578 630 ac
2635 573 2836 630 vicina
2883 572 3020 630 loca
3071 571 3462 646 populantur.
3523 571 3780 628 Carolus

2103 679 2313 720 mense
2338 663 2521 736 Aprili
2547 664 2856 738 synodum
2876 663 3303 737 episcoporum
3350 662 3517 720 iuxta
3547 661 3778 718 urbem

2106 751 2497 808 Suessionum
2518 753 2581 809 in
2602 753 3038 809 monasterium
3063 751 3254 810 sancti
3276 750 3539 809 Medardi
3561 751 3778 822 adgre-

2105 855 2278 912 gans,
2325 841 2481 898 duos
2508 842 2916 915 presbyteros,
2949 841 3283 898 monachos
3334 840 3609 898 eiusdem
3636 856 3776 896 mo-

2105 931 2372 998 nasterii,
2410 932 2540 1004 ipse
2594 932 2832 1005 synodo
2883 931 3234 1004 praesidens,
3268 929 3568 1004 episcopis
3616 929 3780 986 iudi-

2105 1021 2407 1085 cantibus,
2423 1020 2745 1092 degradari
2761 1021 2917 1087 fecit,
2937 1037 3009 1078 eo
3025 1021 3192 1094 quod
3214 1020 3537 1093 Pippinum
3586 1019 3779 1076 furari

2104 1114 2163 1167 et
2189 1126 2330 1166 cum
2361 1126 2432 1167 eo
2453 1110 2513 1167 in
2537 1110 2926 1184 Aquitaniam
2941 1110 3147 1180 fugere
3177 1109 3643 1182 disposuissent.
3671 1111 3772 1167 In-

2105 1202 2710 1270 gmarus,Remorum
2741 1200 3089 1273 episcopus,
3113 1215 3329 1257 omnes
3351 1198 3622 1256 ecclesia
3647 1214 3780 1254 sua:

2103 1288 2512 1362 presbyteros,
2568 1289 2861 1346 diaconos
2886 1294 2943 1345 et
2990 1288 3422 1360 subdiaconos,
3451 1304 3783 1361 quoscum-

2103 1393 2221 1451 que
2236 1377 2360 1432 Ebo
2373 1383 2511 1450 post
2531 1377 2976 1450 depositionem
2993 1393 3170 1435 suam
3187 1377 3784 1451 ordinaverat,syno-

2104 1465 2184 1522 do
2204 1465 2848 1538 indicante,deposuit.
2873 1466 3158 1539 Pippinus
3187 1466 3402 1522 Carolo
3431 1481 3781 1522 sacramen-

2107 1559 2238 1610 tum
2252 1554 2556 1610 ﬁdelitatis
2585 1555 2765 1624 iurat,
2793 1555 3117 1628 etinsuper
3152 1555 3433 1612 habitum
3482 1555 3774 1612 monachi

2106 1643 2373 1716 suscipit,
2402 1642 2748 1716 regulaeque
2769 1644 3254 1700 observationem
3275 1660 3444 1700 more
3478 1643 3776 1700 monachi

331 1732 506 1789 tharii
537 1731 598 1787 in
631 1731 995 1787 monasterio
1033 1733 1222 1786 sancti
1249 1730 1511 1787 Medardi
1549 1731 1714 1803 apud
1767 1731 1996 1787 Suessi-
2025 1749 2067 1802 Β
2105 1732 2276 1789 solito
2297 1733 2606 1806 promittit.
2639 1733 2887 1790 Carolus
2943 1733 3083 1789 inde
3129 1733 3211 1789 ad
3263 1733 3635 1791 Carisiacum
3665 1749 3770 1790 ve-

331 1837 480 1878 ones
514 1819 747 1876 tonderi
773 1820 956 1876 iubet.
1007 1819 1392 1875 Hludowicus
1423 1821 1462 1886 ¹,
1516 1819 1776 1876 Lotharii
1812 1819 1992 1882 ﬁlius,

331 1911 738 1966 Beneventum
769 1908 1000 1975 adiens,
1028 1909 1264 1964 Bairam
1295 1914 1311 1938 ⁸
1337 1908 1638 1964 civitatem
1658 1914 1994 1982 oppugnat,

330 2000 786 2071 interruptoque
816 1998 1326 2070 muro,pessimus
1351 2015 1496 2053 usus
1519 1998 1785 2054 consiliis
1817 2014 1854 2054 a
1882 2015 1999 2054 cre-

336 2093 442 2161 pto
471 2086 698 2156 resilit;
732 2103 876 2143 nam
907 2085 1248 2143 dicentibus
1280 2086 1638 2142 consiliariis
1687 2087 1833 2151 suis,
1864 2103 1994 2142 ma-

330 2191 512 2247 gnam
535 2175 652 2231 illic
675 2179 911 2248 partem
937 2191 1067 2231 esse
1098 2177 1549 2246 thesaurorum,
1575 2191 1700 2247 qua
1757 2175 1995 2247 penitus

328 2264 730 2334 fraudaretur,
808 2264 858 2321 si
898 2265 1126 2336 passim
1174 2264 1458 2320 omnibus
1508 2264 1772 2320 intrandi
1819 2264 1997 2336 copia

327 2353 591 2418 daretur,
620 2352 681 2408 iu
713 2358 912 2410 castra
943 2370 1074 2409 sese
1108 2353 1338 2426 recipit,
1374 2353 1691 2425 prohibitis
1711 2353 1996 2409 omnibus

329 2441 762 2514 abirruptione
792 2441 978 2498 urbis.
1038 2442 1267 2508 Quibus
1318 2442 1758 2508 recedentibus,
1812 2441 1998 2498 Mauri

329 2531 413 2587 ita
443 2535 629 2587 noctu
659 2530 818 2586 muri
878 2531 1213 2604 interrupta
1267 2531 1539 2587 trabibus
1577 2531 1882 2598 muniunt,
1934 2535 2000 2586 ut

331 2620 670 2676 venientem
705 2620 768 2675 in
799 2621 1129 2676 crastinum
1155 2621 1393 2676 hostem
1432 2619 1777 2676 nullatenus
1800 2619 2001 2676 formi-

331 2709 477 2765 dent
505 2727 518 2776 ;
547 2709 802 2782 proinde
831 2709 892 2765 in
946 2727 1187 2766 cassum
1237 2714 1404 2766 tanto
1462 2708 1670 2766 labore
1716 2709 1996 2766 deducto.

334 2797 719 2854 Hludowicus
745 2815 882 2854 cum
915 2799 1177 2856 exercitu
1211 2815 1320 2856 suo
1352 2798 1431 2855 ad
1474 2799 1722 2872 propria
1750 2802 1996 2855 remeat.

327 2886 742 2944 Abdirhaman
795 2890 839 2957 ³,
892 2904 994 2944 rex
1076 2891 1544 2945 Sarracenorum
1594 2888 1656 2944 in
1711 2886 2001 2960 Hispania

329 2977 806 3044 consistentium,
843 2977 1135 3034 Cordubae
1159 2977 1432 3041 moritur,
1455 2992 1834 3049 regnumque
1865 2976 1997 3048 ejus

336 3063 496 3156 ﬁlius
521 3065 710 3156 ipsius
739 3066 1113 3156 adsequitur.
1139 3066 1522 3156 rGodefridus,
1556 3065 1817 3156 Herioldi
1851 3063 1998 3156 Dani
2023 3101 2065 3156 ο

330 3151 510 3221 ﬁlius,
552 3154 658 3227 qui
689 3155 1006 3228 quondam
1059 3155 1174 3211 sub
1227 3155 1589 3228 imperatore
1646 3153 1996 3209 Hludowico

329 3244 686 3313 Maguntiaci
711 3246 732 3279 ³
755 3244 947 3300 fuerat
970 3243 1325 3317 baptizatus,
1351 3260 1386 3299 a
1406 3242 1681 3299 Lothario
1710 3241 1998 3298 deﬁciens

331 3331 410 3387 ad
438 3350 579 3389 suos
611 3350 673 3389 se
705 3333 959 3403 confert;
993 3334 1154 3389 unde
1183 3337 1513 3401 conrogata
1540 3347 1732 3387 manu
1760 3330 1984 3401 valida,

331 3422 593 3479 Fresiam
643 3439 783 3478 cum
830 3422 1212 3480 multitudine
1251 3421 1499 3478 navium
1552 3423 1573 3454 ‘
1617 3419 1990 3490 adgreditur,

329 3510 548 3566 deinde
569 3511 765 3568 vicina
797 3511 1026 3568 Scaldis
1054 3509 1343 3580 ﬂuminis,
1387 3509 1464 3564 ad
1493 3513 1868 3580 postremum
1896 3511 1996 3564 Se-

329 3617 600 3675 quanam
627 3602 649 3637 ⁵
679 3601 1031 3673 ingreditur.
1063 3603 1192 3666 Quo
1224 3599 1676 3655 occurrentibus
1709 3599 1997 3656 Lothario

331 3696 388 3748 et
418 3691 629 3748 Carolo
646 3689 973 3762 cumzomni
995 3706 1106 3745 suo
1135 3687 1417 3755 exercitu,
1447 3692 1767 3761 utramque
1786 3689 1996 3762 ripam

329 3779 603 3852 ejusdem
626 3778 894 3836 ﬂuminis
922 3777 1226 3835 obsident.

1011 3899 1325 3957 DCCCLllI.

403 4048 472 4103 In
527 4063 654 4120 qua
723 4043 1038 4102 obsidione
1094 4044 1412 4100 dominicae
1467 4043 1789 4101 nativitatis
1833 4045 1995 4101 festi-

327 4136 576 4193 vitatem
630 4134 954 4190 celebrant.
1019 4133 1130 4188 Sed
1163 4133 1506 4189 nolentibus
1551 4150 1625 4190 ex
1671 4139 1842 4207 parte
1893 4135 1998 4192 Ca-

328 4223 440 4281 roli
495 4227 664 4278 erant
714 4221 861 4276 inire
916 4220 1162 4285 bellum,
1224 4221 1454 4294 absque
1506 4222 1752 4279 utilitate
1809 4240 1995 4279 reces-

331 4327 470 4368 sum
519 4315 627 4366 est.
680 4309 924 4366 Carolus
977 4311 1260 4367 eumdem
1303 4311 1695 4368 Godefridum
1748 4313 1996 4385 quibus-

330 4399 476 4456 dam
526 4397 910 4471 pactionibus
950 4399 1062 4454 sibi
1095 4399 1413 4466 conciliat;
1465 4401 1642 4456 ceteri
1686 4404 1992 4458 Danorum

2104 1822 2296 1886 niens,
2345 1839 2484 1878 cum
2538 1822 2911 1896 quibusdam
2963 1822 3265 1895 eplscopis
3320 1828 3378 1878 et
3442 1821 3779 1878 abbatibus

2106 1911 2455 1968 monasticis
2487 1915 2750 1984 quatuor
2776 1921 2797 1948 °
2829 1911 3094 1985 capitula
3151 1911 3358 1983 edidit,
3414 1915 3474 1967 et
3519 1910 3776 1984 propria

2107 2000 2543 2073 subscriptione
2572 2001 2900 2057 roboravit.
2957 2002 3229 2067 Quorum
3273 2000 3540 2072 primum
3569 2004 3701 2056 est:
3739 2015 3781 2056 a

2105 2090 2228 2145 Deo
2257 2090 2562 2146 neminem
2593 2089 3092 2162 praedestinatum
3125 2089 3203 2145 ad
3262 2104 3509 2161 poenam
3556 2103 3778 2145 unam-

2105 2194 2225 2250 que
2299 2195 2433 2234 esse
2489 2180 2591 2234 Dei
2660 2178 3274 2251 praadestinationem,
3343 2194 3480 2249 quae
3535 2181 3639 2233 aut
3694 2178 3781 2234 ad

2105 2265 2338 2322 donum
2385 2267 2640 2339 pertinet
2697 2268 2921 2336 gratias,
2999 2271 3104 2323 aut
3150 2266 3230 2322 ad
3285 2265 3779 2323 restributionem

2106 2354 2362 2411 iustitia.
2399 2355 2780 2412 Secundum:
2811 2355 3069 2411 liberum
3111 2353 3450 2427 arbitrium,
3500 2355 3667 2428 quod
3710 2354 3780 2412 in

2105 2443 2304 2516 primo
2335 2444 2545 2500 ordine
2581 2443 2978 2516 perdidimus.
3031 2442 3209 2498 nobis
3262 2444 3670 2515 praeveniente
3713 2448 3780 2501 et

2107 2532 2428 2588 adiuvante
2459 2533 2671 2588 Christi
2699 2532 2890 2603 gratia
2920 2531 3244 2587 redditum.
3275 2532 3533 2588 Tertium
3569 2550 3582 2588 :
3623 2532 3781 2592 velle

2108 2621 2295 2677 Deum
2327 2621 2679 2692 generaliter
2703 2636 2916 2676 omnes
2942 2620 3221 2676 homines
3241 2620 3440 2677 salvos
3469 2619 3616 2686 ﬁeri,
3640 2620 3784 2679 licet

2105 2725 2230 2765 non
2250 2725 2462 2766 omnes
2483 2709 2808 2765 salventur.
2826 2711 3116 2775 Quartum
3138 2727 3151 2764 :
3177 2709 3388 2766 Christi
3410 2709 3779 2779 sanguinem

2106 2813 2218 2870 pro
2247 2797 2533 2854 omnibus
2569 2797 2796 2868 fusum,
2831 2797 2966 2854 licet
3022 2813 3145 2854 non
3201 2813 3415 2854 omnes
3469 2797 3776 2872 passionis

2105 2885 2396 2959 mysterio
2426 2887 2822 2943 redimantur.
2845 2887 3124 2959 Aquitani
3157 2902 3310 2959 pene
3339 2902 3554 2943 omnes
3585 2902 3624 2942 a
3669 2887 3776 2944 Ca-

2105 2975 2235 3031 rolo
2263 2975 2573 3047 recedunt,
2602 2981 2784 3049 atque
2817 2976 2898 3032 ad
2931 2975 3375 3046 Hludowicum,
3407 2991 3612 3046 regem
3635 2977 3776 3032 Ger-

2106 3063 2592 3134 inania3,legatos
2623 3081 2748 3120 suae
2778 3064 3100 3121 deditionis
3129 3081 3270 3120 cum
3295 3064 3612 3121 obsidibus
3638 3065 3775 3121 mit-

2106 3157 2259 3209 tunt.
2285 3152 2450 3208 Idem
2476 3153 2860 3210 Hludowicus
2888 3169 2999 3226 pro
3026 3153 3397 3226 quibusdam
3419 3153 3776 3209 conditioni-

2104 3241 2247 3307 bus,
2279 3247 2549 3314 tempore
2592 3243 3082 3315 pertubationum
3129 3243 3283 3298 inter
3313 3257 3375 3298 se
3406 3246 3464 3298 et
3491 3241 3774 3298 Carolum

2105 3330 2296 3398 factis,
2324 3332 2612 3387 adversus
2635 3331 2915 3389 Carolum
2943 3335 3157 3388 acriter
3201 3336 3606 3404 permovetur.
3655 3334 3774 3386 Gu-

2104 3419 2291 3476 nedes
2324 3417 2344 3457 ί
2386 3426 2595 3477 contra
2640 3421 3056 3477 Hludowicum
3107 3420 3295 3477 solitis
3337 3421 3449 3477 sibi
3505 3421 3775 3493 perﬁdiis

2105 3509 2493 3566 mentiuntur.
2554 3510 2864 3566 Lotharius
2913 3510 3261 3584 imperator,
3317 3509 3600 3566 defuncta
3636 3515 3774 3566 ante

2104 3597 2418 3654 biennium
2501 3599 2917 3669 Ermengarda
2982 3598 3484 3655 christianissima
3539 3599 3769 3668 regina,

2104 3687 2258 3743 duas
2282 3687 2394 3743 sibi
2415 3687 2663 3744 ancillas
2685 3704 2759 3744 ex
2771 3687 2914 3744 villa
2935 3687 3101 3757 regia
3132 3688 3154 3722 ⁸
3184 3687 3505 3760 copulavit,
3533 3703 3606 3743 ex
3627 3703 3778 3760 qua-

2103 3793 2242 3834 rum
2273 3775 2484 3840 altera,
2510 3776 2678 3834 Doda
2696 3775 3016 3844 vocabulo,
3040 3776 3233 3832 ﬁlium
3255 3781 3563 3847 genuerat,
3587 3791 3774 3849 quem

2105 3863 2626 3921 Karolomannum
2661 3864 2866 3920 vocari
2895 3863 3097 3931 iubet;
3130 3863 3351 3936 aliique
3382 3862 3488 3919 ﬁlii
3512 3863 3641 3920 eius
3691 3863 3806 3938 si-_

2105 3952 2322 4008 militer
2374 3952 2679 4010 adulteriis
2753 3951 3106 4008 inserviunt.
3178 3952 3382 4008 Piratae
3414 3965 3439 4004 ε
3465 3954 3772 4009 Danorum

2105 4058 2142 4097 a
2169 4043 2562 4099 Namnetibus
2591 4042 2902 4116 superiora
2927 4046 3219 4114 petentes,
3265 4057 3474 4098 mense
3522 4045 3772 4099 Novem-

2103 4129 2222 4200 bri,
2258 4147 2316 4186 vr
2369 4130 2642 4188 videlicet
2697 4130 2857 4200 Idus,
2909 4131 3124 4188 urbem
3172 4134 3479 4188 Turonum
3523 4131 3773 4204 impune

2105 4219 2330 4275 adeunt
2351 4223 2531 4291 atque
2563 4219 2894 4276 incendunt
2943 4236 3081 4276 cum
3125 4219 3380 4276 ecclesia
3411 4220 3599 4276 sancti
3630 4222 3776 4276 Mar-

2104 4308 2211 4364 tini
2239 4312 2296 4364 et
2324 4309 2533 4364 ceteris
2563 4308 2983 4365 adiacentibus
3003 4308 3187 4377 locis;
3227 4307 3333 4364 sed
3358 4309 3502 4381 quia
3527 4308 3772 4364 eviden-

2106 4397 2145 4452 ti
2189 4397 2542 4454 certitudine
2567 4398 2682 4454 hoc
2708 4399 3053 4472 praescitum
3096 4397 3311 4468 fuerat,
3339 4413 3560 4472 corpus
3611 4397 3773 4454 beati

338 4503 537 4561 usque
597 4487 676 4544 ad
723 4503 1000 4543 mensem
1055 4490 1326 4544 Martium
1383 4489 1532 4544 inibi
1589 4489 1826 4562 absque
1871 4489 1994 4547 ulla
2021 4463 2067 4516 D
2106 4485 2332 4542 Martini
2354 4485 2432 4542 ad
2456 4488 2868 4544 Cormaricum
2897 4485 2941 4558 ",
2970 4486 3405 4543 monasterium
3427 4486 3554 4542 eius
3592 4486 3774 4542 eccle-

335 4576 658 4634 formidine
688 4575 971 4645 resident,
996 4581 1213 4635 cuncta
1261 4593 1333 4634 eo
1357 4577 1641 4634 furiosius
1697 4595 1820 4651 quo
1852 4579 1995 4636 libe-

328 4665 454 4723 rius
513 4665 822 4736 diripiunt,
900 4669 1170 4723 cremant
1249 4671 1431 4739 atque
1493 4666 1817 4739 captivant.
1888 4670 1995 4723 Lo-

325 4754 678 4828 thariusque
749 4753 938 4812 ﬁliam
1011 4753 1207 4811 Caroli
1288 4771 1324 4810 a
1392 4770 1564 4811 sacro
1649 4754 1812 4812 fonte
1863 4773 1994 4813 sus-

327 4841 490 4917 cipit,
521 4846 579 4899 et
598 4858 828 4916 paucos
857 4847 996 4916 post
1021 4843 1150 4900 dies
1180 4841 1260 4898 ad
1299 4859 1408 4900 sua
1433 4858 1706 4900 remeare
1752 4849 1990 4901 conten-

2107 4575 2229 4646 siae,
2258 4591 2330 4632 ac
2355 4576 2495 4635 inde
2525 4577 2605 4634 ad
2639 4577 2937 4634 civitatem
2980 4576 3440 4633 Aurelianorum
3467 4581 3774 4648 transpor-

2106 4669 2391 4722 taverunt
2405 4667 2448 4722 ⁷.
3393 4702 3395 4704 -

2174 4755 2438 4828 Bulgari,
2463 4756 2762 4812 societatis
2781 4755 2894 4811 sivi
2916 4754 3168 4824 Sclavis,
3198 4759 3274 4825 ct,
3298 4758 3364 4810 ut
3382 4753 3586 4822 fertur,
3612 4770 3772 4811 ano-

2101 4845 2236 4900 stris
2279 4844 2640 4900 muneribus
2688 4844 2941 4912 invitati,
3001 4843 3294 4900 adversus
3327 4841 3769 4914 Hludowicum,

1617 4932 2017 4990 VARIANTES
2057 4933 2350 4990 LECTION
2358 4934 2458 4988 ES.

399 5057 417 5129 ἕ
448 5054 560 5112 Ch.
593 5055 691 5112 hic
735 5061 798 5129 et_
821 5057 977 5112 alias
1017 5055 1373 5129 ludowicus,
1428 5056 1724 5114 ludoicus.
1756 5061 1779 5094 ²
1826 5059 2147 5116 abdirham
2187 5057 2296 5113 Ch.
2329 5059 2400 5112 B.
2436 5059 2458 5091 ³
2489 5056 2875 5129 magunciaci
2922 5057 3032 5113 Ch.
3075 5058 3097 5090 ἰ
3132 5055 3385 5111 navium
3443 5055 3622 5113 deest.
3658 5057 3768 5115 Ch.

329 5127 352 5161 ⁸
381 5127 727 5199 Sequanam
757 5127 915 5200 deest
948 5129 1010 5200 in
1034 5127 1144 5191 Ch,
1181 5134 1236 5183 et
1261 5129 1481 5200 Bouq.,
1517 5131 1874 5186 vocabulum
1910 5137 2108 5188 tamen
2139 5131 2428 5188 excidisse
2448 5127 2670 5200 patet;
2695 5145 2808 5198 pro
2830 5131 2961 5198 ipsa
2991 5144 3057 5184 re
3083 5130 3174 5184 vel
3204 5129 3498 5183 Sumnam
3531 5130 3624 5184 vel
3679 5132 3769 5186 Se-

327 5213 599 5276 quanam
630 5199 1254 5276 restituendymerat,
1276 5199 1637 5276 Sequanam
1662 5207 1859 5276 tamen
1892 5218 2035 5276 esse,
2059 5220 2194 5276 quae
2223 5217 2383 5276 anno
2410 5199 2677 5276 sequenti
2704 5207 3048 5276 narrantur
3078 5205 3133 5256 et
3163 5202 3414 5276 annales
3445 5201 3769 5276 Fuldenses

329 5269 410 5349 ᾀεί
429 5285 467 5326 a
493 5273 599 5325 850
621 5275 925 5349 evincunt.
960 5269 982 5302 ⁸
1015 5269 1124 5325 sibi
1146 5269 1406 5349 ancillas
1427 5287 1515 5349 ex
1542 5271 1682 5329 villa
1720 5274 1887 5343 regia
1920 5274 2032 5331 sibi
2064 5269 2370 5349 copulavit
2399 5269 2522 5330 BC?
2563 5273 2755 5344 legere
2805 5273 2989 5344 malo,
3021 5288 3157 5329 cum
3189 5271 3472 5329 chronica
3495 5272 3568 5328 de
3594 5274 3768 5344 gestis

1913 5417 2145 5475 ΝΟΤίΕ.

325 5341 824 5398 Normannorum
856 5345 1330 5414 transportatum
1353 5347 1462 5399 est.

401 5509 905 5587 ngint-Quenlin
933 5510 1018 5587 Cf.
1043 5511 1233 5587 Vales.
1268 5514 1395 5587 Not.
1431 5511 1674 5587 Gall.,p.
1706 5518 1830 5587 595,
1855 5518 1982 5572 596.

366 5579 648 5657 ,δΜςθρεθ
728 5582 1226 5657 Septembri._Cf.
1289 5579 1993 5657 Chron._iAquitanicum

331 5652 455 5703 sive
506 5652 933 5708 Memmiadum
964 5658 1023 5709 et
1068 5653 1288 5710 Chron.
1345 5652 1800 5726 Engolisniense
1831 5658 1998 5730 apud

333 5715 518 5779 Bouq.
541 5723 657 5779 VII.
690 5736 830 5779 pag.
864 5728 992 5779 222.
1025 5723 1152 5779 223.

407 5735 846 5848 Ρὲὶιὲἓείξίἱξξι
864 5735 1230 5862 salsa...

2183 5515 2204 5547 ⁴
2227 5515 2310 5573 Cf.
2345 5515 2561 5574 Chron.
2592 5515 2666 5572 de
2699 5515 2880 5586 gestis
2910 5517 3109 5570 Norm.

2177 5598 2198 5624 °
2229 5588 2311 5644 Cf.
2352 5587 2670 5644 Mabillonii
2711 5584 2881 5645 'Ann.
2926 5585 3174 5651 Bened.,
3203 5584 3307 5641 lib.
3342 5599 3545 5652 xxxrv,
3579 5599 3638 5639 n.
3681 5588 3763 5639 52.

2180 5661 2198 5700 ι
2235 5659 2300 5714 Id
2331 5665 2421 5715 est
2446 5659 2692 5714 Winedi.

2184 5745 2208 5782 ις
2249 5731 2330 5787 Cf.
2365 5731 2581 5786 Chron.
2616 5730 2690 5785 de
2722 5729 2901 5800 gestis
2932 5733 3134 5786 Norm.

2183 5800 2208 5831 ‘
2236 5802 2528 5870 Cormeri,
2559 5801 2624 5858 in
2651 5799 2812 5875 pago
2841 5799 3153 5864 Turonico.
