3950 6382
155 285 287 342 1409

1697 275 2044 333 ANNALES.

3451 281 3589 347 illo

153 407 478 466 Germaniae
503 422 727 477 regem,
754 406 966 463 acriter
985 411 1445 480 promoventur,
1479 403 1583 462 sed
1612 402 1808 460 Domi-
1835 400 1887 456 Δ
1924 398 2201 471 fugatum
2221 401 2300 458 ad
2331 407 2565 475 patrem
2592 405 2655 461 in
2677 405 3060 463 Germaniam
3097 406 3292 465 redire
3322 413 3588 484 compel-

151 515 227 554 no
275 502 585 570 pugnante
630 497 970 552 vincuntur.
1005 498 1185 553 Graeci
1238 514 1381 553 vero
1433 513 1556 554 non
1614 496 1809 552 minus

151 593 356 644 contra
394 586 810 642 Hludowicum
842 586 1032 642 ﬁlium
1067 587 1343 654 Lotharii,
1376 603 1578 657 regem
1610 585 1806 648 italiae,

150 677 546 742 concitantur,
576 680 820 749 propter
847 676 1034 732 ﬁliam
1069 677 1447 749 imperatoris
1481 676 1811 734 Constanti-

149 765 478 840 nopolitani
510 765 590 822 ab
620 781 691 821 eo
714 765 1144 838 desponsatam
1182 766 1285 821 sed
1319 767 1396 822 ad
1422 767 1548 822 eius
1568 766 1810 839 nuptias

150 856 354 912 venire
385 854 785 911 differentem.
814 855 1064 910 Romani
1105 871 1369 927 quoque,
1398 855 1570 911 artati
1608 856 1809 911 Sarra-

149 961 434 1002 cenorum
459 949 919 1016 Maurorumque
959 944 1422 1010 incursionibus,
1457 945 1536 1000 ob
1582 945 1672 1000 sui
1711 945 1810 1000 de-

147 1035 482 1092 fensionem
512 1034 760 1090 omnino
804 1033 1141 1103 neglectam
1181 1034 1346 1107 apud
1386 1035 1811 1107 imperatorem

151 1123 492 1180 Lotharium
518 1126 988 1196 conqueruntur.

822 1212 1140 1268 DCCCLlV.

219 1300 469 1359 Carolus
506 1316 690 1374 super
717 1300 913 1356 fratris
943 1301 1035 1356 sui
1067 1300 1394 1357 llludowici
1424 1301 1544 1358 ﬁde
1572 1317 1813 1375 suspec-

143 1394 262 1455 tus,
294 1390 373 1446 ad
399 1390 745 1447 Lotharium
767 1389 828 1444 in
854 1390 986 1445 vico
1021 1390 1258 1446 Leutico
1290 1400 1316 1426 ⁸
1357 1392 1535 1456 venit,
1564 1391 1666 1446 ubi
1707 1391 1813 1446 diu

144 1478 219 1535 de
249 1479 561 1535 communi
584 1478 850 1536 amicitia
881 1483 1062 1551 atque
1087 1479 1524 1535 indissolubili‘
1555 1485 1812 1537 tractan-

144 1572 252 1637 tes,
281 1568 532 1624 tandem
576 1583 780 1624 coram
814 1567 1100 1623 omnibus
1140 1569 1244 1640 qui
1290 1568 1558 1631 aderant,
1600 1569 1812 1624 identi-

146 1658 286 1714 dem
317 1674 502 1730 super
532 1662 742 1714 sancta
772 1656 1030 1712 iurando
1078 1658 1341 1715 vicissim
1393 1659 1808 1731 ﬁrmaverunt,

1919 487 2002 544 lit.
2036 489 2270 559 Karlus,
2296 493 2533 566 Pippini
2565 494 2765 566 frater,
2788 494 2910 551 iam
2930 494 3224 552 diaconus
3253 498 3588 570 ordinatus,

1921 595 1956 635 a
1987 579 2331 636 Corbeiensi
2379 583 2748 640 monasterio
2791 585 3031 641 recedit.
3074 586 3287 643 Karlus
3317 604 3422 645 rex
3450 592 3590 647 Kar-

1917 657 2297 742 lomannum,
2345 670 2538 728 ﬁlium
2606 689 2805 738 suum,
2868 677 3117 731 tonsura
3190 676 3592 736 ecclesiastica

1918 756 2172 814 dedicat.
2209 759 2359 815 Dani
2383 769 2406 796 °
2433 760 2711 818 intestino
2736 762 2890 818 inter
2921 778 2985 819 se
3036 763 3245 836 praelio
3290 764 3588 824 dimican-

1917 849 2026 917 tes,
2058 846 2212 904 adeo
2254 848 2431 905 tridui
2452 851 2892 908 concertatione
2943 851 3420 911 obstinatissima
3447 855 3590 913 bac-

1919 935 2079 990 chati
2107 941 2265 1005 sunt,
2297 940 2362 993 ut
2416 938 2586 995 Orico
2626 955 2765 1010 rege
2810 944 2866 996 et
2895 941 3103 997 ceteris
3147 958 3286 998 cum
3308 959 3380 1000 eo
3405 943 3585 1001 inter-

1898 1022 2086 1097 fectis
2123 1026 2388 1095 regibus,
2425 1042 2580 1100 pene
2605 1029 2806 1085 omnis
2853 1029 3136 1087 nobilitas
3165 1031 3466 1089 interierit.
3491 1033 3584 1090 Pi-

1919 1116 2064 1168 ratae
2119 1117 2630 1173 Nortmannorum
2703 1117 2903 1189 Ligere
2967 1119 3328 1186 insistentes,
3384 1121 3586 1180 denuo

1921 1200 2222 1259 civitatem
2247 1204 2717 1275 Andegavorum
2741 1207 3021 1264 incendio
3051 1214 3457 1268 concremant.

2612 1351 2902 1407 DCCCLV.

1993 1471 2306 1530 Lotharius
2334 1478 2522 1532 totam
2574 1476 2835 1533 Fresiam
2863 1477 2988 1534 ﬁlio
3035 1494 3146 1536 suo
3178 1479 3454 1538 Lothario
3481 1481 3588 1538 do-

1919 1565 2024 1617 nat
2058 1579 2070 1630 ;
2101 1563 2263 1618 unde
2286 1564 2456 1620 Roric
2485 1574 2544 1622 et
2572 1565 2927 1622 Godefridus
2970 1568 3249 1640 patriam,
3273 1569 3332 1625 id
3364 1575 3453 1626 est
3476 1573 3586 1630 Da-

1919 1651 2108 1718 niam,
2132 1653 2426 1726 repedant
2450 1671 2555 1728 spe
2585 1656 2895 1728 potestatis
2923 1658 3102 1729 regiae
3142 1659 3582 1718 nanciscendae.

147 1747 586 1804 commendatis
637 1745 976 1803 alternatim
1023 1746 1184 1816 ﬁliis,
1215 1749 1568 1820 proceribus
1620 1752 1676 1804 et
1722 1765 1810 1804 re-
1841 1756 1882 1809 Β
1922 1741 2231 1797 Lotharius
2279 1743 2636 1808 inﬁrmatur,
2670 1761 2792 1817 qua
2823 1745 2898 1802 de
2927 1763 2990 1802 re
3031 1749 3270 1804 occasio
3311 1748 3455 1806 data
3497 1752 3587 1806 est

147 1837 297 1907 gnis.
332 1841 561 1893 Interea
591 1835 968 1892 Hludowicus
1000 1835 1377 1905 adolescens,
1406 1837 1565 1894 ﬁlius
1593 1838 1813 1894 Hludo-

144 1926 278 1982 wici
297 1926 453 1996 regis
496 1927 954 1993 Germanorum,
988 1925 1066 1982 ab
1125 1927 1438 1999 Aquitanis
1469 1944 1504 1984 a
1526 1932 1694 2000 patre
1715 1944 1811 1984 ex-

143 2017 381 2089 petitur,
416 2015 667 2086 Ligerim
698 2016 930 2080 transit,
958 2019 1015 2071 et
1045 2015 1124 2072 ab
1164 2016 1270 2088 eis,
1302 2032 1337 2072 a
1366 2017 1589 2090 quibus
1617 2017 1810 2074 fuerat

145 2106 506 2179 postulatus,
560 2105 906 2178 suscipitur.
968 2105 1212 2162 Carolus
1265 2107 1697 2178 profectionem
1747 2107 1809 2164 in

145 2196 531 2268 Aquitaniam
580 2200 850 2268 tempore
900 2195 1389 2268 quadragesima:
1439 2197 1713 2260 celebrat,
1748 2198 1808 2252 in

144 2300 268 2357 qua
312 2300 508 2357 usque
569 2284 923 2357 pasclialem
989 2283 1369 2340 festivitatem
1438 2284 1806 2357 demoratur,

146 2373 396 2446 eiusque
438 2373 702 2447 populus
748 2373 990 2445 praedis,
1023 2373 1338 2445 incendiis,
1369 2375 1809 2448 hominumque
1855 2402 1861 2409 -

144 2462 587 2535 captivitatibus
611 2465 802 2518 totum
835 2478 1015 2518 suum
1053 2461 1326 2519 laborem
1354 2462 1662 2535 impendit~
1699 2480 1810 2521 nec

143 2551 221 2608 ab
256 2551 404 2624 ipsis
449 2550 714 2607 ecclesiis
737 2555 796 2607 et
836 2551 1125 2608 altaribus
1154 2551 1258 2608 Dei
1288 2567 1463 2608 suam
1522 2553 1812 2626 cupidita-

143 2643 266 2696 tem
295 2646 353 2697 et
385 2640 710 2698 audaciam
740 2640 999 2696 cohibet.

215 2731 530 2787 Lotharius
551 2730 793 2787 fratrem
815 2747 994 2786 suum
1020 2729 1439 2788 Hludowicum
1463 2749 1645 2806 super
1664 2734 1809 2790 Rhe-

143 2833 297 2875 num
324 2819 398 2876 de
429 2819 797 2876 fraternitate
839 2835 982 2889 erga
1003 2819 1283 2877 Carolum
1310 2821 1671 2895 alloquitur;
1705 2823 1811 2879 sed

141 2908 308 2980 prius
355 2909 570 2965 acriter
594 2924 722 2964 sese
755 2908 1118 2975 mordentes,
1143 2909 1391 2966 tandem
1436 2910 1514 2966 ad
1562 2927 1810 2968 concor-

143 2995 306 3053 diam
335 2997 613 3066 redeunt,
643 2996 934 3068 pacisque
963 2996 1208 3052 nomine
1229 2997 1616 3054 foederantur.
1646 2999 1812 3055 Unde

141 3099 261 3141 non
290 3084 534 3141 modice
565 3083 813 3139 Carolus
849 3083 1159 3148 sollicitus,
1194 3084 1272 3140 ab
1302 3085 1623 3158 Aquitania
1646 3086 1812 3142 nullo
1841 3113 1882 3170 ρ

141 3176 386 3245 peracto
415 3172 658 3243 negotio
686 3174 707 3207 ²
738 3171 1058 3244 repedans,
1091 3171 1333 3229 fratrem
1364 3174 1706 3230 Lotharium
1733 3175 1812 3231 ad

139 3261 435 3334 palatium
487 3276 669 3316 suum
731 3260 1092 3316 Attiniacum
1139 3261 1388 3330 invitat;
1423 3279 1547 3334 quo
1599 3279 1813 3320 conve—

140 3350 395 3422 nientes,
420 3349 589 3423 quod
619 3349 851 3404 dudum
883 3349 1238 3421 pepigerant
1267 3349 1679 3409 ﬁrmaverunt.

209 3441 362 3497 Dani
415 3441 480 3496 in
532 3440 734 3510 Ligere
785 3440 1205 3510 consistentes,
1237 3457 1431 3513 usque
1469 3443 1549 3499 ad
1590 3443 1812 3499 Blisum

141 3530 162 3564 ³
181 3533 208 3574 h
237 3535 508 3587 castrum
555 3528 821 3597 veniunt,
852 3528 1176 3602 ipsumque
1224 3529 1574 3602 incendunt,
1604 3532 1810 3588 volen-

139 3623 225 3676 tes
277 3619 420 3676 inde
468 3617 802 3675 Aurelianis
864 3619 1174 3691 pervenire
1231 3619 1446 3676 eadem
1496 3621 1806 3694 patraturi.

139 3708 633 3782 Praeparantibus
676 3723 820 3763 vero
862 3706 1153 3764 adversus
1201 3724 1304 3764 eos
1332 3709 1578 3780 navigia
1607 3713 1662 3765 et
1689 3709 1812 3766 bel-

137 3795 355 3854 latores
375 3797 668 3870 episcopo
688 3795 1210 3852 Aurelianensium
1233 3797 1385 3866 Agio
1407 3800 1464 3853 et
1483 3798 1808 3854 Carnutum

141 3887 457 3944 Buchardo
491 3889 534 3956 ‘,
564 3885 643 3942 ab
698 3886 1023 3942 intentione
1079 3885 1391 3957 desistunt,
1425 3891 1481 3943 et
1526 3887 1810 3944 inferiora

141 3975 359 4046 Ligeris
415 3979 716 4048 repetunt.
769 3973 878 4030 Alii
931 3990 1176 4047 quoque
1232 3977 1443 4048 piratae
1504 3979 1808 4033 Danorum

141 4065 403 4122 Fresiam
436 4063 717 4122 Saxoniae
765 4063 1141 4120 adiacentem
1180 4063 1570 4136 populantur.
1601 4066 1811 4122 Lotha-

138 4152 261 4209 rius
289 4158 349 4210 et
391 4152 644 4211 Carolus
699 4151 928 4221 legatos
985 4151 1066 4208 ad
1115 4151 1363 4208 fratrem
1395 4151 1809 4209 Hludowicum

140 4258 249 4316 pro
267 4245 440 4318 pacis
473 4242 824 4310 concordia,
857 4247 913 4298 et
940 4244 1004 4297 ut
1030 4240 1222 4297 ﬁlium
1254 4257 1433 4297 suum
1463 4241 1543 4296 ab
1571 4243 1812 4314 Aquita-

138 4332 238 4390 nia
272 4337 540 4401 revocet,
571 4332 832 4389 mittunt.
868 4330 1116 4387 Carolus
1162 4330 1379 4386 iterum
1426 4331 1810 4403 Aquitaniam

141 4421 280 4478 adit.
333 4422 656 4511 Pippinus,
700 4420 935 4511 Pippini
981 4419 1159 4511 ﬁlius,
1189 4418 1294 4491 qui
1337 4418 1398 4474 in
1440 4421 1810 4511 monasterio
1841 4456 1885 4511 υ

141 4511 328 4568 sancti
371 4510 642 4570 Medardi
671 4513 881 4566 tonsus
909 4507 1187 4565 habitum
1217 4507 1503 4564 monachi
1533 4525 1810 4582 suscepe-

139 4603 250 4671 rat,
284 4605 340 4657 et
368 4601 783 4657 iuramentum
811 4597 1260 4670 permansionis
1292 4596 1533 4669 fecerat,
1565 4598 1805 4671 Aquita-

141 4687 307 4746 niam
356 4689 715 4761 ingreditur,
737 4702 1002 4760 parsque
1059 4685 1330 4742 maxima
1379 4686 1593 4760 populi
1639 4692 1809 4745 terrae

144 4777 221 4834 ad
286 4795 429 4836 eum
485 4776 786 4836 convolat.
859 4775 1071 4832 Karlus
1142 4791 1267 4846 rex,
1329 4773 1567 4849 Pippini
1625 4792 1813 4836 causa

141 4868 509 4939 posthabita,
566 4865 983 4924 Hludowicum
1029 4870 1313 4938 nepotem
1351 4865 1431 4923 ab
1491 4865 1812 4939 Aquitania

1920 1829 2254 1886 Hludovico
2279 1837 2335 1888 et
2366 1832 2576 1889 Carolo
2615 1832 2900 1890 fratribus
2952 1835 3032 1892 ad
3081 1837 3470 1895 concordiam
3495 1853 3586 1894 re-

1919 1917 2168 1976 deundi.
2715 1963 2720 1966 .

1991 2009 2344 2066 Nortmanni
2369 2010 2394 2046 ά
2418 2010 2838 2082 Burdegalam,
2878 2012 3210 2085 Aquitaniae
3261 2015 3581 2084 civitatem,

1919 2097 2234 2167 invadunt,
2269 2105 2326 2156 et
2347 2100 2463 2156 hac
2493 2100 2750 2174 illacque
2791 2118 2902 2175 pro
2955 2102 3126 2159 libitu
3155 2110 3580 2177 pervagantur.

1919 2187 2131 2242 Karlus
2161 2188 2469 2260 Aquitanis
2499 2191 2840 2262 petentibus
2884 2191 3134 2247 Karlum
3163 2193 3356 2250 ﬁlium
3379 2211 3580 2263 suum,

1918 2291 2124 2346 regem
2152 2277 2539 2348 designatum
2565 2279 2849 2336 attribuit.
2885 2281 3098 2338 Karlus
3124 2282 3306 2338 etiam
3331 2283 3584 2338 Edilvul-

1919 2364 2049 2422 fum
2075 2375 2118 2434 °,
2147 2383 2351 2438 regem
2397 2369 2730 2439 Anglorum
2783 2373 3111 2440 Saxonum,
3144 2374 3397 2428 Romam
3443 2388 3584 2446 pro-

1919 2459 2231 2529 perantem
2278 2456 2606 2514 honoriﬁce
2658 2460 2925 2532 suscipit,
2949 2460 3115 2516 omni
3161 2461 3327 2530 regio
3373 2461 3586 2518 habitu

1919 2545 2127 2618 donat,
2183 2550 2240 2602 et
2297 2563 2490 2620 usque
2561 2548 2642 2605 ad
2702 2549 2872 2619 regni
2942 2550 3034 2605 sui
3091 2550 3376 2607 terminos
3443 2567 3585 2607 cum

1919 2635 2227 2708 obsequiis
2307 2651 2448 2708 rege
2503 2637 2702 2709 dignis
2760 2639 2978 2696 deduci
3028 2639 3184 2697 facit.
3272 2640 3583 2697 Lotharius

1920 2725 2214 2781 adversus
2263 2726 2510 2782 Karlum
2556 2728 2873 2785 occasione
2925 2734 3219 2802 suspectae
3248 2729 3390 2785 ﬁdei
3441 2745 3588 2802 que-

1917 2813 2084 2870 ritur.
2140 2813 2321 2871 Multa
2374 2815 2683 2872 catholicae
2729 2817 2873 2873 ﬁdei
2927 2819 3229 2875 contraria
3284 2818 3345 2874 in
3395 2833 3584 2890 regno

1919 2902 2098 2970 Karli,
2130 2902 2264 2974 ipso
2291 2919 2538 2977 quoque
2566 2921 2690 2962 non
2718 2907 2943 2978 nescio,
2975 2907 3367 2964 concitantur.

1991 2994 2186 3047 Mense
2243 2995 2535 3061 Augusto,
2587 2996 2721 3060 Leo,
2781 2995 3129 3066 apostolicae
3188 2995 3345 3051 sedis
3398 2996 3583 3052 antis-

1919 3082 2008 3134 tes
2065 3079 2385 3135 defunctus
2451 3085 2559 3154 est,
2629 3082 2803 3154 eique
2869 3083 3221 3139 Benedictus
3277 3084 3580 3141 successit.

1919 3167 2146 3224 Eodem
2211 3185 2419 3225 mense
2469 3171 2608 3226 duae
2675 3171 2856 3228 stellae
2921 3171 3166 3228 maioris
3220 3177 3277 3229 et
3332 3173 3583 3228 minoris

1919 3259 2268 3330 quantitatis
2325 3259 2466 3316 visae
2523 3267 2666 3318 sunt
2719 3279 2757 3319 a
2802 3266 2972 3334 parte
3019 3263 3346 3320 occidentis
3392 3263 3584 3320 orien-

1917 3353 2040 3405 tem
2089 3366 2298 3406 versus
2362 3350 2658 3415 incedere,
2716 3359 2773 3410 et
2828 3354 2945 3410 hoc
3001 3370 3108 3426 per
3155 3355 3367 3411 decem
3421 3354 3582 3411 vices

1919 3439 2073 3496 adeo
2153 3439 2510 3510 alternatim,
2562 3447 2628 3499 ut
2697 3443 2926 3501 maiore
3014 3451 3426 3517 permanente,
3474 3444 3584 3501 mi-

1917 3544 2030 3585 nor
2103 3528 2422 3602 aliquoties
2492 3531 2834 3589 nullatenus
2890 3539 3226 3607 appareret.
3274 3534 3583 3591 Lotharius

1916 3616 2264 3690 imperator,
2297 3619 2512 3676 morbo
2537 3627 2848 3694 correptus
2883 3622 3190 3696 vitamque
3225 3623 3580 3696 desperans,

1916 3707 2352 3763 monasterium
2415 3712 2680 3766 Promere
2758 3711 2822 3766 in
2890 3712 3215 3768 Arduenna
3293 3712 3580 3768 constitu-

1918 3799 2046 3852 tum
2105 3797 2272 3864 adiit,
2304 3799 2628 3872 seculoque
2659 3805 2716 3856 et
2756 3817 2944 3870 regno
2994 3801 3232 3873 penitus
3284 3801 3584 3858 abrenun-

1917 3886 2102 3956 cians,
2164 3892 2379 3944 tonsus
2433 3893 2544 3957 est,
2599 3889 2783 3946 vitam
2841 3890 3238 3963 habitumque
3299 3890 3583 3949 monachi

1915 3975 2220 4031 humiliter
2269 3992 2535 4032 sumens.
2592 3977 3010 4051 Dispositoque
3057 3979 3213 4035 inter
3259 3978 3436 4051 ﬁlios,
3475 3979 3582 4052 qui

1917 4079 2122 4120 secum
2206 4065 2624 4138 morabantur,
2692 4082 2902 4138 regno,
2967 4069 3050 4125 ita
3135 4072 3198 4125 ut
3272 4069 3581 4126 Lotharius

1917 4152 2344 4222 cognominem
2369 4155 2391 4189 ⁵
2423 4155 2551 4211 eius
2609 4156 2957 4226 Franciam,~
2997 4157 3208 4215 Karlus
3250 4174 3394 4215 vero
3443 4158 3583 4214 Pro-

1915 4241 2179 4298 vinciam
2223 4242 2533 4313 obtineret,
2583 4245 2742 4305 intra
2814 4263 2920 4304 sex
2965 4247 3094 4304 dies
3142 4247 3267 4305 vita
3326 4246 3584 4304 decessit

1917 4348 1978 4388 iv
2032 4330 2442 4389 Kalendarum
2497 4333 2516 4369 ί
2563 4335 2936 4408 Octobrium,
2985 4341 3166 4410 atque
3228 4337 3293 4393 in
3364 4336 3581 4394 eodem

1916 4422 2282 4478 monasterio
2331 4423 2726 4496 sepulturam,
2759 4429 2825 4482 ut
2865 4425 3334 4492 desideraverat,
3377 4439 3582 4481 conse-

1917 4517 2091 4569 cutus
2113 4517 2218 4570 est.

1987 4602 2270 4674 Aquitani
2300 4603 2514 4662 urbem
2565 4605 2950 4662 Lemovicum
2996 4605 3300 4661 mediante
3343 4603 3581 4661 Octobri

1917 4706 2126 4747 mense
2148 4693 2589 4766 convenientes,
2611 4694 2857 4751 Karlum
2877 4710 3158 4766 puerum,
3181 4693 3374 4749 ﬁlium
3399 4692 3579 4760 Karli,

1916 4795 2122 4852 regem
2145 4783 2501 4853 generaliter
2521 4784 2910 4856 constituunt,
2932 4787 3236 4857 unctoque
3259 4798 3368 4856 per
3392 4783 3584 4856 ponti-

1915 4869 2095 4928 ﬁcem
2117 4887 2406 4931 coronam
2431 4873 2600 4947 regni
2622 4875 2948 4948 imponunt
2971 4877 3396 4946 sceptrumque
3421 4870 3582 4930 attri-

1445 5029 1836 5090 VARIANTES
1876 5033 2173 5092 LECTION
2179 5038 2280 5094 ES.

217 5151 235 5185 ¹
267 5151 487 5222 supple
515 5165 688 5224 pace.
733 5151 756 5186 ³
787 5146 1042 5219 negocio
1070 5146 1174 5204 Ch.
1209 5147 1231 5183 ³
1263 5143 1508 5203 Blisium
1539 5145 1642 5204 Ch.
1687 5157 1710 5190 ι
1741 5147 2042 5208 Budiardo
2074 5151 2183 5211 Ch.
2217 5155 2290 5211 Β.
2326 5154 2713 5212 Buchardum
2744 5153 3061 5226 legendum
3091 5164 3212 5209 esse
3233 5151 3580 5222 Bouquetus

145 5250 220 5295 ex
243 5254 476 5298 canone
493 5241 668 5298 tertio
685 5239 925 5298 concilii
947 5237 1384 5296 Suessionensis
1408 5235 1659 5295 secundi
1684 5251 1742 5296 a.
1772 5239 1874 5296 853
1900 5240 2188 5300 celebrati
2209 5244 2416 5315 infert.
2433 5245 2456 5281 ε
2477 5247 2564 5303 ita
2585 5245 2827 5302 correxi
2843 5259 2868 5316 ,·
2888 5241 2999 5300 Ch.
3019 5246 3075 5300 et
3102 5241 3176 5298 Β.
3216 5255 3575 5312 cognomen.

1750 5363 1976 5436 ΝΟΤιΕ,

217 5463 243 5489 ⁸
269 5455 535 5514 Lultich.

216 5527 460 5583 δΒὼῶ.

214 5603 232 5624 ε
263 5599 346 5654 (1f.
385 5601 604 5656 Chron.
638 5599 713 5654 de
741 5598 919 5668 gestis
951 5602 1174 5666 Norm.,
1213 5613 1311 5654 an.
1348 5601 1471 5655 833.

219 5667 240 5698 ⁴
264 5671 348 5726 Cf.
380 5672 600 5727 Chron.
631 5671 705 5726 de
737 5667 920 5741 gestis
943 5673 1141 5726 Norm.
1178 5686 1233 5726 a.
1268 5673 1392 5741 853.

219 5747 241 5776 ο
273 5742 393 5798 Hoc
408 5756 576 5801 anno
595 5739 958 5799 Edilvulfum
981 5756 1085 5798 seu
1098 5739 1538 5799 Ethelwolfum
1556 5741 1811 5798 Romam

1917 5459 2274 5533 porrexisse,
2331 5476 2660 5533 secumque
2735 5476 2915 5516 suum
2982 5457 3182 5533 ﬁlium
3251 5453 3580 5533 zElfredum

1918 5527 2182 5601 duxisse,
2205 5527 2499 5610 testantur
2517 5527 2766 5610 Asserus
2790 5533 2930 5586 Vitae
2947 5527 3188 5610 rljllfredi
3209 5531 3418 5610 auctor
3433 5543 3582 5610 coae-

1918 5609 2135 5729 vushet
2169 5598 2578 5664 ’Ethelwerdus
2618 5603 2904 5677 antiquus
2945 5599 3445 5673 chronographus
3471 5598 3574 5655 lib.

1919 5692 2030 5733 ιιι..
2091 5690 2219 5733 ovo.

1919 5692 2041 5782 "1';
2050 5692 2249 5823 K‘ﬁ‘i‘fg.
2275 5765 2333 5822 g.
2359 5745 2776 5820 Necrologium
2808 5741 3198 5817 Sangallense
3225 5743 3329 5814 P.)
3354 5741 3580 5802 habent
