3950 6430
140 80 257 100 ’.αα-...ι-

278 365 410 425 ειη

1383 359 1442 416 S.
1473 358 1845 417 PRUDENT"
1883 358 2214 419 WSIS
2253 360 2584 420 EPISBOPI.

3558 364 3694 422 Ml!

273 486 487 543 buunt.
520 483 871 543 Nortmanni
894 491 934 552 ⁸,
966 482 1221 554 Ligerim
1264 482 1539 553 ingressi,
1571 484 1789 541 relictis
1830 500 1939 541 na«
1971 485 2023 542 Δ
2049 468 2335 558 episeopo
2375 485 2788 556 benedicente,
2815 486 3100 559 imposito
3143 485 3326 559 capiti
3357 487 3487 559 ejus
3508 487 3711 547 diade-

273 575 451 632 vibus
472 575 734 648 pedestri
754 574 959 630 itinere
984 573 1202 629 urbum
1226 573 1602 630 Pictavorum
1624 573 1788 630 adire
1811 589 1938 630 mo-

272 664 535 733 liuntur;
568 664 672 720 sed
712 662 1135 720 occurentibus
1179 663 1491 735 Aquitanis
1541 663 1695 720 adeo
1740 662 1940 737 proﬂi-

275 754 398 825 gati
426 757 582 820 sunt,
607 756 673 810 ut
696 752 853 808 ultra
891 755 1185 809 trecentos
1215 752 1397 825 pauci
1426 752 1742 809 evaserint.
1767 752 1939 809 Boric

274 846 331 900 et
361 841 733 910 Godefridus,
759 857 1157 915 nequaquam
1211 840 1614 898 arridentibus
1666 842 1780 899 sibi
1808 858 1942 899 suo-

274 930 563 996 cessibus,
584 929 913 987 Dorestado
941 946 1003 986 se
1035 930 1361 994 continent,
1387 934 1445 986 et
1473 934 1640 1003 parte
1670 931 1943 989 maxima

274 1019 485 1076 Fresia
523 1019 855 1093 potiuntur.
911 1019 1319 1088 Illudowicus,
1346 1036 1453 1076 rex
1482 1023 1939 1089 Germanorum,

272 1109 495 1166 crebris
520 1109 872 1168 Sclavorum
903 1109 1342 1167 defectionibus
1372 1109 1650 1181 agitatur.

945 1199 1263 1257 DCCCLVI.

346 1289 523 1347 Hiens
547 1290 883 1365 asperrima
909 1294 969 1347 et
997 1289 1176 1358 sicca,
1198 1289 1537 1362 pestilentia
1573 1289 1797 1359 valida,
1820 1305 1946 1363 qua

273 1396 502 1451 magna
563 1395 706 1452 pars
762 1378 1084 1435 hominum
1142 1378 1504 1435 absumitur.
1559 1378 1944 1436 Hludowicus

272 1485 379 1525 rex
431 1468 636 1535 Italia,
690 1467 850 1524 ﬁlius
894 1465 1173 1531 Lotharli,
1228 1484 1410 1541 super
1456 1468 1731 1541 portione
1776 1468 1945 1539 regni

273 1557 510 1631 paterni
548 1558 612 1615 in
655 1557 905 1615 Francia
944 1556 1111 1630 apud
1156 1561 1407 1630 patruos
1457 1573 1599 1613 suos
1642 1556 1944 1614 Hludowi-

275 1663 417 1703 cum
471 1651 529 1703 et
581 1645 829 1703 Karlum
890 1646 1277 1720 conqueritur
1305 1646 1612 1719 1,1ta1iam
1671 1646 1945 1717 largitate

277 1734 372 1792 avi
410 1734 739 1791 Hludowici
761 1734 1139 1809 imperatoris
1164 1752 1227 1793 se
1257 1751 1534 1793 asserens
1575 1738 1941 1794 assecutum.

2049 579 2214 631 mate
2263 575 2484 645 regina
2515 577 2762 633 nomine
2799 575 3064 647 insignit,
3097 575 3265 649 quod
3312 576 3426 633 sibi
3467 594 3714 652 suaque

2048 664 2208 733 genti
2247 668 2497 721 eatenus
2525 665 2718 722 fuerat
2749 665 3053 721 insuetum
3087 682 3100 721 :
3132 668 3491 739 patrataque
3527 666 3713 738 regiis

2047 753 2439 827 apparatibus
2467 755 2769 827 utrimque
2799 758 2981 827 atque
3009 754 3364 811 muneribus
3400 755 3715 813 matrimo-

2046 843 2169 912 nio,
2205 860 2345 900 cum
2373 861 2445 901 ea
2477 844 2867 915 Britanniam,
2888 844 3058 915 regni
3087 844 3177 900 sui
3207 844 3518 914 ditionem,
3539 845 3711 902 navi-

2048 932 2148 1003 gio
2190 934 2419 1006 repetit.
2465 933 2849 990 Hludowicus
2900 933 3229 1007 imperator
3284 934 3489 1003 italia,
3511 939 3571 992 et
3609 937 3717 992 Las

2048 1022 2277 1079 tharius
2304 1023 2484 1080 frater
2510 1024 2660 1088 eius,
2689 1036 2795 1081 rex
2823 1024 3107 1093 Francia,
3140 1039 3281 1080 cum
3311 1023 3490 1081 Karlo
3525 1038 3719 1097 puero

2050 1127 2340 1183 germano
2366 1127 2478 1168 suo
2500 1112 2666 1185 apud
2691 1112 2913 1168 Urbem
2933 1110 2955 1142 ⁵
2985 1112 3353 1169 conveniunt
3382 1129 3397 1179 ;
3431 1112 3538 1168 ubi
3561 1113 3720 1169 adeo

2049 1216 2160 1273 pro
2189 1200 2358 1270 regni
2390 1200 2625 1273 paterni
2680 1200 3059 1273 portionibus
3104 1200 3422 1267 dissident,
3468 1204 3533 1257 ut
3558 1215 3721 1275 pene

2052 1290 2235 1347 armis
2264 1292 2416 1346 inter
2446 1306 2578 1346 sese
2603 1290 2949 1348 decernant.
2986 1290 3165 1347 Karlo
3198 1295 3398 1347 tamen
3418 1289 3583 1347 fratri
3605 1306 3719 1347 suo

2051 1379 2426 1436 Provinciam
2465 1384 2523 1436 et
2549 1380 2840 1437 ducatum
2894 1379 3363 1450 Lugdunensem
3406 1379 3573 1436 iuxta
3613 1390 3723 1452 pa-

2052 1472 2287 1525 ternam
2350 1468 2810 1542 dispositionem
2881 1469 3268 1537 distribuunt,
3326 1467 3723 1542 eripientibus

2052 1573 2193 1614 eum
2214 1574 2252 1614 a
2281 1557 2460 1614 fratre
2505 1558 2783 1615 Lothario
2812 1556 3226 1630 optimatibus,
3247 1557 3355 1631 qui
3382 1556 3554 1613 illum
3592 1571 3727 1613 mo-

2051 1645 2311 1704 liebatur
2332 1646 2393 1703 in
2423 1647 2708 1704 clericum
2738 1652 3072 1704 tonsurare.
3105 1646 3419 1705 Sarraceni
3444 1646 3523 1703 de
3542 1650 3727 1704 Bene-

2053 1742 2254 1801 vento,
2286 1736 2597 1811 Neapolim
2653 1736 2864 1793 fraude
2906 1735 3219 1801 adeuntes,
3260 1741 3516 1806 vastant,
3566 1735 3722 1793 diris

276 1824 558 1898 Aquitani
618 1824 863 1882 Karlum
929 1840 1210 1898 puerum,
1255 1841 1440 1898 quem
1504 1838 1699 1898 nuper
1738 1840 1942 1895 regem
1982 1844 2024 1898 Β
2054 1825 2228 1898 piunt
2257 1832 2315 1882 et
2343 1825 2614 1882 funditus
2642 1828 2934 1882 evertunt.

275 1914 727 1985 constituerant,
760 1918 1130 1985 spernentes,
1157 1914 1479 1987 Pippinum
1520 1930 1592 1970 ex
1617 1915 1943 1985 monacho,

276 2003 382 2076 qui
435 2003 510 2060 de
579 2003 951 2060 monasterio
1022 2004 1211 2060 sancti
1276 2003 1541 2060 Medardi
1608 2003 1943 2074 aufugerat,

276 2093 561 2150 eductum
612 2092 892 2150 custodia
942 2109 1151 2165 regem
1208 2092 1514 2149 simulant.
1579 2093 1791 2150 Karlus
1839 2108 1946 2149 rex

276 2199 413 2239 cum
445 2182 744 2256 Respogio
781 2182 808 2221 δ
840 2177 1148 2240 Britonum
1174 2186 1195 2219 ²
1229 2183 1570 2256 paciscens,
1595 2182 1782 2240 ﬁliam
1814 2183 1944 2254 ejus

274 2269 399 2327 ﬁlio
446 2287 556 2329 suo
602 2271 948 2329 Hludowico
996 2272 1353 2345 despondet,
1399 2272 1545 2329 dato
1590 2270 1674 2327 illi
1720 2271 1947 2328 ducatu

277 2360 722 2418 Cenomannico
761 2376 954 2434 usque
998 2361 1079 2417 ad
1116 2360 1280 2418 viam
1324 2377 1463 2434 qua
1491 2377 1529 2418 a
1554 2361 1763 2418 Lotitia
1793 2360 1949 2416 Pari-

278 2449 507 2506 siorum
559 2449 1030 2506 Casaredunum
1072 2452 1378 2507 Turonum
1422 2450 1607 2507 ducit.
1664 2452 1945 2506 Proceres

278 2539 593 2614 quondam
670 2537 930 2595 Lotharii
983 2538 1177 2596 ﬁlium
1224 2540 1377 2611 ejus,
1436 2539 1803 2607 Lotharium,
1858 2554 1946 2596 re-

281 2643 420 2699 gem
457 2625 721 2684 Francia
746 2627 929 2684 etiam
978 2643 1150 2684 sacra
1195 2627 1478 2684 unctione
1504 2628 1527 2662 ³
1552 2628 1942 2685 constituunt.

278 2717 490 2774 Pirata
517 2723 535 2746 °
576 2717 882 2773 Danorum
924 2734 1023 2775 xxv
1058 2716 1308 2773 Kalend.
1332 2717 1465 2773 Maii
1513 2717 1812 2774 civitatem
1832 2718 1952 2774 Au-

277 2804 523 2862 relianis
548 2804 793 2875 adeunt,
820 2806 1172 2880 praedantur
1193 2810 1251 2862 et
1268 2805 1521 2879 impune
1548 2809 1945 2863 revertuntur.

280 2894 537 2952 Comites
586 2910 743 2968 pene
781 2911 993 2952 omnes
1035 2912 1107 2952 ex
1151 2911 1339 2966 regno
1389 2894 1551 2951 Karli
1601 2895 1758 2965 regis
1806 2906 1946 2951 cum

279 2984 594 3057 Aquitanis
663 2985 955 3042 adversus
1021 3001 1164 3042 eum
1226 2984 1566 3057 coniurant,
1622 2984 1946 3041 invitantes

280 3074 718 3144 Hludowicum,
790 3090 998 3145 regem
1078 3078 1535 3143 Germanorum,
1610 3073 1691 3131 ad
1766 3090 1945 3133 suum

2716 1913 3061 1971 DCCCLVII.

2122 2003 2331 2061 Piratae
2373 2004 2387 2039 ³
2428 2006 2732 2060 Danorum
2783 2020 2816 2058 γ
2870 2001 3171 2059 Kalendas
3224 2000 3534 2058 ianuarias
3577 2000 3731 2057 Loti-

2053 2093 2212 2149 ciam
2235 2092 2601 2149 Parisiorum
2629 2091 2926 2149 invadunt
2945 2096 3129 2164 atque
3148 2090 3428 2147 incendio
3454 2088 3723 2146 tradunt.

2053 2184 2120 2239 Hi
2160 2199 2305 2239 vero
2352 2182 2457 2256 qui
2500 2182 2663 2255 apud
2713 2180 2997 2239 inferiora
3036 2179 3255 2251 Ligeris
3298 2178 3723 2244 morabantur.

2052 2277 2316 2331 Turonas
2368 2276 2424 2329 et
2463 2271 2671 2329 omnia
2709 2272 3186 2344 circumquaque
3230 2269 3367 2327 loca
3408 2283 3605 2342 usque
3642 2266 3729 2326 ad

2056 2362 2278 2420 Blisum
2326 2366 2592 2419 castrum
2641 2360 3090 2434 depradantur.
3146 2358 3583 2433 Aquitanorum
3624 2356 3726 2415 ali-

2053 2452 2159 2526 qui
2214 2450 2606 2525 persuasione
2654 2449 2884 2507 occulte
2939 2448 3419 2522 conspirantium
3466 2448 3726 2503 Franco-

2053 2558 2191 2599 rum
2228 2540 2637 2614 quorumdam
2677 2540 2742 2597 in
2790 2538 3059 2604 Karlum,
3089 2554 3128 2595 a
3155 2537 3333 2595 Karlo
3386 2536 3725 2595 admodum

2055 2646 2243 2705 puero
2288 2629 2655 2702 deﬁcientes,
2689 2628 2946 2702 Pippino
2995 2627 3324 2685 sociantur.
3360 2627 3574 2683 Karlus
3617 2640 3725 2682 rex

2055 2726 2113 2779 et
2132 2721 2462 2789 Lotharius,
2488 2737 2680 2793 nepos
2720 2720 2869 2787 eius,
2895 2718 3290 2776 sacramentis
3326 2716 3595 2774 vicissim
3625 2732 3725 2773 ex-

2053 2811 2259 2868 hibitis
2298 2808 2992 2874 foederantur,similiter.
3024 2807 3428 2875 Hludowicus,
3449 2822 3557 2863 rex
3585 2808 3725 2863 Ger-

2055 2902 2301 2967 mania,
2330 2904 2387 2957 et
2416 2899 2822 2968 Hludowicus,
2853 2899 3183 2971 imperator
3210 2897 3412 2954 italia.
3441 2896 3728 2970 Pippinus

2058 2993 2364 3048 Danorum
2421 2989 2629 3063 piratis
2675 2989 2961 3058 sociatur,
2989 2987 3369 3045 Pictavorum
3420 2986 3725 3043 civitatem

2057 3081 2348 3149 devastat,
2381 3085 2439 3137 et
2465 3080 2659 3137 multa
2684 3079 2803 3136 alia
2842 3078 3179 3153 Aquitania
3208 3078 3342 3135 loca
3369 3076 3723 3151 ciepopalat.

279 3165 601 3221 consilium
643 3163 1082 3238 perﬁciendum
1111 3182 1127 3235 ;
1160 3180 1284 3238 quo
1326 3163 1552 3221 diutius
1589 3163 1653 3220 in
1699 3164 1947 3237 expedi-
1985 3210 2028 3270 ο
2061 3172 2372 3230 Lotharius
2424 3170 2779 3228 concubinis
2817 3169 3102 3235 abutens,
3134 3181 3387 3226 uxorem
3436 3181 3613 3224 suam
3636 3178 3726 3223 re-

278 3263 439 3321 tione
470 3261 822 3321 Sclavorum
864 3262 1128 3332 detento,
1160 3262 1265 3318 ubi
1290 3265 1350 3319 et
1375 3276 1669 3333 magnam
1710 3266 1947 3334 partem

280 3352 686 3431 suiiexercitus
708 3351 929 3420 amisit,
947 3351 1046 3408 isti
1076 3367 1281 3409 moras
1318 3350 1478 3407 illius
1507 3362 1635 3406 non
1668 3350 1944 3419 ferentes,

279 3442 459 3500 Karlo
504 3443 632 3515 regi
676 3440 1164 3499 renonciliantur.
1218 3444 1283 3497 Et
1332 3440 1614 3513 Aquitani
1664 3442 1707 3504 ⁴,
1748 3445 1948 3513 spreto

279 3531 559 3605 Pippino,
578 3530 824 3588 Karlum
853 3546 1132 3604 puerum,
1159 3529 1355 3586 ﬁlium
1380 3528 1542 3588 Karli
1564 3529 1724 3599 regis
1762 3545 1946 3602 quem

282 3624 465 3677 antea
514 3619 891 3692 pepulerant,
950 3618 1265 3692 recipiunt,
1323 3622 1383 3675 et
1431 3618 1494 3675 in
1559 3617 1947 3691 Aquitaniam

280 3709 596 3766 reducunt.
630 3707 892 3766 lterum‘
915 3709 1121 3781 pirata
1153 3710 1462 3765 Danorum
1508 3707 1610 3764 alii
1645 3708 1947 3765 mediante

280 3801 548 3869 Augusto
600 3799 944 3870 Sequanam
979 3795 1420 3867 ingrediuntur,
1459 3800 1517 3852 et
1561 3796 1809 3854 vastatis
1861 3797 1948 3854 di-

279 3886 586 3961 reptisque
629 3901 702 3942 ex
748 3890 1005 3958 utraque
1052 3885 1321 3941 ﬂuminis
1378 3888 1549 3957 parte
1580 3883 1945 3954 civitatibus,

281 3976 465 4034 etiam
508 3975 721 4049 procul
756 3974 969 4048 positis
1015 3973 1397 4031 monasteriis
1440 3977 1624 4047 atque
1662 3972 1835 4042 villis,
1854 3972 1945 4031 lo-

280 4083 423 4123 cum
474 4065 579 4140 qui
623 4065 841 4123 dicitur
883 4067 1066 4121 Fossa
1121 4064 1346 4123 Givaldi
1371 4074 1415 4134 ο,
1457 4066 1751 4137 Sequana
1806 4078 1950 4120 con-

278 4155 517 4227 tignum
570 4154 930 4228 stationique
975 4153 1450 4211 munitissimum
1476 4154 1498 4189 ⁵
1529 4151 1819 4224 deligunt,
1842 4151 1947 4209 ubi

279 4243 543 4300 hiemem
597 4243 784 4317 quieti
839 4243 1198 4314 transigunt.
1248 4240 1523 4299 Edilwulf
1571 4241 1614 4309 ι,
1651 4257 1758 4297 rex
1793 4240 1950 4298 occi-

280 4330 613 4388 dentalium
650 4330 1007 4402 Anglorum,
1062 4333 1253 4388 Roma
1299 4329 1565 4398 rediens,
1619 4329 1836 4398 Iudith,
1881 4328 1947 4384 ﬁ-

278 4419 427 4477 liam
460 4419 621 4477 Karli
648 4420 827 4490 regis,
856 4435 1065 4476 mense
1092 4419 1239 4476 iulio
1276 4418 1710 4492 desponsatam
1739 4418 1950 4476 Kalen-

279 4510 374 4567 dis
418 4509 775 4568 Octobribus
816 4507 881 4566 in
908 4509 1213 4566 Vermeria
1240 4544 1265 4584 ι
1293 4508 1521 4582 palatio
1548 4509 1609 4565 in
1641 4508 1948 4566 matrimo-

2058 3262 2265 3333 ginem
2294 3260 2495 3318 abicit.

2129 3354 2196 3407 In
2224 3350 2375 3407 urbe
2398 3348 2647 3407 Colonia
2686 3349 3021 3422 Agrippina
3070 3346 3398 3405 Gunthario
3436 3346 3725 3419 episcopo

2059 3436 2359 3507 adstante,
2393 3435 2457 3491 in
2489 3435 2746 3491 ecclesia
2774 3434 2934 3492 beati
2963 3432 3114 3490 Petri
3142 3431 3337 3489 nubes
3364 3430 3729 3488 densissima

2057 3524 2322 3597 desuper
2358 3524 2584 3581 crebris
2629 3523 2987 3580 fulminibus
3031 3521 3306 3589 incubat,
3337 3532 3478 3578 cum
3529 3519 3728 3576 subito

2058 3614 2258 3685 fulgor
2284 3614 2347 3670 in
2375 3615 2631 3671 modum
2660 3613 2818 3685 ignis
2852 3629 2964 3686 per
2992 3611 3370 3683 subgrundia
3398 3612 3435 3677 i,
3456 3610 3726 3667 eiusdem

2059 3704 2326 3761 ecclesia
2348 3704 2605 3771 intrans,
2634 3719 2829 3761 unum
2871 3702 3251 3759 sacerdotem
3296 3706 3357 3758 et
3381 3712 3574 3757 unum
3603 3699 3729 3756 dia-

2059 3806 2283 3851 conum
2321 3809 2636 3867 unumque
2677 3809 2751 3850 ex
2788 3792 2958 3850 laicis
3005 3791 3302 3863 interﬁcit,
3332 3804 3403 3848 ac
3432 3794 3602 3848 terra
3625 3788 3730 3846 abs

2057 3883 2196 3940 ditis
2227 3882 2593 3939 reconditur.

2128 3972 2195 4028 In
2225 3974 2493 4043 Augusta
2530 3970 2714 4028 etiam
2760 3970 3140 4027 Trevirorum
3183 3967 3531 4040 Teotgaudo
3577 3966 3728 4041 epis-

2058 4077 2213 4135 copo
2236 4075 2379 4117 cum
2408 4060 2567 4117 clero
2592 4064 2650 4116 et
2678 4059 2906 4134 populo
2945 4057 3306 4127 celebrante,
3328 4057 3525 4115 nubes
3561 4058 3729 4114 teter-

2055 4151 2214 4208 rima
2269 4149 2832 4223 superincumbens,
2889 4149 3166 4205 tonitruis
3219 4147 3725 4219 fulminisbusque

2057 4238 2372 4298 ecclesiam
2420 4238 2715 4303 territans,
2742 4242 2969 4296 turrem
3015 4249 3459 4311 campanarum
3503 4247 3723 4292 sonam

2056 4330 2209 4386 tium
2238 4328 2616 4397 comminuit,
2638 4332 2926 4401 tantaque
2952 4327 3381 4384 tenebrositate
3404 4324 3725 4381 ecclesiam

2056 4417 2343 4491 implevit,
2376 4422 2442 4473 ut
2466 4417 2568 4474 vix
2596 4417 2951 4474 alterutrum
2996 4432 3128 4473 sese
3178 4429 3543 4487 cognossem
3568 4412 3728 4470 vale-

2054 4512 2209 4579 rent,
2246 4508 2535 4580 visusque
2563 4511 2652 4564 est
2682 4508 2848 4565 canis
2876 4506 3079 4563 nimia
3107 4505 3483 4564 enormitatis
3511 4504 3575 4561 in
3624 4500 3731 4559 cir-

277 4600 762 4674 niumaccipit,et
780 4598 1227 4670 eam,lngmaro
1240 4596 1623 4656 Durocortori
1636 4600 1960 4653 Remorum
2060 4597 2225 4654 cuitu
2264 4596 2470 4654 altaris
2499 4595 2856 4668 discurrere,
2889 4594 3089 4652 subito
3120 4599 3295 4652 terra
3322 4593 3519 4657 hiatu.

1572 4713 1970 4773 VARIANTES
2016 4714 2422 4772 LECTIONES.

352 4820 369 4856 ¹
394 4816 767 4900 conquiritur
794 4815 913 4900 φιλ
934 4817 957 4851 ³
982 4828 1123 4886 rege
1153 4814 1396 4900 excidit.
1424 4814 1449 4850 ³
1475 4812 1706 4900 ratione
1873 4810 2018 4900 ιβ.)
2046 4811 2529 4870 reconciliantur.
2582 4810 2810 4885 Exaqui
2840 4809 3041 4885 spreto
3096 4803 3207 4866 σὴ.
3238 4806 3313 4866 Β.
3347 4804 3466 4865 Hic
3496 4800 3725 4863 Exinde

278 4886 559 4965 Aquitani
588 4892 860 4962 corrigit.
894 4889 917 4924 ‘
944 4902 1287 4959 congruum
1311 4889 1520 4945 chron.
1550 4887 1625 4944 de
1650 4888 1832 4959 gestis
1861 4886 2080 4944 Norm.

1888 4996 2112 5058 NOTAE.

276 5129 344 5171 tu
372 5111 499 5168 Kal.
522 5112 645 5168 Oct.
677 5112 845 5166 Forte
864 5108 1176 5165 Lotharius
1212 5111 1486 5165 mortuus
1514 5108 1690 5166 fuerit
1710 5125 1772 5166 1v
1795 5105 1936 5177 Kal.
1956 5108 2000 5162 Β
2038 5108 2241 5177 ferens
2269 5118 2467 5177 secum
2510 5102 2830 5177 laditham,
2850 5102 3050 5158 Caroli
3068 5101 3453 5177 Francorum
3478 5098 3636 5177 regis
3662 5100 3731 5167 ﬁ-

279 5186 405 5242 Oct.
425 5198 496 5239 ac
516 5181 801 5255 postridie
821 5180 1104 5253 sepultus,
1123 5184 1180 5255 et
1200 5179 1299 5255 alii
1321 5179 1400 5255 ad
1421 5180 1582 5255 diem
1604 5172 1942 5255 mortis,a1ii

277 5256 359 5313 ad
371 5252 539 5311 diem
550 5252 870 5325 sepultura
885 5252 1588 5325 respexerintliotharius
1609 5252 1789 5309 etiam
1805 5262 1942 5306 noc-

276 5331 334 5384 te
354 5327 505 5397 inter
525 5342 579 5397 iv
601 5322 659 5381 et
675 5340 739 5380 ιιι
763 5322 889 5397 Kal.
917 5322 1040 5397 0c}.
1062 5322 1188 5397 ivita
1213 5322 1383 5393 fungi
1406 5324 1618 5397 potuit.
1653 5327 1829 5391 BOUQ.

347 5408 373 5435 ⁸
398 5396 481 5455 Cf.
515 5396 731 5452 Chron.
757 5393 832 5449 de
856 5391 1034 5463 gestis
1058 5396 1258 5449 lVorm.

347 5470 376 5510 ιι
414 5469 479 5524 ld
500 5473 590 5524 est
616 5466 936 5538 Erespogio
968 5481 1075 5538 seu
1105 5464 1471 5538 Herispogio.

346 5546 365 5571 '
397 5540 481 5599 Cf.
510 5539 726 5596 Chron.
750 5537 827 5594 de
856 5537 1036 5608 gestis
1066 5537 1292 5606 Norm.,
1323 5552 1422 5593 an.
1456 5539 1580 5595 855.

350 5608 373 5641 ⁴
403 5610 486 5669 Cf.
519 5608 737 5667 Chron.
769 5607 845 5665 de
869 5607 1059 5679 gestis
1092 5611 1293 5665 Norm.

347 5691 370 5720 ο
396 5682 518 5737 Nec
542 5679 775 5752 Valesio
804 5694 916 5737 nec
940 5683 1252 5752 Bouqueto
1271 5681 1472 5752 notus,

347 5752 364 5782 '
393 5755 639 5807 Asserus
660 5749 737 5807 ad
759 5766 989 5807 annum
1010 5746 1112 5807 853
1136 5751 1218 5805 sic
1238 5749 1424 5807 habet
1436 5750 1511 5806 de
1534 5746 1929 5808 .lithelwolfo:

282 5818 641 5895 Ibt'iitoma]
659 5837 821 5879 anno
868 5824 1104 5895 integro
1141 5823 1481 5895 demoratus
1501 5827 1584 5879 est
1611 5823 1828 5895 [usque
1859 5816 1942 5895 ad

282 5902 338 5944 ο..
366 5884 493 5956 8'56]
515 5906 528 5942 :
558 5884 673 5957 qu'o
690 5896 934 5958 peracto
954 5884 1036 5946 αῐί
1046 5890 1317 5960 patriam
1335 5907 1506 5949 suam
1528 5884 1835 5961 νεήιεαὺίι,
1849 5892 1942 5959 af-

2051 5178 2216 5239 lz'am,
2244 5174 2652 5247 Etlielvverdus
2672 5189 2915 5247 quoque
2937 5189 3121 5247 supra
3132 5172 3354 5247 citatus
3379 5187 3391 5226 :
3416 5171 3618 5247 Igityf
3642 5185 3729 5227 re-

2049 5253 2315 5305 vertente
2323 5262 2394 5323 eo
2407 5240 2789 5323 [Athulfofad
2800 5240 3067 5323 ῥᾳζηξᾳῑη
3076 5289 3095 5323 ,_
3110 5242 3370 5323 Carolus
3388 5240 3500 5323 rex
3530 5240 3699 5323 Fg-an
3711 5272 3727 5283 -

2047 5334 2256 5378 eorum
2299 5315 2491 5388 ﬁliam
2523 5315 2695 5374 suam
2737 5317 2992 5374 tradidit
3042 5318 3095 5373 ei
3134 5318 3201 5372 in
3246 5315 3723 5380 matrimonium,

2049 5406 2232 5466 quam
2264 5396 2597 5466 susceptam
2624 5388 3187 5466 d-uxitad‘pqtm'am
3217 5402 3408 5466 suam.
3438 5389 3611 5466 Bono.

2123 5472 2148 5537 β
2184 5458 2457 5537 Υρτὺθνξὲ
2491 5460 2587 5537 ad
2635 5463 2863 5537 Isaram
2894 5460 3064 5537 (Oisc)
3106 5474 3295 5537 prope
3323 5458 3538 5514 Sentis.
3634 5524 3646 5537 _

2117 5533 2142 5564 ¹¹
2173 5533 2326 5590 Orbe
2352 5532 2433 5589 ad
2479 5532 2722 5600 Orbam,
2765 5531 2968 5588 lacum
3021 5531 3595 5600 Neuenburgensem
3630 5531 3716 5582 in-

2047 5604 2359 5662 ﬂuentem.

2120 5678 2135 5713 ι
2163 5676 2246 5732 Cf.
2280 5677 2497 5732 Chron.
2528 5674 2603 5733 de
2633 5674 2812 5747 gestis
2844 5677 3045 5732 Norm.

2123 5744 2847 5820 iSubgrundiumiPars
2915 5747 3050 5803 tecti
3116 5744 3526 5818 proeminens,
3599 5754 3721 5813 qua

2050 5835 2229 5893 aqua
2257 5817 2502 5878 a'muro
2550 5817 2968 5891 proiiciantur.

3891 5154 3902 5543 ε

3887 5599 3901 5733 ι

3882 5740 3899 6115 Ι
