3950 6452
153 316 287 375 1413

1684 308 2028 368 ΑΝΝΑιΕδ.

3425 312 3561 375 ml

201 439 353 498 Dani
374 448 400 475 ⁸
431 440 727 512 Sequana
767 437 1112 494 insistentes
1150 439 1369 494 cuncta
1415 435 1602 492 libere
1653 449 1786 492 vas-
1812 437 1862 491 Α
1898 439 1992 492 tus
2022 434 2292 493 evulsam
2320 438 2379 493 et
2402 436 2720 493 Gallicanis
2745 434 3070 510 provinciis
3118 441 3257 497 ante
3292 438 3562 510 ignotam

133 535 279 598 tant,
332 529 746 601 Lutetiamque
792 526 1155 583 Parisiorum
1182 526 1211 567 1³
1240 525 1536 597 adgressi,
1594 524 1793 579 basili-

135 634 272 678 cam
299 617 465 675 beati
498 617 649 676 Petri
689 621 747 673 et
793 620 1017 672 sanctae
1066 614 1381 672 Genovefae
1412 628 1436 656 ο
1463 612 1798 670 incendunt

132 712 192 766 et
208 712 436 766 ceteras
462 722 698 774 omnes,
731 709 948 778 praeter
976 705 1232 761 domum
1283 702 1478 760 sancti
1509 701 1799 774 Stephani

134 800 192 853 et
218 795 538 854 ecclesiam
576 794 769 851 sancti
796 793 1084 850 Vincentii
1112 797 1294 865 atque
1316 791 1619 859 Germani,
1650 805 1799 863 pras-

135 889 345 958 terque
378 884 701 941 ecclesiam
731 882 928 939 sancti
947 880 1240 955 Dionysii,
1264 897 1376 953 pro
1414 879 1641 953 quibus
1671 883 1799 935 tan-

136 973 564 1045 tummodo,ne
581 972 1063 1040 incenderentur,
1077 970 1270 1027 multa
1286 969 1617 1026 solidorum
1641 984 1804 1025 sum-

134 1079 239 1120 ma
269 1063 470 1120 soluta
498 1067 608 1119 est.
638 1062 752 1119 Alii
780 1064 1086 1119 Danorum
1119 1059 1463 1134 emporium
1491 1058 1659 1131 quod
1685 1060 1799 1114 Do-

133 1152 490 1210 restadum1
535 1150 756 1208 dicitur
799 1151 860 1208 vi
907 1150 1175 1223 capiunt,
1207 1153 1521 1221 totamque
1550 1148 1803 1204 Batavo—

136 1257 277 1298 rum
298 1241 561 1298 insulam
591 1244 651 1298 et
675 1244 899 1298 caetera
927 1240 1063 1296 loca
1100 1238 1477 1296 contermina
1490 1237 1801 1310 diripiunt.

134 1331 500 1404 Respogius,
541 1330 668 1386 dux
697 1330 1032 1391 Britonum.
1057 1345 1093 1387 a
1127 1328 1448 1386 Salomone
1474 1331 1532 1383 et
1555 1326 1803 1382 Almaro

130 1419 477 1477 Britonibus
504 1418 611 1475 diu
629 1423 840 1476 contra
869 1435 931 1475 se
960 1417 1396 1475 dissidentibus
1410 1413 1797 1472 interimitur.

135 1508 397 1576 Quidam
425 1524 747 1581 procerum
798 1507 952 1565 Carli
999 1506 1160 1578 regis
1199 1505 1518 1578 Aquitanis
1567 1503 1801 1573 sociati,

134 1597 359 1655 multas
389 1597 630 1670 praedas
660 1598 955 1670 pluraque
1003 1596 1399 1654 incommoda
1428 1598 1799 1668 perpetrant.

136 1686 521 1755 Frotbaldus,
544 1687 866 1759 episcopus
897 1689 1247 1756 Carnotum,
1275 1684 1692 1741 insistentibus
1724 1681 1802 1737 si-

1904 524 2090 597 eiecit,
2123 530 2427 583 carentem
2448 527 2626 597 foliis,
2670 527 2776 582 sed
2814 527 2948 585 loco
2980 526 3286 586 frondium
3330 529 3562 587 haben-

1905 619 2026 672 tem
2072 616 2449 672 ramusculos
2492 615 2881 672 similitudine
2928 614 3131 674 herbae
3175 617 3398 692 partim
3429 619 3562 676 latas

1907 704 2015 761 sed
2033 704 2346 775 longioris,
2379 704 2513 761 loco
2552 720 2694 761 vero
2744 704 3027 762 foliorum
3067 707 3353 780 quaedam
3379 708 3564 766 trian-

1908 794 2049 864 gula
2078 795 2297 867 specie,
2333 794 2531 851 colore
2576 798 2779 851 autem
2811 794 3111 866 unguium
3150 797 3565 856 humanorum

1906 883 2000 940 vel
2024 885 2251 940 ossium
2291 886 2313 920 ⁴
2340 884 2621 957 piscium,
2654 876 2800 956 quae
2832 884 2895 940 in
2937 887 3020 942 eis
3060 884 3263 944 tenuia
3294 888 3435 943 sunt
3463 902 3476 956 ;
3510 890 3567 944 et

1908 974 2037 1029 haec
2060 974 2144 1029 ita
2169 972 2502 1030 summitati
2527 972 2882 1030 earumdem
2908 972 3237 1032 herbarum
3266 971 3563 1033 inhaeren-

1905 1063 2013 1137 tia,
2044 1076 2115 1119 ac
2144 1063 2194 1118 si
2236 1062 2606 1119 extrinsecus
2657 1062 2938 1136 adposita
2991 1063 3350 1130 viderentur,
3397 1076 3567 1123 more

1910 1168 2119 1210 eorum
2149 1152 2256 1225 qui
2285 1166 2358 1208 ex
2386 1151 2640 1208 diversis
2670 1152 2927 1210 metallis
2954 1152 3015 1210 in
3035 1154 3412 1213 ornamentis
3442 1156 3568 1212 cin-

1912 1242 2192 1314 gulorum
2228 1241 2326 1297 vel
2350 1240 2669 1297 hominum
2701 1240 2793 1298 vel
2829 1243 3199 1316 equestrium
3242 1242 3569 1303 falerarum

1911 1331 2283 1389 extrinsecus
2314 1329 2503 1399 adﬁgi
2527 1329 2743 1388 solent.

1982 1426 2048 1477 In
2073 1436 2232 1494 pago
2261 1419 2580 1487 Senonico,
2603 1420 2664 1475 in
2686 1419 2938 1478 ecclesia
2961 1423 3183 1480 sanctae
3205 1420 3494 1481 Porcariae
3522 1432 3567 1490 ε,

1911 1512 2007 1569 die
2034 1511 2344 1567 Dominico
2387 1508 2725 1567 celebrante
2763 1509 2950 1568 missa
2979 1513 3358 1586 presbytero,
3391 1510 3572 1588 lupus

1912 1602 2111 1659 subito
2136 1599 2423 1657 introiens
2440 1599 2804 1673 plebemque
2832 1602 3218 1660 assistentem
3231 1600 3574 1661 discurren-

1911 1692 1991 1748 do
2020 1690 2405 1765 perturbans,
2456 1690 2704 1746 tandem
2751 1691 2905 1747 inter
2940 1691 3198 1750 feminas
3242 1690 3573 1751 identidem

136 1777 204 1834 bi
234 1776 419 1833 Danis
445 1775 505 1832 in
536 1775 754 1832 eadem
783 1775 1036 1844 civitate,
1088 1773 1349 1847 pedibus
1398 1773 1639 1844 fugiens
1691 1770 1799 1826 ﬂu-
1829 1796 1874 1850 Β
1910 1781 2155 1848 faciens,
2189 1776 2507 1852 disparuit,

135 1866 428 1939 viamque
463 1864 775 1922 Anduram
805 1865 833 1906 ἀ
855 1868 1072 1922 natatu
1114 1867 1346 1951 petens,
1397 1863 1574 1937 aquis
1622 1861 1801 1917 inters

136 1961 350 2030 ceptus
380 1960 401 1992 ²
429 1955 685 2013 moritur
700 1965 743 2014 °.

780 2097 1154 2156 DCCCLVIII.

213 2227 473 2296 Quando
496 2228 625 2301 ipse
660 2227 911 2285 Karolus
935 2226 1179 2284 intravit
1207 2226 1270 2282 in
1290 2225 1553 2281 insulam
1586 2227 1807 2298 Sequa-

144 2334 247 2376 na
274 2318 502 2375 dictam
527 2316 827 2375 Uscellum
860 2316 900 2385 τ,
918 2317 1026 2372 ubi
1055 2331 1351 2386 magnum
1388 2314 1671 2370 sustinuit
1706 2328 1809 2387 pe-

141 2407 434 2479 rieulum,
484 2407 639 2464 sicut
683 2421 723 2464 a
766 2405 969 2462 multis
1016 2410 1157 2462 tunc
1199 2405 1309 2461 fuit
1359 2404 1688 2476 cognitum,
1750 2408 1807 2461 et

142 2497 403 2571 quando
446 2496 628 2553 frater
656 2512 801 2552 suus
832 2495 1219 2552 Hludowicus
1276 2509 1460 2566 super
1513 2493 1686 2549 illum
1713 2509 1808 2550 ve-

137 2588 235 2645 nit
265 2603 408 2644 cum
437 2586 607 2644 omni
633 2584 832 2642 hostili
857 2588 1159 2658 apparatu
1187 2602 1201 2652 ;
1236 2583 1345 2639 sed
1372 2582 1662 2653 largiente
1692 2582 1807 2638 mi-

138 2676 474 2734 sericordia
506 2675 630 2743 Dei,
661 2691 805 2731 cum
830 2674 1062 2731 honore
1091 2688 1217 2729 non
1241 2672 1507 2729 recessit.
1540 2671 1807 2729 Domini-

138 2783 230 2824 cee
262 2766 590 2823 nativitatis
628 2765 783 2821 festo
830 2769 1015 2821 noctu
1062 2768 1119 2820 et
1167 2763 1445 2831 interdiu,
1492 2764 1809 2833 Moguntina

136 2856 387 2914 validus
433 2861 491 2914 et
536 2855 936 2912 creberrimus
975 2856 997 2889 ³
1049 2858 1217 2910 terrae
1274 2859 1475 2910 motus
1534 2852 1807 2926 efﬁcitur,

139 2962 335 3020 quem
359 2946 542 3003 etiam
558 2943 1087 3001 validahominum
1110 2942 1447 2999 mortalitas
1462 2942 1814 3015 insequitur.

218 3041 287 3095 1n
315 3034 729 3094 territorio.....
746 3049 917 3091 mare
935 3032 1275 3105 quamdam
1295 3031 1576 3088 arborem
1597 3031 1813 3087 radici-

1985 1868 2261 1938 Edilvulf,
2284 1883 2389 1924 rex
2409 1865 2879 1924 occidentalium
2909 1870 3238 1941 Saxonum,
3278 1872 3569 1931 moritur:

1909 1959 2178 2017 relictam
2206 1957 2333 2013 eius
2375 1956 2577 2013 Judith
2603 1957 2897 2027 reginam,
2929 1956 3274 2017 Edelbodus
3313 1960 3357 2031 ³,
3412 1960 3572 2019 ﬁlius

1912 2050 2044 2122 ejus
2068 2061 2321 2104 uxorem
2348 2045 2532 2103 ducit.
2556 2047 2584 2086 ιι
2619 2049 2828 2115 Berno,
2866 2047 2993 2104 dux
3021 2050 3209 2122 partis
3237 2050 3572 2123 piratarum

1915 2141 2207 2211 Sequanae
2237 2135 2252 2171 ί
2281 2135 2703 2206 insistentium,
2733 2134 2811 2193 ad
2842 2136 3086 2195 Karlum
3110 2152 3317 2210 regem
3349 2140 3412 2197 in
3442 2141 3576 2198 Ver-

1912 2227 2103 2284 meria
2130 2225 2356 2299 palatio
2388 2225 2823 2299 venit,eiusque
2846 2242 2911 2282 se
2940 2227 3227 2285 manibus
3249 2228 3575 2299 dedens,ﬁ-

1913 2317 2218 2374 delitatem
2237 2314 2439 2371 statim
2456 2313 2633 2371 iurat.
2659 2317 2797 2371 Pars
2823 2312 3009 2374 altera
3039 2319 3393 2375 eorumdem
3419 2320 3576 2393 pira-

1914 2411 2110 2464 tarum
2156 2404 2568 2460 Hludowicum
2600 2404 2638 2469 Ι,
2671 2402 2957 2462 abbatem
2987 2407 3337 2465 monasterii
3384 2403 3577 2466 sancti

1916 2494 2352 2568 Dionysii,cum
2368 2492 2549 2549 fratre
2574 2493 2763 2567 ipsius
2781 2495 3080 2552 Gauzleno
3097 2494 3578 2572 capiunt,eisque

1913 2583 2345 2656 redemptionis
2367 2597 2491 2639 suae
2507 2583 2942 2653 gravissimam
2964 2584 3575 2661 multamimponunt,

1917 2674 1999 2732 ob
2029 2686 2216 2746 quam
2245 2670 2416 2728 multi
2465 2673 2885 2730 thesaurorum
2940 2673 3329 2732 ecclesiarum
3374 2672 3580 2732 Deiex

1915 2777 2105 2834 regno
2133 2762 2445 2834 Karliipso
2474 2761 2716 2818 iubente
2746 2763 3021 2821 exhausti
3035 2766 3194 2833 sunt;
3227 2760 3334 2821 sed
3358 2762 3452 2822 his
3474 2761 3581 2821 mi-

1918 2854 2082 2910 nime
2113 2850 2570 2921 sufﬁcientibus,
2591 2852 2670 2909 ab
2692 2852 2907 2910 eodem
2926 2868 3066 2925 rege
3092 2859 3149 2912 et
3164 2850 3449 2911 omnibus
3461 2850 3581 2929 epi-

1928 2941 2147 3014 scopis,
2172 2940 2516 3007 abbatibus,
2549 2940 2890 3013 comitibus,
2932 2943 3282 3018 caaterisque
3311 2942 3453 3001 viris
3477 2961 3584 3019 po-

1923 3032 2187 3090 tentibus
2206 3028 2398 3086 multa
2427 3030 2506 3087 ad
2534 3029 2974 3104 suppletionem
2995 3031 3296 3107 praedictae
3327 3051 3581 3092 summae

1445 3156 1650 3212 VARIA
1660 3155 1832 3212 NTES
1878 3155 2276 3213 LECTIONES.

334 3287 348 3321 ¹
384 3283 721 3343 dorstatum
768 3281 878 3341 Ch.
912 3284 933 3318 ²
964 3281 1314 3354 interceptis
1365 3280 1476 3340 Ch.
1521 3283 1543 3315 ⁸
1574 3280 2007 3338 celeberrimus
2054 3279 2167 3338 Ch.
2195 3281 2225 3322 4
2261 3278 2498 3336 oscium
2521 3280 2631 3338 Ch.
2656 3283 2715 3337 et
2742 3281 2815 3337 B.
2845 3280 2872 3321 ⁵
2902 3279 3265 3338 adalboldus
3293 3280 3402 3341 0h.

1763 3379 1985 3436 NOT/E.
2220 3386 2223 3389 ’

222 3510 250 3538 ι
276 3498 367 3557 Cf.
391 3499 611 3557 Chron.
643 3498 720 3555 de
754 3497 934 3569 gestis
965 3500 1165 3569 Norm.

222 3574 252 3614 b
286 3573 616 3628 Funestam
643 3566 803 3627 hanc
834 3568 1071 3626 cladem
1100 3568 1265 3638 luget
1285 3567 1642 3623 Paschasius
1670 3566 1821 3622 Rad-

152 3645 367 3702 bertus
395 3642 665 3711 lib.v1,in
696 3641 1180 3698 Lamentationes
1202 3639 1505 3696 Jcremiaa:
1532 3639 1672 3705 Quis
1700 3655 1825 3694 um-

152 3731 359 3790 quam,
391 3714 493 3786 ait,
516 3714 802 3790 crederet,
840 3714 935 3770 vel
958 3714 1106 3790 quis
1121 3727 1406 3790 umquam
1437 3713 1702 3790 cogitare
1719 3726 1821 3780 po-

154 3783 364 3845 tuisset
395 3783 554 3857 quod
578 3786 848 3842 accidere
879 3787 1002 3841 tale
1041 3783 1280 3856 aliquid
1306 3785 1591 3852 potuisset
1626 3783 1689 3837 in
1714 3796 1822 3837 no-

154 3860 301 3917 stris
330 3858 608 3928 partibus
641 3858 802 3929 quod
834 3861 1182 3929 transcurso
1215 3860 1481 3929 tempore
1505 3868 1703 3929 omnes
1729 3868 1824 3910 ac-

155 3927 377 3989 cidisse
407 3927 845 3998 conspexi-imus,
902 3928 1205 3985 doluimus
1251 3940 1327 3982 ac
1372 3927 1739 3996 deﬂevimus,
1766 3930 1823 3981 et

153 4003 337 4060 valde
355 4001 776 4072 pertimuimus
800 4001 987 4073 ;unde
997 4006 1049 4057 et
1063 3999 1266 4073 adhuc
1283 3998 1464 4073 hodie
1483 4013 1601 4073 non
1623 3998 1823 4073 minus

145 4069 650 4146 pertimescimus,
704 4076 772 4146 ut
796 4069 1037 4146 piratas,
1068 4070 1317 4146 diversis
1349 4069 1669 4146 admodum
1704 4069 1821 4124 col-

155 4141 301 4203 lecti
321 4158 398 4201 ea:
423 4141 701 4214 familiis,
730 4144 1113 4199 Parisiorum
1142 4142 1512 4210 attingerent
1526 4141 1695 4214 ﬁnes,
1729 4153 1823 4214 ec-

152 4210 487 4286 clesiasque
516 4215 748 4271 Christi
776 4215 917 4271 hinc
960 4214 1098 4269 inde
1147 4216 1484 4286 cremarent
1516 4212 1679 4286 circa
1722 4210 1822 4265 lit-

154 4295 255 4345 tus
285 4292 315 4344 ?
346 4281 486 4355 Quis
533 4300 838 4356 umquam,
889 4299 1106 4357 quaso,
1140 4283 1405 4357 crederet
1448 4281 1609 4357 quod
1642 4282 1824 4357 latro:

151 4375 262 4416 nes
312 4352 669 4427 promiscuae
710 4352 917 4428 gentis
944 4369 1228 4426 umquam
1274 4353 1435 4428 _talia
1481 4352 1828 4428 auderent?

154 4432 256 4488 vel
280 4424 414 4502 quis
443 4424 740 4485 aestimare
773 4424 1082 4502 potuisset,
1127 4424 1288 4502 quod
1316 4429 1467 4502 __tam
1497 4424 1824 4493 gloriosum

154 4495 439 4571 regnum,
472 4506 712 4571 tamque
740 4495 1041 4554 munitum
1064 4495 1125 4571 et
1160 4495 1540 4571 latisSimum,
1575 4502 1697 4571 tam
1722 4508 1826 4571 po-

145 4565 454 4645 pulosumi
475 4578 529 4627 et
570 4565 998 4645 ﬁrmissimum,
1034 4570 1247 4645 talium
1280 4568 1588 4645 hgminum
1636 4565 1827 4645 humi—

159 4638 315 4703 liari
360 4644 458 4701 vel
504 4638 783 4699 sordibus
810 4642 1043 4712 foedari
1080 4639 1347 4698 deberet?
1392 4638 1614 4694 Fateor
1669 4638 1825 4693 enim

159 4715 328 4790 quod
356 4715 568 4790 nullus
595 4730 671 4790 ea:
713 4714 951 4790 regibus
977 4719 1171 4790 terra,
1216 4712 1332 4790 ista
1383 4714 1828 4790 cogitaret,_nef

156 4781 278 4867 que
308 4787 473 4867 ullus
498 4781 832 4867 habitator
853 4785 1028 4867 orbis.
1043 4784 1241 4867 nostri
1273 4781 1489 4867 audire
1536 4782 1828 4867 potuisset

158 4850 329 4933 quod
354 4858 661 4915 Parisium
700 4856 1188 4933 nostrumhostis
1217 4855 1497 4910 intraret.
1538 4850 1820 4933 Bongars.
1853 4850 1898 4905 D
1936 4852 2228 4933 Erocaire

237 4943 263 5001 εξ
300 4933 524 5001 Auctor
551 4944 897 5001 anonymus
920 4926 1351 5001 miraculorum
1381 4928 1606 5001 sanctae
1636 4925 1825 5001 Gena-

158 4998 338 5069 vefaa,
364 5000 472 5073 qui
498 5000 615 5057 hoc
644 4996 919 5073 tempore
947 4998 1208 5073 vivebat,
1233 4997 1364 5053 haec
1392 4996 1580 5053 habet
1604 5013 1619 5052 :
1673 4997 1825 5052 Bea-

163 5070 407 5130 tissimd
420 5073 588 5144 virgo
615 5070 916 5142 Genovefa
942 5086 1052 5141 per
1071 5070 1336 5144 quinque
1358 5083 1668 5144 annorum
1685 5082 1824 5144 cur-

162 5147 372 5203 ricula
400 5139 623 5201 mansit
672 5139 852 5202 extra
886 5139 1202 5214 proprium
1233 5140 1450 5207 sedem,
1475 5139 1827 5214 populanti-

165 5217 277 5274 bus
303 5216 673 5274 Normannis
713 5211 945 5273 omnem
983 5211 1610 5285 regionemisequanas
1654 5211 1828 5285 adja-

164 5294 418 5347 centcm.
443 5288 665 5356 Quibus
694 5288 776 5346 ad
802 5301 916 5345 sua
965 5282 1419 5351 revertentibus,
1474 5282 1826 5356 reduximus

163 5359 249 5418 ad
291 5353 484 5418 locum
521 5366 798 5418 sanctum
841 5359 1145 5417 dominam
1201 5361 1490 5413 nostram.
1542 5353 1829 5425 Loquitur

164 5430 355 5489 etiam
374 5431 451 5488 de
474 5429 719 5505 lugubri
747 5430 895 5505 sedis
925 5433 1149 5505 sanctae
1197 5424 1512 5505 Genqvei‘ss
1554 5424 1664 5497 per
1682 5427 1828 5505 .Nor-

164 5518 433 5574 mannos
489 5495 906 5559 cdmbustione
952 5495 1741 5574 StephanusuTornacensis
1765 5495 1829 5551 in

166 5573 425 5647 epistola
456 5576 556 5631 164
588 5574 692 5647 ad
738 5567 1096 5647 episcopum
1151 5569 1609 5647 Londinensem.
1645 5567 1824 5647 data:

204 5640 344 5704 nter
374 5647 550 5712 alias,
582 5640 798 5719 inquit}
832 5640 994 5717 quod
1022 5646 1150 5719 sine
1175 5640 1830 5719 suspirio‘acsingultu

168 5720 406 5790 referre
433 5735 550 5776 non
561 5713 878 5787 possumus
896 5722 1003 5774 aut
1031 5713 1643 5790 debemus,ecclesiam
1657 5726 1829 5790 apos-

169 5784 433 5847 toZorum
463 5784 634 5846 Petri
658 5797 716 5847 et
743 5790 951 5858 Pauli,
982 5790 1048 5844 in
1078 5803 1202 5859 qua
1227 5787 1401 5844 beata
1448 5785 1620 5854 virgo
1642 5784 1830 5839 Gono-

169 5863 314 5932 vefa
338 5863 651 5934 requiescit
702 5863 764 5919 in
815 5875 1082 5932 corpore,
1143 5860 1341 5931 regali
1390 5871 1504 5934 ore
1528 5861 1608 5934 et
1639 5869 1832 5934 _opere

169 5927 604 5999 constructam,
635 5934 862 5992 musico
891 5927 1052 5990 intus
1077 5936 1135 5989 et
1163 5927 1363 6007 citra:
1382 5930 1537 5986 sicut
1560 5927 1832 5998 reliquiae

1847 3494 1886 3550 C
1926 3495 2127 3553 adhuc
2150 3499 2468 3566 testantur,
2502 3501 2781 3552 ornatam
2804 3500 2859 3552 et
2902 3492 3223 3567 depictam,
3254 3499 3590 3558 miserabili

1929 3571 2391 3641 concremarunt
2418 3566 2715 3637 incendio,
2747 3581 2855 3624 nec
2880 3580 3052 3624 sacro
3094 3570 3221 3626 loco
3249 3576 3585 3641 parcentes,

1928 3656 2038 3697 nec
2069 3640 2253 3696 beatae
2281 3640 2512 3717 virgini
2528 3641 2784 3717 aliisque
2811 3641 3056 3717 sanctis,
3087 3642 3196 3712 qui
3214 3640 3302 3698 ibi
3321 3645 3588 3717 requies-

1932 3713 2577 3839 cugztﬁ’gigirationem
2595 3711 2959 3769 exhibentes.
2987 3711 3160 3776 Bono.

2182 3799 2308 3838 ure.

2002 3860 2025 3888 θ
2058 3852 2498 3927 lniNecrologio
2527 3852 2880 3927 carnulenta
2911 3848 3197 3927 ecclesiae,
3231 3854 3404 3927 cujus
3447 3870 3590 3927 par-

1931 3929 2053 4005 tem
2079 3925 2267 4005 edidit
2293 3921 2666 4005 litabillonius
2696 3927 2860 3980 torno
2892 3924 2937 4005 Il
2963 3921 3251 4005 Analect_._,
3276 3921 3418 4005 p'ag2
3446 3921 3589 4005 350,

1929 3997 2061 4054 haec
2092 3995 2287 4052 caedes
2321 3995 2385 4050 in
2415 4008 2645 4066 annum
2669 3999 3022 4066 sequentem
3051 3995 3331 4066 rejicitu‘r,
3365 3995 3424 4055 et
3446 3995 3592 4054 Fro;

1933 4068 2174 4125 tbaldus
2201 4082 2392 4122 caesus
2420 4065 2636 4121 dicitur
2665 4082 2677 4121 :
2705 4065 2885 4122 Anno
2913 4065 3352 4126 incarnationis
3392 4072 3593 4127 Domi-

1931 4141 1999 4195 ni
2045 4141 2169 4194 858.
2196 4137 2417 4212 indict._
2441 4140 2493 4199 6,
2517 4152 2565 4212 ᾳ
2590 4139 2851 4212 paganis
2900 4138 3376 4212 Sequanensibus
3420 4142 3595 4212 facta

1934 4216 2019 4267 est
2042 4224 2264 4283 magna
2292 4210 2478 4283 caedes
2500 4208 2800 4283 Carnutis,
2818 4210 2883 4283 in
2910 4208 3033 4281 qua
3055 4210 3401 4283 interempti
3421 4208 3430 4212 ⁷
3453 4219 3593 4270 sunt

1930 4280 2301 4360 Frotbaldus
2328 4282 2656 4360 episcopus.
2679 4280 3375 4360 §tephanuspresbgtém
3410 4289 3595 4360 etc,—

1934 4354 1999 4407 In
2029 4352 2326 4407 chartario
2378 4352 2727 4408 monasterii
2777 4353 2967 4408 sancti
3006 4354 3159 4410 Petri
3208 4352 3596 4419 Carnutensis

1933 4423 2288 4495 episcopum
2338 4438 2477 4478 cum
2517 4422 2927 4495 canoniciset
2972 4425 3286 4481 monachis
3337 4428 3596 4495 cruentis

1933 4493 2507 4623 gadiisBrcnactatum
2530 4494 2714 4551 fuisse
2743 4494 2980 4568 legitur,
3001 4508 3220 4571 nempe
3245 4496 3436 4570 pridie
3458 4493 3597 4554 ldus

2099 4608 2110 4622 .
2227 4583 2319 4623 UO.

1966 4582 2110 4623 I111".
2148 4582 2319 4629 UOUQ.

2006 4649 2027 4689 τ
2051 4640 2101 4691 Α
2131 4628 2520 4693 similitudine
2548 4637 2836 4693 Rostrum
2864 4637 3049 4706 Asini,
3091 4634 3310 4696 Gallice
3360 4638 3483 4698 l’ile
3526 4636 3598 4698 de

1935 4710 2230 4775 Besdane,
2272 4708 2420 4764 alias
2448 4709 2655 4764 Oissel.
2688 4713 2959 4764 vocatur.
2991 4711 3166 4773 Bouc.

2010 4788 2038 4825 ε
2067 4784 2234 4863 Nunc
2251 4779 2344 4905 (lliid
2386 4785 2476 4836 est
2517 4793 2680 4836 anno
2731 4780 2888 4862 17459)
2907 4778 3212 4904 praedium
3246 4782 3339 4838 est
3364 4780 3600 4841 Sainte-

2010 4865 2228 4905 θυσίην-ε
2317 4856 2503 4905 ctum.
2537 4851 2616 4905 ab
2636 4850 2881 4905 abbatis
2955 4852 3351 4905 ontmiacensi
3371 4851 3600 4905 demen-

2317 4856 2503 4929 ctum,
2516 4923 2524 4929 _
2537 4851 2616 4929 ab
2636 4850 2881 4929 abbatis
2907 4850 3352 4929 Pontiniacensi
3371 4851 3600 4929 depen-

1931 4924 2102 5005 dens,
2134 4922 2437 5005 ab‘eaque
2454 4895 2702 5005 distans
2734 4922 2922 5005 leuca:
2951 4922 3223 5005 dimidio,
3254 4895 3534 5005 Βξῖῑδζννί

2002 4995 2033 5031 h
2065 4993 2423 5063 lngult‘usﬁin
2454 4994 2707 5050 Historia
2736 4993 2812 5051 de
2841 4993 2956 5050 hoc
2982 4994 3368 5055 matrimonio
3397 4996 3483 5055 sic
3510 4997 3600 5056 lo-

1936 5066 2179 5140 quitur:
2212 5065 2615 5122 Ethelbaldus
2647 5066 2887 5122 thorum
2908 5067 3109 5138 patris
3139 5066 3599 5140 suiascendens,

1935 5139 2093 5211 quod
2120 5153 2229 5194 nec
2262 5140 2424 5193 inter
2458 5142 2667 5211 gentes
2691 5152 2944 5211 usquam
2992 5144 3079 5195 est
3127 5139 3426 5209 auditum,
3452 5139 3600 5211 proé

1927 5209 2137 5285 p_riam
2168 5224 2483 5265 novercam
2520 5209 2857 5273 Juditham,
2889 5211 3191 5285 quondam
3219 5211 3410 5285 ﬁliam
3444 5209 3602 5285 regis

1934 5278 2338 5351 Francorum,
2378 5285 2679 5350 sumptam
2709 5296 2748 5338 a
2768 5278 2950 5351 patre
2996 5278 3346 5352 Ethelvolfo
3372 5284 3436 5339 in
3467 5278 3603 5341 can-

1925 5354 2195 5424 jugium,
2224 5365 2360 5408 cum
2415 5352 2681 5409 omnium
2747 5354 3347 5424 comprovincialium
3410 5356 3603 5413 scelus

1934 5422 2591 5552 sgmétobulgorrentium
2633 5422 2900 5482 maximo
2918 5422 3367 5497 stupore,duzit
3376 5427 3439 5485 in
3459 5439 3607 5485 uxo—

1941 5511 2087 5553 rem.
2113 5509 2291 5559 UOUQ.

2008 5567 2025 5640 4
2057 5566 2146 5636 Cf,
2164 5568 2399 5640 _Chron.
2425 5565 2502 5622 de
2532 5566 2714 5640 gestis
2743 5567 2971 5640 Norm.,
3006 5580 3107 5625 an.
3141 5566 3265 5626 857.

2006 5639 2023 5685 ι
2056 5638 2401 5715 Ludovicus
2425 5642 2483 5695 et
2513 5637 2847 5715 Gauzlenus
2878 5637 3167 5715 eumdem
3214 5644 3450 5715 patrem
3500 5637 3609 5700 ha-

1939 5709 2126 5767 buere
2156 5710 2533 5782 Roriconem,
2563 5712 2847 5768 comitem
2876 5709 3459 5782 Cenomamiensem,
3498 5715 3606 5773 sed

1940 5796 2064 5838 non
2113 5782 2393 5838 eamdem
2438 5786 2714 5839 matrem.
2767 5782 3106 5840 Ludovicus
3134 5782 3292 5841 ﬁlius
3333 5790 3461 5843 erat
3497 5789 3608 5845 Ro-

1941 5853 2154 5925 trudis,
2200 5854 2395 5925 Caroli
2442 5855 2653 5925 magni
2696 5853 2875 5924 ﬁliae;
2908 5855 3240 5913 Gauzlenus
3288 5856 3451 5915 ﬁlius
3499 5858 3608 5915 Bli-

1942 5869 2159 5983 ἓτιιὲῗᾶῗέ
2184 5869 3254 6000 ;”ἕῖιὲ’¹ἓωδῗέἷὲ¹αε“ἓῖἓιιὶηῖἳὲἷί¹ξὲεῗὲ,
3287 5869 3605 5995 ἓὲοῗὶοῗὲῖ
