3950 6408
127 293 255 348 1417
1656 289 1687 340 Α

1993 322 2000 335 .
3417 288 3553 344 148

120 416 257 473 bere
283 414 576 481 solebant,
610 413 776 470 laicis
824 412 1140 470 distribuit.
1174 413 1382 470 Piratae
1415 423 1438 449 λ
1472 416 1778 468 Danorum
1807 413 1854 464 A
1972 403 2284 461 Lotharius
2325 406 2494 463 fratri
2536 421 2647 463 suo
2694 403 3061 475 Hludowico,
3094 407 3378 466 Italorum
3407 412 3556 485 regi,

122 506 300 576 longo
343 504 529 561 maris
579 503 847 569 circuitu,
880 503 1032 560 inter
1079 503 1394 576 Hispanias
1423 501 1697 559 videlicet
1726 503 1780 556 et
1891 493 2227 566 quamdam
2256 495 2426 565 regni
2453 495 2547 552 sui
2574 494 2912 568 portionem
2943 495 3231 566 attribuit,
3260 514 3332 556 ea
3357 500 3377 535 ὀ
3397 499 3560 556 vide-

121 595 374 651 Africam
407 593 782 664 navigantes,
816 593 1176 650 Rhodanum
1205 592 1643 662 ingrediuntur,
1675 589 1780 645 de-
1889 581 2027 638 licet
2050 597 2187 654 quae
2217 583 2372 640 ultra
2400 587 2600 640 Iuram
2623 588 2894 641 montem
2933 583 3218 654 habebat,
3246 587 3308 643 id
3338 591 3426 644 est
3454 591 3560 645 Ge-

121 682 540 756 populatisque
588 681 955 756 quibusdam
1001 681 1338 738 civitatibus
1379 697 1449 738 ac
1480 683 1782 737 monaste-
1889 685 2103 741 nuam,
2151 674 2534 730 Lausonnam
2583 677 2640 730 et
2685 671 2996 730 Sedunum
3035 675 3062 714 ι
3092 674 3385 741 civitates,
3417 694 3558 734 cum

121 772 241 844 riis,
253 772 314 828 in
331 771 676 844 insulaqum
695 771 970 828 Camaria
991 771 1018 812 ι)
1046 770 1280 841 dicitur,
1300 769 1472 826 sedes
1491 770 1778 842 ponunt'.
1891 760 2362 833 episcopatibus,
2391 761 2771 820 monasteriis
2820 766 2877 818 et
2905 762 3310 834 comitatibus,
3343 770 3559 838 praeter

125 861 332 919 Karlus
375 876 480 918 rex
508 876 617 934 per
663 859 907 916 diversa
949 859 1084 916 loca
1111 865 1443 917 conventus
1472 857 1782 932 episcopo-
1889 847 2184 922 hospitale
2208 850 2376 922 quod
2406 856 2494 910 est
2512 851 2575 908 in
2597 856 2803 910 monte
2832 851 2982 908 lovis
3011 852 3025 892 1
3064 856 3121 909 et
3145 853 3558 926 Pipincensem

121 966 255 1005 rum
287 951 426 1020 agit,
454 949 561 1006 sed
587 953 802 1022 quarto
834 949 1052 1005 a'l‘ullo
1081 951 1409 1004 Leucorum
1440 947 1696 1004 miliario
1720 948 1782 1003 in
1891 939 2246 996 comitatum
2281 956 2340 997 ω.

121 1039 261 1096 villa
287 1039 651 1112 Saponarias
679 1045 696 1067 '
727 1055 866 1094 cum
909 1039 1184 1096 Lothario
1227 1043 1284 1094 et
1327 1037 1523 1107 Karlo,
1554 1035 1782 1110 nepoti-
1962 1029 2238 1100 GuanilO,
2269 1030 2592 1104 episcopus
2635 1034 2961 1101 Senonum,
2989 1032 3220 1106 absque
3250 1035 3558 1092 audientia

121 1129 234 1185 bus
265 1129 390 1184 suis
438 1129 704 1200 regibus,
740 1127 978 1201 synodo
1008 1127 1432 1200 episcoporum
1461 1126 1778 1194 adsistens,
1888 1116 2315 1191 episcoporum
2365 1120 2545 1177 Karlo
2599 1121 2726 1192 regi
2781 1121 3216 1180 reconciliatur.
3277 1124 3556 1182 Nicolaus

118 1216 386 1274 libellum
427 1217 829 1273 accusationis
860 1215 1150 1272 adversus
1183 1215 1598 1283 Guanilonem,
1630 1220 1782 1286 Age—
1890 1208 2160 1282 pontifex
2181 1212 2509 1280 Romanus,
2541 1210 2617 1267 de
2642 1212 2836 1283 gratia
2866 1212 2966 1268 Dei
2993 1216 3052 1269 et
3076 1212 3265 1271 libero
3287 1215 3556 1284 arbitrio,

119 1306 282 1362 dinei
323 1308 630 1363 Senonum
670 1304 1198 1377 metropolitanum
1238 1303 1616 1378 episcopum,
1649 1319 1785 1377 por-
1891 1298 1966 1355 de
1987 1298 2234 1356 veritate
2265 1299 2520 1370 geminae
2550 1301 3092 1373 praedestinationis
3120 1307 3178 1359 et
3208 1305 3230 1339 ⁸
3263 1304 3559 1375 sanguine

115 1395 274 1464 rigit.
299 1397 444 1461 Quae
471 1399 674 1452 tamen
706 1394 860 1451 actio
879 1398 1125 1467 propter
1146 1393 1488 1451 absentiam
1512 1393 1782 1450 eiusdem
1895 1387 2125 1453 Christi,
2181 1393 2246 1444 ut
2287 1403 2399 1462 pro
2455 1389 2838 1446 credentibus
2895 1390 3182 1448 omnibus
3237 1392 3407 1449 fusus
3464 1392 3559 1465 sit,

118 1483 470 1540 Guanilonis
493 1483 761 1556 episcopi
789 1482 974 1540 dilata
993 1487 1099 1539 est.
1126 1483 1266 1539 Inde
1291 1482 1366 1539 ad
1391 1481 1785 1554 conloquium
1891 1475 2146 1534 ﬁdeliter
2173 1477 2495 1535 conﬁrmat
2521 1482 2580 1536 et
2606 1478 2896 1537 catholica
2926 1479 3212 1538 decernit.

120 1572 318 1630 fratris
369 1572 458 1628 sui
505 1571 834 1628 Hludowici
861 1571 1020 1642 regis
1062 1572 1125 1628 in
1173 1570 1372 1628 insula
1402 1571 1588 1628 Rheni
1633 1571 1788 1628 inter

119 1666 547 1720 Antunnacum
575 1663 598 1695 ³
621 1665 678 1717 et
707 1639 1084 1719 Conﬂuentes
1129 1665 1432 1734 properat.
1459 1659 1638 1716 Cuius
1667 1659 1788 1717 col-
2589 1639 2879 1697 DCCCLXo
2905 1665 2908 1668 ’

119 1751 308 1825 loquii
357 1750 602 1808 effectus
652 1750 923 1807 differtur
963 1765 1157 1822 usque
1200 1750 1279 1806 ad
1326 1765 1431 1806 vm
1482 1749 1788 1806 Kalendas
1816 1769 1858 1824 Β
1968 1744 2170 1802 Hiems
2218 1745 2453 1802 diutina
2507 1750 2566 1803 et
2606 1747 2910 1804 continuis
2939 1747 3182 1805 nivibus
3209 1764 3281 1806 ac
3311 1749 3448 1822 gelu
3478 1750 3566 1808 di-

122 1840 469 1898 Novembris
513 1839 680 1913 apud
727 1838 1009 1896 Basiliam
1051 1838 1371 1896 civitatem.
1405 1841 1536 1912 Quo
1566 1838 1786 1895 Hludo-
1895 1850 1984 1903 ra,
2008 1849 2046 1890 a
2072 1849 2281 1891 mense
2306 1834 2582 1893 videlicet
2609 1837 2932 1894 Novembri
2961 1853 3155 1911 usque
3177 1839 3257 1896 ad
3275 1841 3560 1913 Aprilem.

120 1930 274 1988 wico
303 1929 681 2001 adveniente,
715 1927 935 1986 Karlus
984 1933 1230 2002 propter
1268 1929 1530 1986 Lotharii
1571 1928 1788 1985 absen-
1898 1922 2212 1980 Lotharius
2241 1923 2516 1994 reginam
2561 1941 2740 1982 suam
2763 1925 3162 1998 Teutbergam
3189 1927 3565 1986 irrevocabili

120 2019 266 2076 tiam
323 2019 402 2076 ab
458 2018 667 2076 itinere
733 2023 931 2091 caapto
984 2018 1316 2075 revertitur.
1372 2018 1650 2091 Aquitani
1707 2018 1788 2076 ad
1895 2011 2038 2069 odio
2082 2012 2472 2071 habitam.....
2507 2017 2550 2086 θ,
2575 2019 2642 2071 ut
2677 2015 2813 2087 ipsa
2860 2031 3066 2074 coram
3095 2016 3394 2092 episcopis
3423 2035 3565 2076 con-

120 2107 374 2165 Karlum
401 2122 661 2181 puerum
690 2121 901 2163 omnes
930 2121 1085 2180 pene
1116 2109 1562 2164 convertuntur.
1592 2106 1788 2180 Pippi-
1897 2101 2186 2169 ﬁteretur,
2212 2101 2458 2160 fratrem
2506 2120 2686 2162 suum
2715 2104 3082 2162 Hucbertum
3112 2105 3226 2163 sibi
3251 2107 3564 2165 sodomiti-

119 2213 237 2253 nus
269 2195 552 2254 Rotberto
581 2196 784 2253 comiti
814 2201 872 2252 et
902 2195 1244 2252 Britonibus
1274 2195 1552 2254 sociatur.
1897 2207 1970 2248 co
2000 2190 2218 2249 scelere
2248 2192 2648 2250 commixtum
2673 2212 2686 2264 ;
2729 2193 2891 2250 unde
2937 2198 2995 2250 et
3034 2195 3397 2268 pmnitentiae
3423 2213 3568 2255 con-

193 2285 365 2342 Acies
420 2285 482 2342 in
541 2285 694 2342 ccelo
741 2299 951 2341 mense
1005 2288 1298 2356 Augusto,
1353 2285 1688 2358 Septembri
1732 2290 1790 2343 et
1899 2279 2067 2336 tinuo
2097 2279 2340 2337 addicta
2369 2285 2461 2338 est
2503 2285 2684 2355 atque
2725 2281 2788 2338 in
2841 2283 3276 2340 monasterium
3304 2288 3560 2342 retrusa.

121 2373 363 2432 Octobri
392 2379 688 2432 nocturno
720 2377 990 2447 tempore
1030 2373 1326 2443 visuntur,
1357 2373 1440 2431 ita
1479 2377 1543 2431 ut
1571 2374 1790 2432 diurna
1898 2369 2118 2426 Karlus
2145 2385 2271 2442 rex,
2299 2369 2465 2427 inani
2519 2373 2827 2428 Danorum
2870 2371 2934 2427 in
2979 2373 3204 2430 Somna
3239 2372 3568 2430 consisten-

121 2462 362 2521 claritas
392 2463 471 2522 ab
513 2464 738 2521 oriente
775 2479 968 2537 usque
1010 2463 1072 2519 in
1103 2463 1570 2537 septentrionem
1601 2463 1787 2521 conti-
1849 2465 1868 2481 '
1899 2459 2051 2516 tium
2080 2459 2507 2532 pollicitatione
2556 2459 2864 2533 pellectus,
2897 2461 3273 2519 exactionem
3314 2462 3390 2519 de
3438 2463 3567 2522 the-

118 2564 239 2605 nue
270 2547 516 2613 fulserit,
553 2553 609 2606 et
655 2548 953 2606 columnae
984 2548 1331 2620 sanguineae
1361 2565 1435 2606 ex
1465 2565 1538 2606 ea
1564 2547 1790 2606 discur-
1900 2549 2094 2606 sauris
2135 2548 2528 2607 ecclesiarum
2573 2554 2630 2607 et
2676 2550 2964 2607 omnibus
3014 2551 3247 2608 mansis
3279 2568 3350 2609 ac
3379 2569 3567 2626 nego-

118 2643 318 2694 rentes
344 2638 761 2713 processerint.
793 2637 980 2695 Dani‘
999 2637 1233 2694 noviter
1249 2637 1638 2695 advenientes
1663 2653 1789 2694 mo-
1900 2639 2227 2697 ciatoribus
2257 2639 2438 2697 etiam
2482 2641 2878 2714 paupertinis,
2912 2641 2996 2699 ita
3025 2645 3096 2698 ut
3137 2642 3318 2699 etiam
3346 2643 3568 2701 domus

117 2728 454 2784 nasterium
478 2727 667 2784 sancti
695 2726 968 2784 Walarici
988 2741 1011 2768 ο
1041 2733 1097 2784 et
1121 2727 1630 2798 Samarobrivam,
1651 2732 1789 2784 Am-
1899 2746 2111 2787 eorum
2148 2734 2207 2788 et
2236 2731 2441 2788 omnia
2470 2731 2752 2788 utensilia
2797 2732 3309 2805 adpreciarentur,
3343 2737 3401 2790 et
3427 2733 3568 2791 inde

117 2816 446 2874 bianorum
497 2817 819 2886 civitatem,
854 2816 1092 2889 aliaque
1140 2817 1613 2891 circumquaque
1654 2817 1790 2874 loca
1899 2823 2382 2876 statutuscensus
2409 2820 2760 2891 exigeretur,
2788 2820 2917 2878 ﬁeri
2935 2820 3134 2891 iubet;
3162 2837 3307 2879 nam
3328 2821 3525 2880 eidem
3548 2825 3569 2858 ⁷

116 2905 350 2978 rapinis
392 2910 450 2962 et
497 2905 788 2961 incendiis
830 2908 1110 2972 vastant;
1162 2905 1260 2961 alii
1304 2921 1548 2978 quoque
1578 2921 1789 2961 eorum
1901 2908 2049 2964 Dani
2093 2907 2517 2981 promiserant,
2549 2908 2599 2964 si
2648 2908 2734 2964 eis
2783 2909 2897 2966 tria
2939 2909 3106 2967 milia
3147 2909 3440 2967 librarum
3473 2927 3570 2968 ar-

118 2994 391 3052 insulam
421 2995 608 3052 Rheni
647 2997 937 3050 Patavum
981 2994 999 3033 ί
1025 2993 1204 3050 simili
1233 2994 1433 3051 furore
1462 2995 1786 3062 invadunt;
1902 2996 2062 3068 genti
2100 2997 2369 3070 pondere
2410 2997 2754 3055 examinato
2803 2997 3105 3068 tribueret,
3162 3013 3226 3053 se
3276 2997 3568 3054 adversus

117 3083 180 3142 hi
206 3101 354 3142 vero
408 3084 514 3156 qui
569 3083 632 3138 in
687 3085 970 3155 Sequana
1015 3088 1350 3152 morantur,
1379 3084 1736 3140 Noviomum
1766 3097 1790 3135 ε
1822 3124 1866 3179 D
1903 3101 2006 3142 eos
2063 3088 2262 3142 Danos
2308 3085 2414 3158 qui
2463 3086 2525 3141 in
2574 3088 2856 3157 Sequana
2913 3085 3313 3141 versabantur
3356 3085 3568 3154 ituros,

119 3173 428 3230 civitatem
477 3175 660 3228 noctu
708 3171 1000 3242 adgressi,
1049 3172 1386 3228 Immonem
1437 3172 1790 3246 episcopum
1822 3171 1860 3179 ⁷
1904 3190 2128 3247 eosque
2155 3174 2297 3232 inde
2327 3178 2432 3232 aut
2464 3173 2824 3247 expulsuros
2855 3177 2962 3230 aut
2984 3173 3424 3232 interfecturos.

117 3277 259 3318 cum
295 3261 433 3319 aliis
464 3260 772 3318 nobilibus
811 3265 938 3318 tam
980 3259 1208 3317 clericis
1253 3277 1441 3334 quam
1485 3261 1654 3317 laicis
1691 3278 1790 3317 ca-
1975 3262 2165 3320 Pridie
2214 3267 2415 3320 Nonas
2464 3263 2680 3336 Aprilis
2724 3267 2899 3321 nocte
2940 3263 3236 3337 sequenti,
3280 3279 3444 3322 nova
3488 3264 3573 3320 vi-

117 3351 314 3424 piunt,
347 3354 705 3423 vastataque
731 3349 964 3407 civitate
995 3366 1204 3407 secum
1243 3349 1576 3414 abducunt,
1611 3355 1792 3423 atque
1903 3352 2118 3410 delicet
2142 3351 2289 3409 luna
2317 3352 2440 3410 iam
2472 3353 2778 3421 inchoata,
2811 3351 2996 3408 fertur
3031 3353 3317 3425 quaedam
3354 3351 3574 3410 obscu-

117 3439 180 3496 in
208 3440 422 3496 itinere
449 3439 833 3496 interﬁciunt.
864 3439 976 3506 Qui
1004 3439 1186 3496 etiam
1207 3443 1344 3496 ante
1367 3439 1524 3495 duos
1544 3456 1790 3495 menses
1903 3443 2045 3499 ritas
2094 3441 2482 3511 corniculata,
2541 3440 2756 3499 eodem
2810 3442 3118 3499 schemate
3163 3443 3184 3478 ⁸
3245 3458 3370 3515 quo
3425 3442 3574 3500 luna

119 3529 572 3587 Ermenfridum
601 3529 1036 3600 Belvagorumh
1064 3529 1127 3585 in
1156 3527 1427 3602 quadam
1458 3529 1595 3586 villa
1613 3529 1792 3585 inter-
1905 3531 2287 3605 splendebat.
2314 3547 2422 3604 per
2447 3530 2717 3588 medium
2747 3530 3020 3587 eiusdem
3049 3529 3207 3588 lunae
3254 3531 3573 3604 apparuis-

118 3618 413 3690 fecerant,
470 3619 576 3675 sed
647 3622 706 3675 et
769 3634 932 3675 anno
987 3619 1286 3691 praeterito
1347 3618 1700 3675 Baltfridum
1747 3621 1790 3687 ³,
1907 3636 1992 3690 se,
2019 3621 2100 3678 ita
2130 3624 2194 3676 ut
2218 3620 2358 3677 hinc
2387 3620 2528 3678 inde
2556 3620 2800 3690 luceret,
2834 3619 3026 3677 sedin
3055 3620 3258 3678 medio
3287 3620 3576 3678 obscura-

118 3707 580 3766 Baioccassium
605 3708 620 3744 ⁸
648 3707 1022 3781 episcopum,
1053 3713 1436 3766 necaverant.
1470 3709 1619 3765 Ossa
1655 3707 1795 3765 bea-
1904 3713 2085 3766 retur.
2114 3709 2391 3766 Similiter
2435 3709 2656 3766 dicitur
2680 3726 2782 3766 vm
2831 3710 2974 3765 ldus
3017 3708 3234 3782 Aprilis
3264 3709 3355 3766 sol
3383 3713 3572 3778 ortus,

118 3802 324 3856 torum
384 3801 726 3870 martyrum
772 3797 1060 3871 Dionysii,
1104 3797 1325 3854 Rustici
1377 3802 1436 3855 et
1482 3797 1795 3855 Eleutherii
1904 3797 2241 3871 quamdam
2269 3798 2331 3854 in
2362 3797 2563 3854 medio
2603 3797 2695 3853 sui
2741 3796 2888 3854 orbe
2923 3796 3408 3853 tenebrositatem
3435 3812 3579 3870 pas-

118 3892 290 3946 metu
317 3887 680 3945 earumdem
729 3887 1034 3944 Danorum
1081 3887 1143 3943 in
1191 3902 1420 3960 pagum
1468 3888 1796 3961 Mauripen-
1907 3903 2030 3960 sus,
2071 3903 2194 3960 qua
2237 3886 2317 3942 ad
2357 3885 2641 3942 inferiora
2667 3885 2796 3941 eius
2844 3883 3184 3953 delabente,
3215 3899 3361 3942 mox
3390 3885 3512 3943 alia
3538 3902 3577 3942 a

117 3993 269 4043 sem,
326 3978 395 4034 in
445 3975 672 4048 villam,
724 3975 819 4031 sui
865 3975 1009 4032 iuris
1061 3977 1420 4033 Novientum
1467 3977 1507 4044 i,
1548 3975 1798 4034 devecta
1907 3975 2316 4049 superioribus
2363 3975 2418 4030 ei
2461 3973 2772 4046 ingruerit,
2818 3973 3070 4046 eiusque
3124 3973 3337 4031 orbem
3378 3989 3576 4047 usque

118 4072 280 4140 sunt,
312 4072 505 4141 atque
534 4081 574 4122 ιι
597 4064 903 4122 Kalendas
924 4065 1192 4123 Octobris
1222 4064 1284 4121 in
1306 4065 1522 4123 locutis
1541 4063 1793 4136 diligen-
1907 4064 1988 4122 ad
2043 4063 2256 4120 intima
2323 4062 2592 4120 similiter
2659 4063 3047 4134 percurrerit,
3116 4066 3176 4119 et
3249 4062 3366 4120 hoc
3428 4062 3576 4120 luna

119 4160 207 4214 ter
236 4155 582 4215 conlocata.
1908 4152 2166 4210 decima.

1418 4279 1820 4338 VARIANTES
1873 4279 2170 4336 LECTION
2177 4278 2282 4334 ES.

193 4383 208 4418 ³
230 4379 474 4458 dicitur
503 4392 566 4458 se
594 4375 1056 4458 disponuntCh.
1088 4448 1106 4458 Δ
1126 4378 1146 4410 ²
1174 4377 1590 4458 autunnacum
1621 4375 1747 4458 σὴς.
1794 4377 1816 4410 ³
1841 4372 2192 4458 blattridum
2221 4374 2334 4431 Ch.
2522 4374 2550 4458 ᾗ
2571 4388 2708 4458 eam
2737 4372 3012 4458 videlicet
3035 4389 3171 4458 quas
3198 4375 3272 4432 Β.
3343 4376 3456 4458 {et
3478 4374 3577 4458 ‘de

120 4445 854 4581 §.sfgge:tz:1ghepistoltz
889 4451 981 4504 25.
1087 4448 1108 4483 θ
1131 4446 1535 4518 supplendum
1561 4447 1756 4517 coegit
1785 4449 1878 4505 υει
1907 4446 2081 4504 aliud
2115 4446 2426 4516 ejusmodi.
2531 4447 2550 4480 ⁷
2588 4445 2749 4502 idem
2807 4445 2941 4514 Ch.,
3000 4445 3204 4504 eidem
3261 4446 3574 4502 sententia.

194 4694 220 4760 ξ
251 4683 339 4760 gf.
377 4682 602 4760 Qhron.
632 4679 708 4737 de
742 4683 893 4760 gest.
928 4683 1144 4760 Nomm
1231 4749 1248 4760 ε
1339 4749 1351 4760 θ
1415 4751 1460 4760 η
1499 4749 1515 4760 ‘
1670 4753 1712 4760 __
1764 4755 1772 4760 _
1839 4682 1882 4736 D
1913 4679 2082 4760 actis,
2114 4677 2281 4760 quod
2310 4693 2434 4735 non
2455 4675 2835 4760 raroﬁebat,
2856 4675 3253 4760 subscribere
3281 4676 3493 4760 potuit,
3519 4679 3586 4732 ut

197 4755 344 4830 h_La
381 4747 838 4830 qugzarguefin
880 4752 1035 4809 ostio
1082 4749 1376 4809 Rhodani.
1415 4749 1633 4820 Vales.,
1669 4753 1800 4808 Not.
1915 4755 2070 4830 certe
2121 4747 2340 4830 iisdem
2383 4747 2792 4830 subscripsere
2839 4747 3387 4830 Autissiodore‘n—ses
3437 4747 3583 4830 duo,

129 4827 371 4901 Gal.,p.
411 4817 628 4901 ll9.___'
727 4817 736 4823 ⁷
1040 4893 1058 4901 _
1279 4893 1319 4901 υ
1363 4897 1372 4901 _
1419 4893 1435 4901 _
1507 4895 1517 4901 _
1703 4893 1740 4901 __
1915 4821 2090 4877 Abbo
2117 4819 2448 4901 _scilicet_et
2499 4817 2892 4901 Qhristianus:
2925 4819 3014 4901 Ita
3061 4817 3435 4876 Mabillonius
3473 4817 3580 4876 lib.

201 4891 456 4970 {Hujus
485 4893 642 4951 villa
690 4911 852 4970 quae
873 4893 1216 4970 una_1euca
1261 4893 1525 4951 distabat
1553 4908 1591 4950 a
1617 4893 1804 4957 Tullo,
1917 4909 2086 4970 xxgrv;
2099 4891 2314 4948 Annal.
2349 4891 2594 4960 Bened.,
2623 4905 2796 4948 num.
2829 4893 2917 4947 50.
2952 4891 3232 4954 Bouqusr.

130 4969 325 5026 multa
346 4964 682 5037 supersunt
706 4964 978 5037 vestigia.
1003 4964 1181 5031 Bono.
1991 4965 2005 5000 ί
2037 4965 2314 5037 Bayeux.

206 5041 234 5082 δ
262 5040 349 5098 Cf.
387 5034 612 5098 Chron.
636 5037 713 5094 de
743 5034 890 5109 gest:
925 5041 1129 5095 Norm.
1993 5037 2018 5109 ξ
2049 5034 2640 5109 Nogent-sur-Seine.

201 5125 226 5156 ο
256 5093 718 5184 ἐᾷἱηῖῗάιὲφλῂ.
743 5093 809 5109 Ui
859 5093 886 5096 ν
926 5093 940 5095 ⁷
986 5093 999 5095 θ
1100 5093 1123 5094 ﬂ
2051 5093 2232 5184 9313f,
2247 5106 2602 5184 AL_au_sanne,
2629 5104 2895 5184 Sitten.”
2930 5175 2966 5184 -
3173 5172 3211 5184 ι,

207 5185 227 5225 ί
257 5166 456 5240 Ϊίῖὸέῐ
488 5166 764 5238 Βαωᾶω.
1997 5166 2010 5205 ¹
2055 5166 2354 5247 Hospitale
2382 5177 2445 5234 in
2475 5166 2680 5233 monte
2709 5174 2900 5233 sancti
2930 5172 3236 5237 Bernardi,
3265 5173 3325 5247 in
3352 5172 3518 5247 quod
3538 5177 3596 5230 et

208 5256 548 5330 sly'oyon._
722 5326 739 5330 _
1105 5325 1114 5330 _
1353 5324 1397 5330 __
1484 5321 1494 5330 _
1925 5263 2040 5330 ego
2084 5244 2370 5330 {Kalendis
2415 5247 2715 5330 Augustis.
2741 5263 2839 5305 an.
2879 5247 3035 5330 1823,
3069 5261 3143 5302 ex
3189 5244 3353 5330 Italia
3370 5244 3593 5327 redux,

203 5327 234 5368 ιι
261 5315 594 5384 Βεᾶιιυαὶδ.
624 5355 695 5367 -
721 5326 1056 5380 Immonem
1099 5325 1304 5379 tamen
1353 5321 1816 5378 Noviomensem
1926 5315 2160 5392 diverti,
2192 5325 2250 5377 et
2277 5335 2389 5392 pro
2418 5315 2587 5377 mo're
2617 5321 2873 5392 Patrum
2889 5317 3259 5392 optimorum
3281 5315 3598 5392 humanis;-

135 5394 1043 5471 episcopum,etErmeniridum
1055 5392 1542 5450 Bellovacensem
1558 5393 1637 5448 ad
1651 5409 1819 5450 men-
1936 5391 2088 5448 sime
2118 5387 2419 5465 exceptus,
2447 5395 2646 5463 grates
2674 5390 2746 5446 iis
2773 5390 2837 5446 in
2859 5387 2976 5446 ho—c
3005 5389 3141 5445 loco
3166 5392 3304 5462 post
3329 5387 3598 5460 privatas

135 5484 267 5526 sem
289 5469 618 5527 Octobrem
639 5466 783 5523 anni
806 5464 1228 5527 subsequentis
1245 5464 1594 5527 superstites
1612 5464 1816 5527 fuisse,
1931 5461 2214 5527 publicas
2244 5461 2432 5519 solvo.

135 5484 267 5526 sem
289 5479 618 5527 Uct0brem
639 5481 783 5523 anni
806 5479 1228 5538 subsequentis
1245 5481 1315 5521 su
1363 5479 1594 5520 ersutes
1612 5479 1816 5534 ruisse,
1931 5479 2214 5537 pUDllcaS
2244 5479 2432 5519 sorvo.

136 5541 540 5612 manifestum
570 5544 659 5612 est
681 5554 754 5594 ex
775 5537 922 5612 actis
944 5479 1491 5612 concilii‘Tuliensis
1522 5535 1689 5612 apud
1709 5539 1818 5591 Tu-
2001 5548 2040 5574 ω
2056 5533 2190 5589 Sine
2220 5533 2408 5612 dubio
2440 5534 2761 5612 comitatus
2792 5530 3153 5612 Ripinensis,
3177 5546 3213 5588 a
3234 5533 3429 5612 castro
3449 5529 3603 5612 Bipp

139 5612 400 5676 siacum,
420 5610 519 5667 cui
537 5609 720 5668 ambo
739 5609 1170 5678 subscripsere.
1192 5601 1792 5678 Rainelmusciuidcm
1810 5651 1823 5674 ,
1929 5621 2152 5678 nomen
2180 5606 2440 5678 sortitus,
2469 5605 2531 5661 in
2568 5601 2922 5678 occidentali
2963 5605 3123 5658 Jurze
3149 5602 3369 5658 montis
3395 5601 3602 5678 latere,

139 5672 432 5741 Immonis
478 5696 813 5746 successor,
862 5672 1089 5735 ibidem
1138 5681 1319 5734 etiam
1376 5678 1527 5733 inter
1565 5672 1825 5734 subseri;
1931 5676 2012 5734 ad
2041 5676 2234 5732 fontes
2277 5672 2454 5734 Birsze
2499 5675 2784 5746 ﬂuminis,
2818 5673 2990 5744 cujus
3028 5688 3323 5745 mappam
3371 5672 3600 5729 videsis

139 5756 414 5813 bentium
443 5753 700 5810 nomina
727 5744 1062 5808 invenitur:
1107 5753 1167 5808 at
1193 5753 1331 5823 post
1361 5749 1666 5822 synodum
1691 5750 1822 5822 ejus
1931 5749 1993 5805 in
2027 5747 2417 5821 Schoepptlini
2446 5747 2631 5806 Alsat.
2667 5744 2881 5804 lllustr.
2914 5748 2955 5814 i,
2989 5761 3051 5818 p.
3084 5744 3212 5802 619.

445 5843 493 5898 P
512 5858 714 5899 arnor.
756 5842 915 5897 CXV.
3322 5837 3392 5890 45
