3950 6386
388 253 524 308 MN

1490 250 1544 304 S.
1587 248 1955 304 PRUDENTII
1993 246 2369 306 TREGENSIS
2411 245 2734 300 EPISCOPl.

3687 252 3832 306 mo

453 372 603 430 Dani
625 381 652 410 ⁸
679 372 743 430 in
769 372 1016 429 Summa
1042 371 1458 444 consistentes,
1490 387 1630 430 cum
1672 373 1757 428 eis
1788 383 1911 428 non
1942 370 2048 426 da~
2075 375 2120 430 Α
2160 385 2336 424 suum
2367 369 2632 433 Karlum,
2661 369 3007 425 llludowico
3032 368 3157 437 regi
3186 369 3517 425 Germaniae
3539 371 3827 441 sociatur,

378 467 540 521 retur
569 461 950 536 supradictus
1003 478 1248 532 census,
1291 463 1548 536 receptis
1597 462 1934 532 obsidibus,
1968 459 2049 516 ad

377 552 866 624 Anglo-Saxones
888 550 1207 622 navigant;
1237 568 1273 609 a
1295 553 1521 625 quibus
1541 550 1844 625 profligati
1867 553 2050 621 atque

378 643 626 716 repulsi,
656 642 804 700 alias
835 646 1035 714 partes
1068 646 1297 715 petunt.
1332 643 1396 698 Hi
1443 659 1587 700 vero
1631 641 1784 698 Dani
1831 639 1937 713 qui
1984 639 2048 696 in

379 731 673 789 Rhodano
701 731 1116 800 morabantur,
1153 747 1342 804 usque
1373 732 1451 790 ad
1482 730 1817 789 Valentiam
1846 730 1874 770 ιι
1902 729 2045 784 civi-

378 825 562 879 tatem
611 820 904 878 vastando
953 820 1346 893 perveniunt;
1402 821 1562 878 unde
1609 819 1857 891 direptis
1907 833 2046 892 quia

378 909 538 968 circa
585 914 755 966 erant
806 909 1112 978 omnibus,
1144 913 1502 966 revertentes
1549 909 1626 964 ad
1676 907 1936 964 insulam
1984 905 2047 962 in

376 1016 503 1074 qua
523 999 698 1056 sedes
728 1003 1080 1072 posuerant,
1106 998 1381 1056 redeunt.

447 1089 851 1160 Hludowicus,
883 1088 1102 1145 Karlus
1130 1091 1188 1146 et
1219 1088 1531 1146 Lotharius
1554 1103 1724 1157 reges
1747 1086 2045 1143 Kalendas

375 1180 577 1237 lunias
596 1179 763 1252 apud
779 1183 1044 1236 castrum
1055 1178 1224 1251 quod
1246 1178 1413 1235 Conﬂ
1424 1182 1629 1234 nentes
1642 1182 1886 1234 vocatur
1902 1192 2044 1232 con-

373 1268 644 1336 veniunt,
675 1267 881 1340 ibique
912 1268 987 1323 de
1034 1283 1185 1340 pace
1231 1267 1387 1324 inter
1431 1282 1493 1322 se
1540 1265 1645 1322 diu
1697 1269 2039 1334 tractantes,

374 1356 623 1414 tandem
643 1355 1032 1413 concordiam
1058 1359 1238 1428 atque
1256 1355 1584 1412 amicitiam
1615 1354 1727 1427 ipsi
1747 1370 1853 1426 per
1873 1367 1936 1410 se
1958 1353 2045 1408 iud

373 1450 650 1502 ramento
667 1445 1681 1517 ﬁrmanLHludowicus,imperator
1697 1443 2044 1511 italite,suo«

370 1549 510 1592 rum
538 1535 796 1591 factione
823 1534 1150 1608 impetitur,
1186 1538 1242 1590 et
1272 1535 1400 1607 ipse
1433 1539 1640 1590 contra
1672 1549 1775 1589 eos
1806 1550 1875 1589 ac
1904 1549 2040 1589 con-

372 1628 465 1680 tra
489 1624 943 1680 Beneventanos
971 1623 1198 1695 rapinis
1245 1627 1425 1696 atque
1458 1623 1748 1679 incendiis
1775 1622 2034 1677 desaevit.

2158 463 2339 530 atque
2370 458 2449 514 ob
2477 459 2754 514 eamdem
2781 458 3129 515 societatem
3157 461 3390 530 partem
3411 459 3579 528 regni
3613 461 3732 527 sui,
3764 461 3828 516 id

2155 551 2242 603 est
2271 546 2640 617 Helizatiam,
2666 548 2863 603 tradit.
2895 551 3049 603 lixor
3077 547 3352 615 Lotharii,
3373 547 3587 604 timens
3606 550 3823 606 odium

2153 635 2256 692 viri
2291 637 2384 692 sui
2425 640 2603 708 atque
2655 637 2926 705 insidias,
2961 637 3038 692 ad
3069 636 3311 692 fratrem
3343 654 3524 694 suum
3554 639 3826 695 Hucber—

2155 730 2282 782 tum
2312 727 2376 782 in
2405 743 2594 796 regno
2644 727 2799 782 Karli
2851 727 3104 796 aufugit.
3137 726 3356 782 Karlus
3388 743 3492 783 rex
3525 735 3826 786 monaste-

2155 816 2310 872 rium
2338 817 2528 872 sancti
2559 816 2786 874 Martini
2811 816 2934 872 iilio
2965 833 3074 872 suo
3108 816 3458 874 Hludowico
3486 817 3759 889 largitur.

2831 909 3143 964 DCCCLXI.

2227 996 2375 1053 Dani
2405 996 2431 1036 ἀ
2461 1011 2670 1053 mense
2703 997 2980 1052 Ianuario
2999 1009 3020 1037 ο
3053 996 3344 1053 Lutetiam
3374 997 3738 1054 Parisiorum
3765 1004 3825 1055 et

2155 1085 2469 1142 ecclesiam
2511 1086 2699 1142 sancti
2730 1086 3016 1141 Vincentii
3054 1086 3337 1157 martyris
3377 1091 3433 1142 et
3471 1088 3661 1143 sancti
3687 1091 3824 1144 Ger-

2154 1176 2321 1231 mani
2351 1176 2712 1232 confessoris
2760 1174 3040 1231 incendio
3089 1176 3370 1244 tradunt;
3415 1177 3823 1246 negotiatores

2153 1281 2397 1336 quoque
2451 1281 2559 1337 per
2617 1267 2962 1336 Sequanam
3020 1264 3264 1334 navigio
3321 1282 3558 1321 sursum
3609 1276 3824 1323 versus

2152 1353 2446 1422 fugientes
2521 1353 2924 1425 insequuntur
2975 1357 3033 1408 et
3087 1353 3353 1426 capiunt.
3407 1354 3517 1410 Alii
3573 1371 3823 1428 quoque

2155 1446 2460 1499 Danorum
2509 1443 2718 1515 piratas
2753 1442 3210 1499 Tarvanensem
3250 1458 3478 1514 pagum
3509 1444 3736 1502 adeunt
3764 1450 3825 1503 et

2155 1531 2492 1588 devastant.

2220 1625 2442 1687 Quarto
2473 1621 2776 1678 Kalendas
2803 1621 3019 1694 Aprilis
3045 1621 3194 1679 luna
3220 1626 3358 1694 post
3387 1623 3599 1680 horam
3625 1626 3820 1681 noctis

444 1713 598 1770 Dani
625 1725 648 1754 ο
676 1712 782 1785 qui
821 1711 884 1768 in
928 1711 1221 1768 Rhodano
1255 1711 1510 1770 fuerant.
1545 1711 1772 1769 italiam
1804 1713 2036 1784 petunt,
2068 1740 2108 1792 η
2148 1717 2431 1768 octavam
2462 1716 2583 1768 tota
2626 1712 2688 1766 in
2737 1710 3111 1780 nigredinem
3163 1712 3423 1768 vertitur.
3458 1715 3669 1770 Karlus
3711 1732 3819 1770 rex

371 1807 429 1860 et
455 1803 623 1860 Pisas
652 1802 951 1859 civitatem
979 1801 1249 1874 aliasque
1285 1802 1556 1874 capiunt,
1587 1801 2034 1875 depraedantur,

373 1897 553 1967 atque
568 1891 1228 1951 devastant.Lotharius
1247 1896 1655 1963 rex,metuens
1668 1891 2042 1950 avunculum

2147 1800 2339 1856 ﬁlium
2395 1816 2569 1856 suum
2620 1801 2961 1857 Lotharium
3012 1801 3301 1856 claudum
3344 1801 3407 1858 in
3449 1805 3817 1861 monasterio

2152 1889 2344 1945 sancti
2377 1889 2659 1946 loliannis
2687 1890 2704 1928 ί
2742 1889 3022 1946 clericum
3044 1890 3173 1947 fieri
3199 1890 3383 1947 iubet.

1977 2004 2199 2074 item.

439 2109 461 2140 ⁸
485 2107 569 2166 Cf.
604 2108 820 2164 Chron.
857 2106 932 2165 de
965 2105 1145 2179 gestis
1173 2107 1373 2164 Norm.

439 2181 470 2224 δ
506 2181 780 2238 Valence.

442 2265 464 2321 ς
496 2252 582 2307 Cf.
615 2251 832 2308 Chron.
865 2251 941 2307 de
973 2250 1157 2321 gestis
1190 2253 1391 2308 Norm.

441 2319 470 2363 δ
499 2321 582 2379 Cf.
614 2321 777 2376 idem
811 2338 909 2378 an.
945 2319 1068 2379 861.

442 2401 466 2433 υ
494 2389 690 2448 Potior
719 2392 881 2463 ﬁdes,
902 2390 1184 2448 habenda
1204 2389 1822 2463 Aimoino,_monacho
1847 2389 2042 2463 sancti
2084 2437 2104 2453 .

372 2465 670 2532 Germani,
717 2463 822 2538 qui
870 2461 984 2520 hoc
1031 2467 1301 2537 tempore
1349 2459 1619 2520 florebat.
1669 2467 1720 2520 ls
1767 2463 1926 2520 enim
1977 2462 2039 2518 in

1157 2653 1514 2660 -ﬂm—_.
1536 2652 1656 2658 __.-.-
1679 2653 1694 2658 ..
1717 2655 1724 2657 μ
1752 2653 1778 2658 ιο
1799 2651 1838 2658 .-ο

382 2649 734 2662 W—

743 2651 1152 2660 ...ο-*ψ

2149 2103 2408 2160 Historia
2439 2101 2869 2174 miraculorum
2927 2101 3116 2160 sancti
3157 2104 3432 2160 Germani
3480 2101 3656 2174 Pstis,
3705 2099 3810 2162 lib.

2148 2192 2206 2245 ιι,
2238 2191 2405 2230 num.
2445 2181 2528 2242 10,
2563 2173 2677 2230 hoc
2705 2175 3005 2231 excidium
3029 2175 3321 2231 accidisse
3349 2175 3528 2232 tradit
3549 2175 3646 2232 die
3672 2193 3815 2234 san-

2148 2253 2242 2303 cto
2272 2247 2529 2304 Pascha}.
2565 2249 2847 2310 Bouquur.

2219 2319 2237 2357 ί
2279 2318 2339 2373 Id
2389 2325 2477 2374 est
2525 2319 2587 2373 in
2642 2318 3005 2375 monasterio
3059 2318 3436 2376 Reomaensi.
3500 2320 3816 2377 Lotharius

2149 2387 2329 2464 etiam
2376 2387 2648 2464 ejusdem
2686 2389 2799 2445 loci
2822 2389 3023 2464 abbas
3072 2390 3200 2464 fuit,
3232 2390 3558 2464 itidemque
3593 2408 3812 2450 mona-

2150 2459 2310 2517 sterii
2336 2459 2527 2517 sancti
2557 2461 2836 2518 Germani
2868 2461 3423 2517 Antissiodorcnsis.
3461 2459 3628 2528 Bono.

1278 2807 1705 2895 VERSUS
1790 2805 2167 2895 SANCTI
2258 2807 2478 2895 PltU
2500 2807 2901 2897 DENTII.

1148 2988 1352 3062 (Apud
1384 2991 1710 3058 ﬂammat,
1747 2989 2232 3062 Promptuarium
2263 2993 2384 3046 ant.
2417 2986 2672 3046 Tricass.
2707 2988 3030 3060 dicecesis.)

1886 3115 2294 3134 ——-—“—-———

369 3249 701 3318 Augustam
731 3246 924 3304 'l‘hrici
952 3247 1049 3319 [μέν
1090 3247 1248 3304 Trini
1279 3251 1427 3304 nutu
1460 3251 1718 3305 statuere
1748 3245 2035 3305 monachi
2064 3253 2103 3305 C
2148 3247 2407 3303 Verbum
2437 3247 2698 3303 Joannes
2727 3252 3092 3320 prtevertens
3125 3251 3396 3321 tempora
3421 3247 3618 3320 prima

440 3336 716 3407 Augusti,
750 3336 1064 3408 quondam
1092 3336 1516 3410 Romuleaeque
1546 3352 1804 3394 manus:

371 3427 458 3482 Ae
489 3425 725 3481 Domini
759 3424 974 3481 Christi
1001 3429 1287 3482 cunctum
1314 3426 1590 3484 radiante
1619 3440 1726 3499 per
1750 3427 1962 3483 orbem

443 3513 695 3570 Nomine
719 3513 1085 3570 Christicolis
1117 3515 1395 3571 conditur
1427 3515 1547 3572 alta
1575 3516 1815 3583 domus,

373 3603 568 3667 Quam
596 3600 796 3674 pulvis
825 3602 980 3658 Petri
1007 3600 1269 3672 decorat,
1301 3604 1590 3676 Paulique
1606 3603 1924 3673 verendus,

444 3689 692 3748 Culmen
724 3690 1127 3764 apostolicum
1158 3692 1264 3764 qui
1293 3692 1511 3765 pietate
1542 3697 1775 3763 gerunt.

368 3779 520 3836 Hinc
550 3795 664 3851 ego
693 3779 913 3837 devoto
939 3779 1242 3838 famulans
1272 3781 1628 3838 Prudentius
1657 3786 1798 3838 actu

439 3869 567 3926 Hoc
594 3869 900 3941 Evangelii
929 3870 1094 3927 solvo
1122 3870 1375 3928 libenter
1403 3886 1559 3944 opus

368 3959 657 4033 Hesperia
685 3961 942 4030 genitus,
975 3959 1169 4017 Celtas
1192 3959 1487 4018 deductus
1517 3965 1574 4018 et
1591 3961 1747 4017 altus

436 4049 744 4104 Pontificis
777 4048 996 4106 trabeis
1026 4049 1347 4122 officioque
1378 4049 1577 4107 datus.

370 4140 661 4204 Quattuor
689 4137 875 4195 afﬂati
906 4155 1125 4211 supero
1155 4139 1321 4211 quod
1350 4139 1578 4195 lumine
1607 4140 1820 4196 scribas

439 4227 644 4282 Veraci
672 4227 929 4282 nimium
962 4243 1358 4300 composuere
1390 4229 1564 4301 stylo.

368 4315 552 4372 Initiis
572 4316 928 4390 [Principiis]
957 4317 1258 4374 Christum
1286 4319 1470 4375 variis
1501 4335 1574 4376 ac
1604 4319 1725 4376 ﬁne
1755 4319 2028 4378 fatentes.

438 4407 512 4462 At
539 4420 664 4462 non
691 4403 963 4480 disparili
993 4409 1160 4478 gesta
1190 4406 1368 4464 beata
1395 4408 1536 4465 ﬁde.

365 4495 602 4566 Virgine
631 4496 939 4552 Mattheeus
977 4496 1289 4553 hominem
1321 4501 1617 4569 gennente
1647 4499 1848 4565 Maria,

436 4584 816 4642 Mandantem
846 4590 1051 4656 gentes
1075 4586 1478 4661 instruierque
1507 4588 1702 4646 refert.

363 4673 506 4730 Fine
535 4680 712 4732 tenus
743 4676 886 4732 secli
917 4679 1159 4733 sanctos
1191 4677 1532 4734 comitarier
1560 4691 1793 4750 omnes,

435 4757 844 4837 Spondentem
875 4771 1113 4839 semper
1134 4759 1364 4835 adfore,
1397 4781 1581 4839 seque
1613 4769 1757 4825 suis.

362 4848 679 4910 Altithroni
710 4849 941 4911 Marcus
965 4851 1245 4912 subolem
1273 4853 1638 4929 fremituque
1668 4857 1859 4915 leonis

432 4941 829 4999 Scandentem
857 4943 1034 5016 pulso
1060 4943 1224 5000 celsa
1256 4959 1471 5017 sopore
1503 4946 1683 5003 canit.

361 5029 694 5102 Discipulos
719 5036 921 5088 autem
952 5032 1251 5090 mundum
1279 5041 1633 5107 peragrasse
1663 5033 1964 5107 docendo,

430 5119 774 5176 Doctrinam
801 5121 986 5191 signis
1015 5137 1085 5178 ac
1117 5121 1438 5196 stipulasse
1471 5124 1664 5184 novis.

357 5205 724 5282 Conceptum
750 5211 934 5267 Ducat
961 5210 1178 5269 reboat
1207 5213 1544 5285 Spiramine
1576 5221 1786 5274 sancto

428 5297 711 5356 Oblatum
739 5298 995 5356 vitulum
1024 5300 1155 5357 dira
1185 5301 1448 5360 subiisse
1474 5305 1668 5361 crucis

357 5389 458 5442 Ast
480 5387 613 5444 illos
643 5387 892 5445 celebris
919 5389 1156 5448 triviose
1181 5393 1444 5451 sacraria
1468 5394 1696 5468 templi,

427 5477 807 5550 Perciperent
835 5478 1046 5550 donec,
1077 5481 1295 5540 aethere
1337 5481 1501 5541 dona
1529 5483 1734 5543 Patris.

2215 3340 2406 3408 Atque
2431 3336 2744 3392 hominem
2773 3336 3020 3400 factum,
3056 3353 3186 3393 esse
3214 3336 3513 3410 simulque
3544 3337 3748 3392 Deum.

2145 3426 2509 3498 Praepetibus
2536 3427 2749 3498 pennis
2781 3425 2999 3499 aquilae
3029 3426 3338 3484 volitando
3374 3441 3701 3500 perennem

2218 3515 2435 3571 Intuitu
2467 3515 2654 3571 solem
2696 3531 2818 3572 non
2850 3513 3175 3572 habetante
3206 3521 3378 3572 tuens

2145 3607 2493 3662 Commissis
2523 3607 2739 3662 ovibus
2765 3607 3054 3679 pascendi
3084 3617 3334 3664 munere
3364 3609 3624 3676 Petrum,

2215 3696 2557 3770 Tranquilla
2580 3711 2836 3754 narrans
2869 3713 2931 3754 se
2961 3711 3206 3772 quoque
3235 3693 3390 3754 sorte
3420 3697 3651 3754 datum.

2145 3784 2407 3842 Christus
2455 3785 2536 3842 ab
2583 3787 2676 3843 his
2727 3789 2915 3858 Jesus,
2978 3787 3390 3860 Dominusque
3434 3787 3587 3843 Deus
3628 3784 3808 3843 refer-

3663 3874 3806 3949 itur.

2216 3963 2432 4020 Omnia
2460 3965 2828 4039 praecedens,
2861 3966 3069 4023 omnia
3112 3971 3327 4040 sponte
3357 3979 3589 4023 creans.

2142 4054 2387 4128 {Etet-no
2414 4057 2690 4124 aeternus,
2721 4055 3010 4112 Genitoris
3040 4060 3280 4129 pectore
3309 4061 3592 4126 manans,

2216 4142 2392 4198 Filius
2421 4144 2834 4216 omnipotens,
2860 4145 3276 4218 Omnipotente
3308 4150 3491 4203 satas.

2145 4232 2418 4304 Virginea
2449 4250 2658 4290 sumus
2683 4235 2992 4291 hominem
3022 4236 3270 4292 matrice
3303 4238 3592 4303 creatum,

2212 4321 2488 4378 Criminis
2518 4327 2843 4396 expertem,
2877 4323 3274 4398 terrigenique
3313 4323 3521 4398 patris.

2139 4410 2513 4469 Admiranda
2541 4412 2793 4482 docens,
2815 4411 3042 4469 faciens
3067 4412 3350 4471 miranda
3377 4415 3672 4485 potenter,

2214 4499 2493 4557 Traditus
2524 4501 2585 4557 in
2613 4501 2787 4568 risus,
2824 4506 2978 4556 ﬁxus
3008 4507 3065 4558 et
3093 4502 3233 4558 inde
3268 4499 3448 4558 cruci.

2057 4607 2102 4668 ι)
2143 4590 2428 4646 Emittens
2457 4590 2726 4647 animam
2764 4589 3011 4663 propria
3037 4589 3261 4644 ditione
3290 4590 3557 4662 beatam,

2210 4679 2530 4736 Tartaridis
2561 4673 2894 4750 [Tartareis]
2927 4676 3164 4733 solvens
3195 4676 3578 4751 eripiensque
3606 4691 3774 4738 suos.

2141 4767 2295 4824 Hinc
2327 4767 2729 4838 incorruptus,
2761 4765 3040 4822 triduana
3063 4770 3255 4822 morte
3283 4782 3627 4838 resurgens,

2209 4856 2465 4912 Libravit
2497 4856 2774 4924 summis,
2810 4855 3017 4913 vivida
3039 4856 3317 4913 membra
3339 4855 3516 4930 polis.

2137 4947 2584 5017 Consessusque
2617 4944 2816 5001 throni
2839 4946 3101 5002 donatus
3137 4946 3220 5002 ire
3241 4946 3496 5020 paterni,

2205 5035 2468 5093 Exsultat
2495 5037 2753 5110 pedibus
2781 5035 3024 5094 subdita
3055 5043 3272 5096 cuncta
3304 5037 3448 5095 suis.

2133 5125 2459 5182 Perstrictis
2487 5126 2766 5198 breviter,
2794 5127 3011 5184 referat
3039 5145 3175 5202 quae
3205 5126 3429 5186 codicis
3459 5127 3644 5200 hujus

2205 5215 2373 5272 Actio
2398 5233 2410 5272 :
2444 5231 2606 5273 nunc
2633 5217 2712 5273 ad
2738 5221 2814 5286 te,
2847 5221 2968 5274 Rex
2992 5218 3174 5286 bone,
3198 5223 3364 5274 verto
3392 5233 3621 5291 preces.

2135 5305 2384 5378 Respice
2413 5307 2612 5363 devoti
2650 5307 2969 5364 miseratus
2996 5310 3204 5365 munia
3233 5308 3406 5376 servi,

2205 5397 2287 5451 Ac
2316 5395 2664 5455 miserando
2696 5396 2836 5469 mei,
2869 5407 3069 5456 annue
3096 5401 3267 5470 grata
3294 5397 3422 5457 tibi.

1715 5671 2445 5717 w-
