3950 6432
361 370 378 421 ι
389 369 493 424 423

1455 359 1511 413 8.
1555 352 1923 411 PRUDENTH
1959 351 2328 412 TRECENSIS
2368 355 2679 414 EPISCOPI

3651 363 3780 419 1424

353 479 731 546 maledixerit
759 477 915 552 patri
944 493 1055 535 suo
1087 481 1191 536 aut
1220 478 1417 547 matri,
1459 481 1651 534 morte
1699 474 2010 532 moriatur.
2042 476 2091 530 Α
2131 493 2323 534 suam.
2355 479 2558 550 (Ibid,
2587 495 2640 537 u.
2669 481 2727 552 4)
2756 479 2991 552 Anima,
3014 497 3152 554 quae
3178 481 3489 556 juraverit,
3514 487 3572 540 et
3589 489 3788 557 protu-

350 573 571 647 (Exod.
595 585 710 642 xx1,
741 569 834 640 20)
860 568 971 634 Qui
998 569 1358 642 percusserit
1396 583 1639 624 servum
1672 581 1872 634 suum,
1926 562 2018 620 vel

351 659 634 720 ancillam
663 657 854 729 virga,
883 660 939 713 et
963 657 1184 714 mortui
1203 657 1424 714 fuerint
1450 656 1513 713 in
1544 654 1828 712 manibus
1858 653 2014 724 ejus,

349 748 618 808 criminis
648 762 790 804 reus
813 746 942 804 erit.
978 746 1193 818 (Exod.
1224 763 1367 813 xxu,
1405 750 1469 802 16
1503 751 1558 803 et
1579 744 1809 815 subseq.
1837 743 2014 799 etiam

350 855 484 910 cap.
509 838 673 910 xxm)
708 836 766 894 Si
795 835 1096 893 seduxerit
1123 835 1260 909 quis
1287 835 1583 907 virginem
1613 832 1876 890 necdum
1906 829 2013 888 de-

349 931 726 1002 sponsatam,
752 925 1180 999 dormieritque
1211 942 1351 983 cum
1380 941 1473 994 ea,
1505 923 1738 982 dotabit
1767 937 1925 992 eam,
1957 923 2015 977 et

334 1016 596 1094 habebit
623 1031 761 1073 eam
789 1030 1061 1072 uxorem.
1088 1015 1147 1073 Si
1171 1019 1342 1089 pater
1363 1013 1610 1086 virginis
1637 1011 1784 1069 dare
1808 1009 2012 1067 nolue-

347 1107 440 1175 rit,
461 1105 674 1163 reddet
700 1104 1025 1179 pecuniam
1055 1104 1231 1178 juxta
1284 1103 1540 1161 modum
1595 1101 1774 1172 dotis,
1823 1115 2012 1172 quam

344 1196 607 1267 virgines
637 1194 907 1268 accipere
934 1197 1393 1252 consueverunt.
1421 1192 1718 1250 Maleﬁcos
1751 1204 1876 1247 non
1905 1205 2010 1261 pa-

344 1284 526 1353 tieris,
556 1283 772 1341 vivere.
807 1283 918 1350 Qui
934 1283 1138 1341 coierit
1164 1299 1305 1340 cum
1328 1283 1628 1355 jumento,
1659 1283 1852 1336 morte
1881 1293 2008 1334 mo-

343 1373 548 1430 riatur.
574 1373 682 1440 Qui
711 1373 986 1430 immolat
1029 1373 1164 1443 diis,
1224 1371 1547 1439 occidetur,
1602 1373 2010 1443 praeterquam

344 1463 601 1521 Domino
627 1463 759 1521 soli.
788 1462 1101 1520 Advenam
1121 1478 1247 1520 non
1276 1459 1676 1528 contristabis,
1708 1472 1906 1530 neque
1927 1455 2010 1512 af-

341 1553 512 1626 ﬂiges
541 1570 702 1611 eum.
735 1552 946 1609 Viduas
977 1557 1034 1609 et
1053 1551 1283 1626 pupillo
1312 1567 1436 1607 non
1463 1547 1771 1606 nocebitis.
1826 1545 1884 1602 Si
1913 1545 2008 1602 lae-

341 1643 532 1700 seritis
561 1659 687 1712 eos,
718 1641 1206 1701 vociferabantur
1225 1640 1305 1698 ad
1339 1655 1457 1707 me,
1491 1643 1546 1696 et
1587 1653 1699 1708 ego
1757 1635 2003 1692 audiam

340 1730 669 1788 clamorem
687 1746 921 1797 eorum,
944 1734 1002 1787 et
1027 1729 1442 1801 indignabitur
1467 1728 1632 1784 furor
1651 1741 1846 1791 meus,
1871 1740 2006 1797 per-

2125 567 2258 624 lerit
2283 568 2459 624 labiis
2492 570 2616 626 suis
2644 573 2710 626 ut
2738 569 2831 626 vel
2860 570 3020 627 male
3045 570 3193 644 quid
3218 570 3456 640 faceret,
3488 573 3581 629 vel
3610 572 3784 639 bene,

2125 661 2182 713 et
2206 657 2474 732 idipsum
2497 659 2864 731 juramento,
2887 663 2945 716 et
2965 675 3244 716 sermone
3272 661 3620 731 ﬁrmaverit,
3644 661 3788 719 obli-

2123 748 2306 819 taque
2335 752 2544 821 postea
2571 748 2922 806 intellexerit
2951 748 3236 806 delictum
3267 766 3468 819 suum,
3492 755 3634 822 agat
3659 767 3785 824 pa:-

2121 835 2434 894 nitentiam
2462 854 2574 912 pro
2603 842 2871 912 peccato.
2906 841 3116 907 (Leuit.
3147 857 3229 910 v1,
3260 841 3318 912 2)
3379 840 3616 910 Anima,
3650 857 3784 915 quaa

2121 927 2477 998 peccaverit,
2504 932 2562 983 et
2585 932 2932 1002 contempto
2962 929 3218 986 Domino
3247 930 3551 1001 negaverit
3601 931 3780 1005 depo-

2121 1014 2300 1072 situm
2329 1017 2588 1090 proximi
2618 1017 2733 1081 sui,
2765 1017 2933 1090 quod
2958 1017 3100 1074 ﬁdei
3129 1019 3260 1090 ejus
3317 1018 3612 1076 creditum
3660 1020 3784 1078 fue-

2119 1109 2229 1173 rat,
2260 1105 2353 1162 vel
2380 1106 2438 1162 vi
2469 1105 2699 1180 aliquid
2723 1107 3052 1181 extorserit,
3081 1113 3186 1165 aut
3210 1107 3580 1166 calumniam
3632 1108 3782 1168 fece-

2116 1194 2211 1264 rit,
2246 1195 2366 1252 sive
2393 1213 2523 1253 rem
2542 1196 2841 1270 perditam
2871 1197 3180 1265 invenerit,
3214 1202 3272 1255 et
3295 1197 3570 1255 inﬁcians
3623 1200 3781 1256 insu-

2118 1299 2226 1357 per
2245 1285 2648 1358 perjeraverit,
2679 1290 2735 1343 et
2763 1286 3078 1360 quodlibet
3101 1286 3268 1344 aliud
3287 1303 3362 1343 ex
3389 1287 3662 1361 pluribus
3696 1289 3780 1346 fe-

2118 1374 2280 1442 cerit,
2304 1374 2366 1431 in
2395 1374 2619 1448 quibus
2639 1391 2892 1448 peccare
2920 1375 3115 1433 solent
3163 1376 3462 1447 homines,
3509 1377 3782 1436 convicta

2117 1461 2316 1520 delicti
2344 1463 2555 1520 reddet
2579 1465 2806 1532 omnia,
2831 1481 2970 1537 quae
3002 1481 3110 1538 per
3139 1464 3416 1522 fraudem
3446 1467 3633 1523 voluit
3677 1468 3781 1524 ob-

2116 1551 2322 1622 tinere,
2352 1551 2604 1624 integra.
2627 1553 2831 1624 (Leuit.
2850 1569 2958 1623 vn,
2983 1557 3051 1609 26
3065 1559 3118 1610 et
3137 1555 3396 1626 subseq.)
3416 1556 3780 1626 Sanguinem

2116 1657 2362 1715 quoque
2392 1642 2590 1698 omnis
2622 1641 2900 1700 animalis
2926 1658 3052 1699 non
3091 1643 3340 1700 sumetis
3367 1644 3430 1700 in
3461 1644 3615 1712 cibo,
3656 1650 3778 1702 tam

2115 1729 2192 1786 de
2220 1729 2453 1802 avibus,
2485 1747 2672 1804 quam
2692 1731 2767 1787 de
2797 1731 3136 1805 pecoribus.
3161 1732 3368 1789 Omnis
3397 1733 3621 1804 anima,
3642 1751 3777 1807 quae

339 1820 804 1893 cutiamquevos
816 1819 1039 1891 gladio,
1057 1823 1116 1876 et
1129 1822 1304 1875 erunt
1318 1833 1529 1874 uxores
1548 1819 1760 1872 vestrae
1782 1813 2003 1884 viduae,
2037 1837 2076 1891 Β
2116 1819 2305 1876 ederit
2325 1820 2709 1892 sanguinem,
2740 1820 2962 1893 peribit
2991 1821 3066 1877 de
3095 1820 3336 1894 populis
3363 1822 3510 1878 suis,

340 1914 398 1967 et
423 1908 532 1966 ﬁlii
557 1909 737 1966 vestri
760 1908 992 1983 pupilli.
1027 1908 1084 1964 Si
1108 1907 1431 1982 pecuniam
1452 1909 1729 1962 mutuam
1766 1901 2004 1960 dederis

336 1998 567 2074 populo
595 2015 733 2056 meo
759 1998 1034 2073 pauperi,
1057 1998 1164 2073 qui
1190 1997 1423 2055 habitat
1460 2000 1681 2065 tecum,
1738 2009 1862 2050 non
1911 2008 2007 2048 ur-

338 2089 510 2161 gebis
535 2106 674 2147 eum
701 2089 879 2164 quasi
907 2093 1168 2158 exactor,
1189 2104 1302 2145 nec
1330 2087 1530 2144 usuris
1579 2084 1909 2159 opprimes.
1945 2081 2004 2140 Si

336 2179 558 2253 pignus
587 2196 624 2236 a
648 2180 928 2254 proximo
947 2184 1050 2238 tuo
1070 2179 1394 2252 acceperis,
1419 2176 1844 2234 vestimentum
1865 2175 2004 2229 ante

336 2269 480 2326 solis
511 2285 798 2327 occasum
818 2269 1003 2326 redde
1034 2269 1126 2338 ei;
1182 2268 1384 2342 ipsum
1440 2265 1604 2322 enim
1653 2267 1742 2320 est
1780 2261 2001 2333 solum,

335 2375 460 2433 quo
489 2359 754 2433 operitur
780 2358 1205 2416 indumentum
1235 2357 1434 2414 carnis
1473 2356 1623 2427 ejus,
1656 2369 1767 2410 nec
1817 2352 2004 2409 habet

335 2448 522 2520 aliud,
554 2449 618 2505 in
647 2465 771 2524 quo
791 2448 1072 2506 dormiat.
1107 2448 1164 2505 Si
1195 2445 1539 2504 clamaverit
1563 2443 1644 2500 ad
1663 2458 1784 2515 me,
1824 2457 2003 2498 exau-

333 2538 500 2595 diam
528 2553 689 2608 eum,
721 2539 866 2612 quia
893 2537 1232 2595 misericors
1261 2552 1417 2592 sum.
1452 2533 1570 2591 Diis
1621 2548 1745 2589 non
1801 2530 2001 2588 detra-

331 2628 462 2701 hes,
479 2633 538 2686 et
558 2627 816 2703 principi
845 2627 1056 2703 populi
1085 2626 1171 2684 tui
1195 2641 1320 2684 non
1345 2623 1687 2682 maledices.
1729 2621 2000 2679 Decimas

333 2723 468 2777 tuas
479 2722 536 2776 et
553 2719 848 2793 primitias
863 2723 997 2776 tuas
1013 2733 1136 2775 non
1155 2715 1420 2774 tardabis
1435 2714 1666 2773 offerre.
1695 2712 1813 2769 Viri
1825 2727 1999 2770 sanc-

338 2809 380 2866 ti
420 2808 580 2866 eritis
609 2809 778 2866 mihi.
823 2810 1102 2878 Carnem,
1134 2824 1267 2881 quae
1299 2823 1336 2863 a
1364 2805 1573 2862 bestiis
1631 2803 1807 2860 fuerit
1851 2817 2002 2876 prae—

335 2902 595 2970 gustata,
627 2913 753 2956 non
804 2897 1155 2966 comedetis,
1201 2895 1307 2953 sed
1350 2894 1672 2969 projicietis
1723 2892 1993 2950 canibus.

333 2989 464 3043 Non
493 2985 781 3058 suscipies
813 3002 1021 3043 vocem
1046 2983 1386 3050 mendacii;
1435 2997 1546 3039 nec
1598 2982 1819 3054 junges
1873 2995 1999 3036 ma-

330 3089 479 3130 num
511 3077 700 3145 tuam,
727 3078 793 3130 ut
839 3089 950 3146 pro
1010 3073 1197 3145 impio
1242 3071 1412 3127 dicas
1463 3069 1683 3127 falsum
1737 3067 2000 3124 testimo-

328 3162 518 3219 nium.
545 3165 674 3220 Non
704 3161 972 3236 sequeris
991 3160 1238 3218 turbam
1259 3160 1339 3217 ad
1351 3158 1698 3215 faciendum
1721 3157 1954 3234 malum
1978 3175 1992 3225 ;
2025 3198 2066 3251 C

327 3266 438 3309 nec
458 3251 520 3308 in
549 3251 779 3323 judicio
807 3249 1211 3324 plurimorum
1266 3248 1611 3321 acquiesces
1663 3245 1990 3313 sententiae,

327 3345 448 3399 uta
479 3357 616 3399 vero
647 3340 869 3398 devies.
902 3340 1193 3413 Pauperis
1225 3355 1468 3412 quoque
1495 3352 1620 3394 non
1677 3336 1996 3392 miserebe-

325 3430 409 3486 ris
429 3429 494 3486 in
518 3429 766 3502 judicio.
804 3431 862 3487 Si
881 3428 1211 3486 occurreris
1267 3427 1410 3483 bovi
1439 3425 1667 3482 inimici
1727 3425 1831 3494 tui,
1890 3427 1995 3480 aut

326 3519 498 3575 asino
527 3517 767 3586 erranti,
799 3517 984 3574 reduc
1032 3516 1111 3573 ad
1165 3532 1324 3572 eum.
1380 3515 1436 3571 Si
1478 3514 1697 3570 videris
1752 3513 1991 3570 asinum

324 3605 582 3664 odientis
606 3610 663 3662 te
687 3607 888 3678 jacere
921 3605 1036 3662 sub
1067 3621 1268 3673 onere,
1291 3620 1415 3661 non
1443 3603 1858 3678 pertransibis,
1884 3603 1988 3660 sed

325 3694 670 3752 sublevabis
700 3711 840 3752 cum
869 3711 960 3752 eo.
1015 3699 1144 3752 Non
1200 3693 1530 3751 declinabis
1579 3693 1642 3749 in
1683 3693 1986 3765 judicium

321 3785 625 3859 pauperis.
656 3785 1032 3842 Mendacium
1061 3784 1276 3855 fugies.
1310 3784 1615 3840 Insontem
1647 3787 1703 3839 et
1752 3784 1985 3854 justum

320 3891 446 3933 non
477 3875 739 3933 occides.
776 3879 892 3931 Nec
922 3874 1182 3947 accipies
1212 3889 1488 3944 munera,
1517 3889 1654 3946 quin
1683 3875 1987 3928 exctscant

320 3966 503 4023 etiam
532 3965 881 4039 prudentes,
907 3969 965 4022 et
1011 3964 1368 4021 subvertunt
1421 3962 1605 4020 verba
1654 3963 1980 4035 justorum.

319 4056 638 4127 Peregrino
667 4056 958 4114 molestus
978 4071 1102 4112 non
1133 4055 1268 4111 eris.
1328 4055 1549 4123 (Exod.
1608 4070 1772 4124 xxm,
1821 4070 1879 4109 v.
1919 4053 1982 4108 12

317 4153 374 4204 et
403 4147 651 4220 subseq.)
712 4147 824 4203 Sex
872 4145 1086 4202 diebus
1146 4144 1493 4217 operaberis
1529 4162 1541 4213 ;
1600 4143 1856 4216 septima
1885 4141 1982 4198 die

317 4235 604 4304 cessabis,
661 4241 728 4292 ut
779 4235 1117 4308 requiescat
1138 4235 1272 4303 bos,
1314 4237 1371 4290 et
1426 4233 1636 4290 asinus
1687 4235 1867 4301 tuus;
1924 4235 1982 4289 et

312 4323 691 4393 refrigeretur
710 4323 869 4380 ﬁlius
896 4322 1124 4379 ancillae
1157 4327 1294 4391 tuae,
1329 4326 1385 4378 et
1425 4321 1682 4378 advena.
1741 4319 1975 4388 Omnia,

313 4429 448 4486 quae
506 4411 629 4468 dixi
691 4412 886 4477 vobis,
946 4411 1285 4481 custodite;
1343 4415 1399 4468 et
1447 4427 1556 4484 per
1597 4425 1823 4467 nomen
1881 4425 1979 4466 ex-

2187 1909 2398 1982 (Leuit.
2423 1927 2475 1978 x,
2508 1914 2540 1967 8
2567 1916 2623 1966 et
2651 1909 2907 1982 subseq.)
2930 1909 3084 1966 Dixit
3114 1911 3402 1967 Dominus
3428 1912 3507 1969 ad
3530 1915 3726 1970 Aaron
3760 1930 3774 1970 :

2117 1998 2332 2054 Vinum
2358 2002 2414 2056 et
2439 2014 2619 2056 omne
2648 1998 2815 2072 quod
2845 1998 3140 2056 inebriare
3170 2005 3384 2073 potest,
3408 2017 3534 2058 non
3559 2001 3775 2060 bibetis

2112 2090 2178 2143 tu
2198 2091 2256 2143 et
2283 2086 2390 2143 ﬁlii
2420 2087 2524 2156 tui,
2559 2087 2810 2161 quando
2841 2086 3073 2144 intratis
3100 2088 3162 2143 in
3185 2089 3640 2146 tabernaculum
3669 2095 3779 2147 tes-

2113 2175 2368 2248 timonii,
2400 2192 2476 2233 ne
2508 2176 2852 2234 moriamini
2882 2193 2894 2232 :
2927 2177 3072 2250 quia
3098 2182 3468 2251 praeceptum
3499 2185 3591 2236 est
3619 2196 3775 2236 sem-

2111 2265 2415 2340 piternum
2442 2266 2502 2322 in
2537 2265 2954 2339 generationes
2989 2270 3240 2336 vestras,
3294 2273 3352 2325 et
3406 2274 3471 2324 ut
3499 2269 3774 2326 habeatis

2112 2355 2425 2413 scientiam
2455 2355 2832 2412 discernendi
2867 2356 3019 2413 inter
3046 2361 3325 2414 sanctum
3353 2362 3411 2415 et
3431 2358 3772 2431 profanum,

2109 2445 2262 2502 inter
2289 2445 2590 2519 pollutum
2618 2450 2676 2502 et
2694 2445 3014 2503 mundum.
3041 2446 3242 2519 (Ibid.,
3272 2463 3352 2515 xI,
3374 2449 3468 2518 44)
3529 2448 3652 2504 Filii
3700 2453 3778 2504 ls-

2110 2539 2254 2604 rael,
2288 2535 2480 2592 sancti
2508 2538 2715 2605 estote,
2747 2533 3040 2608 quoniam
3071 2550 3184 2606 ego
3215 2539 3460 2593 sanctus
3493 2553 3649 2593 sum.
3692 2540 3774 2594 Ne

2108 2625 2394 2700 polluatis
2417 2626 2654 2684 animas
2679 2630 2910 2684 vestras
2937 2626 2998 2683 in
3019 2626 3186 2684 omni
3213 2627 3428 2701 reptili,
3458 2627 3625 2701 quod
3649 2644 3775 2685 mo-

2109 2719 2282 2772 vetur
2309 2715 2372 2772 in
2403 2720 2580 2774 terra.

2183 2806 2392 2877 (Leuit.
2443 2823 2534 2876 xv,
2596 2805 2684 2877 16)
2740 2805 2895 2861 Dixit
2949 2805 3238 2862 Dominus
3295 2805 3375 2862 ad
3429 2809 3674 2880 Moysen
3715 2813 3776 2865 et

2108 2897 2308 2950 Aaron
2377 2913 2390 2950 :
2463 2895 2566 2950 Vir
2612 2894 2687 2950 de
2754 2910 2878 2967 quo
2939 2894 3238 2964 egreditur
3293 2910 3500 2952 semen
3555 2896 3772 2968 coitus,

2107 2982 2332 3040 lavabit
2381 2999 2544 3057 aqua
2591 2999 2773 3040 omne
2822 2998 3040 3056 corpus
3089 2999 3268 3039 suum
3317 2991 3376 3040 et
3416 2984 3773 3043 immundus

2106 3073 2216 3128 erit
2272 3088 2468 3145 usque
2527 3072 2607 3130 ad
2659 3087 3005 3145 vesperum.
3059 3071 3260 3144 (Ibid.,
3292 3089 3346 3129 v.
3408 3073 3495 3146 18)
3545 3074 3771 3148 Mulier,

2106 3178 2245 3218 cum
2299 3177 2424 3234 qua
2471 3161 2692 3230 coierit,
2751 3161 3051 3219 lavabitur
3109 3177 3288 3235 aqua,
3349 3166 3407 3219 et
3449 3162 3774 3221 immunda

2105 3251 2214 3308 erit
2269 3267 2460 3324 usque
2513 3251 2593 3308 ad
2643 3267 2982 3324 vesperum.
3013 3251 3213 3322 (Ibid.,
3245 3266 3300 3307 υ.
3332 3251 3425 3324 24)
3483 3251 3540 3309 Si
3567 3253 3774 3310 coierit

2103 3339 2194 3396 vir
2232 3357 2372 3397 cum
2417 3340 2668 3397 muliere
2691 3345 2964 3413 tempore
3020 3339 3336 3411 sanguinis
3363 3340 3767 3410 menstrualis,

2102 3431 2459 3488 immundus
2515 3431 2646 3488 erit.
2703 3431 2913 3499 (Leuit.
2947 3447 3084 3498 xvu,
3149 3432 3231 3503 10)
3284 3433 3474 3488 Homo
3517 3431 3772 3504 quilibet

2101 3519 2177 3576 de
2229 3519 2414 3577 domo
2474 3520 2674 3591 Israel,
2732 3524 2790 3576 et
2841 3519 2915 3576 de
2993 3519 3260 3586 advenis,
3320 3520 3427 3592 qui
3506 3521 3768 3593 peregri-

2099 3612 2322 3667 nantur
2373 3611 2524 3667 inter
2580 3625 2703 3678 eos,
2737 3609 2786 3665 si
2840 3609 3168 3666 comederit
3215 3610 3592 3681 sanguinem,
3653 3610 3764 3668 ob-

2097 3698 2358 3756 ﬁrmabo
2406 3699 2622 3756 faciem
2677 3714 2881 3755 meam
2936 3702 3146 3756 contra
3174 3698 3443 3756 animam
3494 3699 3673 3770 illius,
3705 3705 3766 3757 et

2096 3787 2445 3860 disperdam
2484 3803 2620 3844 eam
2667 3787 2742 3844 de
2792 3787 3022 3861 populo
3070 3803 3203 3844 suo.
3282 3788 3489 3860 (Leuit.
3527 3805 3622 3857 xx,
3667 3789 3764 3861 22)

2094 3876 2400 3934 Custodite
2427 3876 2591 3948 leges
2623 3892 2816 3947 meas,
2849 3882 3029 3949 atque
3054 3877 3302 3949 judicia,
3353 3894 3491 3951 quae
3535 3877 3762 3934 faciens

2095 3965 2279 4022 homo
2310 3965 2466 4021 vivet
2485 3954 2549 4021 in
2568 3966 2672 4022 eis.
2704 3968 2822 4036 Ego
2847 3966 3155 4022 Dominus.
3188 3979 3211 4008 α
3243 3967 3450 4024 Omnis
3477 3967 3761 4024 homoad

2091 4054 2438 4128 proximam
2466 4053 2778 4124 sanguinis
2809 4055 2900 4111 sui
2923 4071 3047 4110 non
3099 4056 3366 4124 accedat,
3417 4061 3484 4112 ut
3538 4055 3761 4113 revelet

2092 4141 2528 4215 turpitudinem
2559 4142 2708 4214 ejus.
2767 4145 2889 4213 Ego
2948 4142 3258 4200 Dominus.
3305 4143 3758 4216 Turpitudinem

2089 4231 2300 4289 matris
2365 4235 2478 4288 tuae
2529 4247 2654 4288 non
2713 4232 3119 4306 discooperies
3169 4251 3182 4290 :
3239 4237 3434 4290 mater
3485 4238 3586 4290 tua
3641 4238 3756 4290 est.

2090 4323 2219 4377 Non
2267 4319 2564 4377 revelabis
2608 4321 3041 4394 turpitudinem
3096 4323 3247 4393 ejus.
3303 4321 3758 4396 Turpitudinem

2086 4409 2291 4465 uxoris
2317 4409 2509 4482 patris
2539 4409 2623 4466 tui
2648 4425 2770 4466 non
2803 4409 3230 4483 discooperies,
3257 4410 3566 4484 turpitudo
3590 4411 3756 4467 enim

312 4506 618 4560 ternorum
674 4501 926 4558 deorum
955 4517 1080 4559 non
1121 4501 1420 4577 jurabitis,
1451 4515 1649 4574 neque
1696 4499 1975 4556 audietur
2001 4553 2044 4577 η
2085 4499 2274 4572 patris
2301 4499 2386 4555 tui
2416 4503 2524 4556 est.
2557 4499 3008 4573 Turpitudinem
3030 4499 3250 4556 sororis
3282 4503 3397 4556 tute
3441 4517 3515 4558 ex
3557 4503 3754 4573 patre,

310 4606 383 4647 ex
439 4607 541 4648 ore
595 4593 812 4648 vestro.
874 4591 1074 4662 (Ibid.,
1111 4605 1164 4646 υ.
1202 4590 1284 4660 15)
1347 4592 1474 4645 Non
1527 4587 1850 4661 apparebis
1907 4587 1971 4644 in
2000 4587 2044 4607 υ
2087 4587 2213 4646 sive
2242 4605 2316 4645 ex
2341 4592 2530 4645 matre
2557 4605 2682 4645 non
2737 4589 3048 4645 revelabis.
3109 4587 3560 4660 Turpitudinem
3611 4589 3755 4646 ﬁlias

308 4685 638 4755 conspectu
692 4696 830 4738 meo
886 4696 1139 4738 vacuus.
1202 4679 1403 4750 (Ibid.,
1435 4694 1489 4735 υ.
1528 4677 1615 4749 19)
1672 4676 1971 4735 Primitias

304 4769 552 4842 frugum
609 4775 778 4827 terrea
827 4773 944 4826 tute
1012 4769 1245 4825 deferes
1283 4767 1347 4824 in
1421 4766 1676 4823 domum
1734 4765 1970 4823 Domini

304 4859 407 4914 Dei
464 4859 566 4915 tui.
615 4859 811 4930 (Ibid.,
840 4874 896 4914 υ.
946 4857 1033 4929 25)
1085 4855 1481 4928 Servietisque
1536 4854 1790 4911 Domino
1849 4857 1970 4913 Deo

299 4951 520 5017 vestro,
579 4951 645 5005 ut
682 4947 1042 5005 benedicam
1097 4945 1362 5019 panibus
1419 4944 1556 5014 tuis,
1589 4948 1646 5001 et
1689 4944 1884 5018 aquis,
1913 4949 1970 5003 et

300 5037 573 5094 auferam
601 5037 1012 5094 inﬁrmitatem
1043 5036 1118 5092 de
1139 5035 1339 5092 medio
1372 5035 1455 5092 tui
1484 5053 1497 5104 ;
1559 5034 1761 5107 (Ibid.,
1786 5051 1840 5092 υ.
1872 5037 1966 5108 27)

300 5129 778 5200 cunctorumque
803 5125 1188 5184 inimicorum
1217 5129 1459 5183 tuorum
1479 5139 1688 5182 coram
1717 5127 1774 5181 te
1795 5127 1966 5196 terga

296 5221 548 5274 vertam.

366 5311 424 5362 IN
455 5309 736 5363 stmco.
768 5305 922 5362 Dixit
951 5306 1241 5362 Dominus
1268 5304 1347 5362 ad
1377 5306 1638 5377 Moysen.
1671 5304 1900 5377 (Leuit,
1921 5319 1962 5360 v

297 5401 318 5454 1
357 5403 412 5453 et
441 5396 698 5468 subseq.)
719 5393 1361 5468 Sipeccaveritanima,
1387 5395 1445 5449 et
1467 5393 1721 5450 audierit
1748 5407 1959 5450 vocem

287 5485 565 5557 jurantis,
596 5486 881 5558 testisque
909 5483 1087 5542 fuerit
1113 5483 1281 5557 quod
1331 5485 1432 5539 aut
1459 5482 1587 5555 ipse
1636 5480 1805 5554 vidit,
1853 5485 1961 5540 aut

291 5575 570 5630 conscius
601 5577 692 5629 est
715 5589 738 5614 ει
769 5574 882 5628 nisi
902 5572 1272 5640 indicaverit,
1295 5570 1557 5644 portabit
1579 5570 1954 5643 iniquitatem

360 5700 595 5826 {Last
630 5716 786 5770 xvm,
815 5705 869 5770 6,
901 5703 958 5757 et
1005 5699 1249 5770 subseq.
1298 5715 1436 5754 cum
1489 5698 1693 5771 aliqua
1749 5701 1953 5754 tamen

360 5785 454 5826 me
543 5786 596 5826 c.

291 5783 575 5826 varietate
583 5811 596 5826 .

2081 4677 2186 4734 ﬁlii
2218 4679 2326 4748 tui,
2358 4678 2453 4735 vel
2476 4679 2671 4752 neptis
2697 4693 2769 4734 ex
2797 4678 2923 4734 ﬁlia
2946 4693 3070 4734 non
3089 4676 3403 4747 revelabis,
3435 4679 3582 4750 quia
3626 4683 3754 4737 tur-

2082 4769 2291 4842 pitudo
2317 4772 2420 4826 tua
2445 4773 2550 4825 est.
2594 4766 3044 4840 Turpitudinem
3101 4765 3238 4821 ﬁliae
3294 4765 3499 4822 uxoris
3557 4770 3752 4840 patris

2079 4858 2184 4927 tui,
2207 4874 2397 4931 quam
2425 4855 2656 4930 peperit
2683 4855 2839 4927 patri
2867 4859 2992 4922 tuo,
3017 4859 3075 4911 et
3105 4857 3195 4911 est
3223 4869 3392 4911 soror
3439 4860 3563 4924 tua,
3620 4873 3750 4916 non

2077 4945 2391 5003 revelabis.
2469 4943 2921 5017 Turpitudinem
2971 4945 3193 5002 sororis
3246 4945 3438 5018 patris
3485 4945 3576 5002 sui
3617 4963 3747 5004 non

2075 5033 2498 5107 discooperies,
2527 5033 2672 5106 quia
2695 5049 2836 5092 caro
2867 5038 2957 5090 est
2998 5034 3186 5108 patris
3240 5034 3346 5091 tui.
3406 5034 3747 5108 Turpitudi-

2071 5140 2215 5182 nem
2241 5123 2462 5181 sororis
2490 5123 2698 5180 matris
2722 5127 2837 5180 tuae
2869 5140 2994 5181 non
3058 5124 3376 5195 revelabis,
3435 5141 3528 5194 eo,
3568 5127 3743 5199 quod

2071 5229 2214 5272 caro
2235 5213 2310 5272 sit
2332 5213 2541 5271 matris
2571 5216 2708 5270 tuae.
2742 5213 3193 5286 Turpitudinem
3231 5213 3432 5288 patrui
3477 5214 3560 5270 tui
3611 5231 3742 5273 non

2068 5303 2382 5375 revelabis,
2412 5318 2522 5359 nec
2551 5302 2802 5361 accedes
2828 5303 2908 5361 ad
2932 5319 3184 5361 uxorem
3239 5307 3389 5375 ejus,
3443 5319 3578 5377 quia
3627 5304 3741 5361 tibi

2069 5392 2358 5450 afﬁnitate
2407 5392 2810 5464 conjungitur.
2864 5393 3320 5466 Turpitudinem
3366 5408 3557 5449 nurus
3615 5396 3735 5448 tuae

2065 5497 2192 5540 non
2220 5481 2532 5551 revelabis,
2573 5482 2717 5554 quia
2756 5498 2907 5538 uxor
2959 5482 3066 5538 ﬁlii
3115 5483 3200 5539 tui
3251 5485 3344 5538 est
3368 5482 3440 5550 b;
3494 5485 3549 5538 et
3588 5498 3736 5538 uxo-

2065 5586 2195 5627 rem
2246 5569 2444 5627 fratris
2499 5570 2591 5625 sui
2633 5568 2836 5626 nullus
2867 5570 3144 5642 accipiat.
3193 5569 3647 5643 Turpitudinem
3679 5582 3704 5612 ο

2133 5697 2160 5734 δ
2190 5694 2443 5765 Vulgata
2469 5710 2623 5750 vers.
2655 5699 2738 5750 16.
2780 5697 3235 5764 Turpitudinem
3261 5695 3466 5750 uxoris
3503 5695 3726 5764 fratris

2064 5768 2156 5823 tui
2181 5782 2301 5822 non
2326 5766 2640 5835 reuelabis,
2657 5767 2801 5836 quia
2823 5768 3135 5836 turpitudo
3154 5768 3372 5836 fratris
3399 5767 3488 5821 tui
3512 5771 3618 5821 est.

2133 5849 2160 5880 ο
2189 5836 2438 5906 Vulgata
2470 5838 2924 5907 Turpitudinem
2947 5839 3154 5896 uxoris
3177 5843 3294 5894 tua:
3315 5837 3504 5909 [deest
3531 5836 3721 5908 ﬁliae]
