3950 6372
126 274 274 329 1425

1187 277 1656 335 FLORILEGIUM
1694 273 1792 328 EX
1833 270 2062 328 SACRA
2102 273 2496 332 SCRIPTURA

3421 281 3559 335 1426

120 398 272 455 ﬁliae
300 400 503 456 uxoris
528 404 664 467 tuae,
698 404 756 458 et
784 401 921 458 ﬁlia;
948 402 1078 473 ejus
1096 417 1219 459 non
1250 402 1565 459 revelabis.
1590 399 1799 456 Filiam
1836 400 1880 454 Α
1909 412 2088 469 aequa
2117 397 2235 455 sint
2263 401 2555 472 pondera,
2575 401 2777 473 justus
2802 400 3067 469 modius,
3086 416 3420 476 aequusque
3444 418 3573 460 sex-

118 487 237 544 ﬁlii
264 488 445 545 illiustI
473 505 597 545 non
630 506 853 559 sumes,
882 496 948 548 ut
966 492 1191 549 reveles
1213 493 1611 563 ignominiam
1636 491 1794 561 ejus:

120 577 281 649 quia
300 593 440 635 caro
470 577 627 635 illius
657 584 766 643 est,
796 584 851 636 et
892 580 1027 636 talis
1056 581 1247 638 coitus
1275 581 1538 638 incestus
1567 585 1672 638 est.
1701 582 1801 637 So-

118 681 331 723 rorem
359 668 561 724 uxoris
590 672 707 725 tuee
738 683 861 725 non
892 670 1173 743 accipies,
1204 686 1316 727 nec
1340 670 1646 727 revalabis
1678 672 1799 726 tur-

119 756 469 829 pitudinem
498 759 630 830 ejus
644 765 690 815 b.
725 760 816 816 Ad
844 760 1180 829 mulierem,
1221 778 1358 835 quae
1388 761 1611 835 patitur
1637 774 1803 816 men-

123 849 323 917 strua,
352 864 475 905 non
497 849 775 918 accedas,
807 865 918 907 nec
946 850 1243 908 revelabis
1274 851 1603 908 foeditatem
1649 850 1799 921 ejus.

122 937 285 993 Cum
311 954 498 995 uxore
519 939 781 1012 proximi
832 940 916 996 tui
966 956 1093 996 non
1135 940 1346 1011 coibis,
1390 957 1501 997 nec
1558 938 1804 995 seminis

121 1027 557 1086 commistione
581 1029 1007 1086 maculaberis.
1041 1032 1189 1087 Cum
1215 1030 1487 1087 masculo
1507 1045 1631 1086 non
1643 1044 1806 1085 com-

121 1116 484 1174 misceberis
536 1119 697 1175 coitu
752 1118 1035 1189 femineo,
1090 1120 1237 1193 quia
1292 1120 1663 1177 abominatio
1693 1122 1802 1175 est.

124 1208 288 1263 Cum
312 1208 478 1264 omni
503 1224 721 1281 pecore
744 1224 867 1265 non
885 1209 1099 1279 coibis,
1118 1225 1228 1268 nec
1249 1209 1650 1267 maculaberis
1666 1224 1805 1265 cum

114 1296 439 1353 eo.Mulier
458 1313 578 1354 non
615 1298 973 1355 succumbet
992 1299 1289 1369 jumento,
1321 1315 1431 1355 nec
1460 1298 1808 1356 miscebitur

118 1384 201 1450 ei,
230 1385 383 1457 quia
411 1386 605 1442 scelus
642 1391 749 1443 est.
768 1391 883 1443 Nec
914 1387 1276 1460 polluamini
1300 1388 1360 1444 in
1383 1387 1671 1444 omnibus
1690 1388 1805 1449 his,

117 1472 361 1545 quibus
394 1475 821 1532 contaminata:
844 1480 984 1532 sunt
1016 1477 1310 1532 universae
1354 1482 1581 1547 gentes.
1607 1480 1809 1533 Custo-

117 1562 247 1617 dite
284 1561 561 1632 legitima
598 1580 737 1621 mea
765 1568 823 1621 et
873 1565 1126 1637 judicia,
1188 1570 1245 1621 et
1301 1582 1425 1622 non
1470 1566 1699 1623 faciatis
1731 1582 1806 1622 ex

119 1652 419 1707 omnibus
445 1652 1002 1710 abominationibus
1033 1655 1161 1711 istis
1188 1656 1399 1725 (Leuit.
1428 1672 1595 1723 xviii,
1616 1672 1673 1712 u.
1693 1656 1805 1727 29).

124 1742 346 1840 omnis
370 1742 577 1799 anima
605 1760 743 1840 quae
762 1743 999 1840 fecerit
1021 1745 1097 1801 de
1130 1745 1687 1840 abominationibus
1716 1746 1808 1802 his
1846 1787 1891 1840 Β

121 1830 473 1903 quidpiam,
498 1832 715 1905 peribit
742 1833 818 1889 de
840 1833 1043 1889 medio
1071 1835 1285 1907 populi
1318 1836 1408 1890 sui
1452 1835 1663 1902 (Leuit.
1691 1840 1805 1903 xix,

122 1935 177 1975 u.
212 1923 295 1988 3).
322 1922 743 1994 Unusquisque
762 1927 999 1995 patrem
1055 1939 1308 1993 suum,e
1336 1928 1595 1980 matrem
1631 1939 1809 1979 suam

121 2009 339 2065 timeat
368 2010 544 2078 (Ibid.
580 2027 633 2066 u.
678 2015 756 2081 ο).
789 2012 939 2068 Cum
976 2012 1306 2069 messueris
1357 2016 1590 2082 segetes
1640 2016 1809 2068 terrae

122 2102 271 2165 tuae,
298 2115 424 2157 non
449 2100 729 2157 tondebis
750 2117 948 2175 usque
979 2102 1058 2159 ad
1092 2102 1313 2172 solum,
1348 2118 1459 2159 nec
1496 2117 1812 2159 remanen-

123 2192 213 2244 tes
249 2188 451 2261 spicas
476 2189 721 2261 colliges
746 2208 759 2243 :
793 2206 990 2264 neque
1017 2191 1078 2247 in
1100 2192 1279 2248 vinea
1308 2198 1414 2249 tua
1442 2207 1721 2248 racemos
1753 2190 1811 2247 et

124 2293 328 2347 grana
350 2278 687 2337 decidentia
715 2281 1141 2353 congregabis,
1202 2282 1309 2338 sed
1350 2282 1725 2355 pauperibus
1754 2285 1812 2337 et

122 2369 462 2441 peregrinis
487 2371 795 2443 carpenda
819 2371 1104 2439 dimittes,
1161 2375 1293 2428 Non
1319 2372 1555 2428 facietis
1584 2372 1809 2427 furtum

124 2462 257 2515 Non
297 2460 694 2530 mentiemini,
728 2476 839 2517 nec
860 2461 1121 2534 decipiat
1150 2462 1583 2535 unusquisque
1602 2461 1807 2534 proxi-

123 2563 300 2604 mum
342 2564 544 2605 suum.
578 2552 705 2606 Non
735 2550 1074 2623 perjurabis
1108 2551 1171 2607 in
1210 2551 1458 2607 nomine
1488 2566 1646 2619 meo,
1696 2565 1807 2607 nec

125 2635 365 2710 pollues
386 2652 613 2695 nomen
650 2638 753 2696 Dei
784 2624 889 2695 tui.
932 2642 1056 2711 Ego
1089 2640 1399 2696 Dominus.
1448 2644 1575 2696 Non
1623 2639 1807 2696 facies

126 2724 503 2782 calumniam
530 2727 808 2799 proximo
826 2732 952 2800 tuo,
970 2744 1081 2785 nec
1100 2728 1160 2784 vi
1180 2728 1488 2802 opprimes
1508 2731 1806 2785 eum.Non

124 2813 470 2871 morabitur
489 2831 646 2889 opus
676 2818 1036 2874 mercenarii
1065 2818 1152 2874 tui
1184 2817 1351 2890 apud
1380 2821 1437 2875 te
1458 2834 1653 2891 usque
1680 2833 1807 2875 ma-

125 2917 222 2957 ne.
257 2906 389 2959 Non
415 2903 741 2961 maledices
773 2906 993 2963 surdo:
1037 2923 1148 2963 nec
1174 2923 1382 2963 coram
1412 2923 1572 2964 caeco
1610 2922 1804 2980 pones

125 2990 568 3049 oﬂ‘endiculum
593 3011 606 3061 ;
642 2993 749 3049 sed
779 2994 1018 3051 timebis
1040 2996 1363 3052 Dominum
1386 2997 1575 3053 Deum
1608 3001 1802 3060 tuum,

125 3080 272 3153 quia
304 3096 422 3152 ego
452 3097 591 3137 sum
620 3082 930 3139 Dominus.
964 3086 1091 3140 Non
1122 3084 1302 3142 facies
1332 3085 1500 3158 quod
1527 3085 1805 3159 iniquum

128 3174 239 3241 est,
274 3186 393 3227 nec
443 3170 665 3242 injuste
691 3171 1017 3243 judicabis.
1050 3176 1177 3229 Non
1213 3174 1560 3231 consideres
1591 3190 1803 3248 perso-

127 3276 274 3317 nam
297 3260 609 3333 pauperis,
643 3276 754 3318 nec
792 3261 1053 3318 honores
1077 3262 1313 3319 vultum
1344 3264 1622 3336 potentis.
1642 3267 1806 3322 Juste

122 3349 335 3419 judica
373 3349 657 3422 proximo
690 3354 813 3406 tuo.
844 3354 973 3407 Non
1002 3351 1118 3406 eris
1160 3351 1530 3420 criminator,
1573 3368 1685 3408 nec
1713 3370 1809 3409 su-

128 3454 305 3495 surro
352 3439 416 3495 in
473 3439 738 3512 populis.
773 3443 900 3496 Non
938 3440 1125 3496 stabis
1182 3445 1393 3499 contra
1447 3442 1809 3512 sanguinem

126 3530 403 3602 proximi
446 3528 549 3584 tui.
603 3530 728 3599 Ego
779 3530 1089 3585 Dominus.
1150 3533 1265 3586 Nec
1318 3530 1518 3586 oderis
1568 3530 1810 3587 fratrem

129 3622 304 3674 tuum
331 3618 392 3674 in
420 3618 601 3673 corde
633 3622 758 3687 tuo,
791 3619 898 3675 sed
926 3619 1165 3692 publice
1199 3635 1388 3691 argue
1422 3636 1583 3687 eum,
1615 3635 1690 3676 ne
1708 3620 1813 3676 ha-

128 3708 277 3764 beas
314 3724 501 3781 super
525 3708 626 3764 illo
656 3714 995 3781 peccatum.
1031 3713 1159 3766 Non
1181 3726 1426 3783 quaeras
1475 3710 1765 3766 ultionem
1795 3728 1808 3778 ;

129 3812 239 3853 nec
286 3797 645 3853 memoreris
709 3797 938 3869 injuriae
986 3799 1208 3855 civium
1276 3803 1545 3855 tuorum.
1596 3798 1812 3869 Diliges

127 3887 399 3943 amicum
439 3890 610 3943 tuum
665 3887 821 3943 sicut
859 3888 1146 3961 teipsum.
1205 3891 1331 3959 Ego
1361 3889 1669 3945 Dominus.
1703 3889 1810 3945 Le-

129 3990 234 4043 ges
277 3991 451 4032 meas
494 3975 810 4032 custodite.
864 3979 985 4046 Ego
1031 3976 1327 4032 Dominus
1382 3979 1538 4032 Deus
1593 3980 1809 4033 vester.

127 4064 331 4135 (Ibid.,
356 4082 414 4122 υ.
456 4066 569 4136 26).
604 4068 732 4121 Non
765 4065 1104 4121 comedetis
1134 4082 1274 4121 cum
1333 4065 1650 4135 sanguine.
1683 4070 1810 4123 Non

128 4154 605 4225 augurabimini,
670 4170 782 4210 nec
848 4153 1259 4211 observabitis
1321 4154 1558 4211 somnia
1610 4154 1807 4238 (Ibid,

127 4255 182 4298 υ.
210 4247 327 4311 29).
361 4248 492 4301 Non
525 4243 854 4317 prostituas
884 4243 1072 4300 ﬁliam
1120 4248 1313 4315 tuam,
1339 4260 1415 4300 ne
1441 4244 1811 4301 contamine-

130 4334 225 4387 tur
283 4338 468 4399 terra,
534 4338 591 4389 et
654 4332 979 4405 impleatur
1037 4332 1298 4406 piaculo.
1356 4332 1621 4390 Sabbata
1671 4348 1811 4390 mea

1913 488 2117 543 tarius.
2152 492 2274 560 Ego
2298 491 2590 546 Dominus
2615 494 2771 546 Deus
2795 494 3007 547 vester.
3041 492 3346 549 Custodite
3366 493 3574 551 omnia

1912 580 2213 650 praecepta
2238 595 2394 651 mea,
2418 584 2475 636 et
2498 580 2779 637 universa
2814 579 3044 651 judicia
3085 596 3242 649 mea,
3285 586 3343 639 et
3396 582 3573 641 facite

1911 681 2001 723 ea.
2037 669 2159 737 Ego
2183 668 2474 725 Dominus
2499 670 2710 741 (Leuit.
2736 686 2824 737 xx,
2877 669 2953 739 7).
2991 669 3487 737 Sanctiﬁcamini,
3518 676 3577 729 et

1911 758 2099 811 estote
2130 756 2340 829 sancti,
2371 757 2512 830 quia
2542 772 2653 827 ego
2675 757 2966 814 Dominus
3006 758 3163 813 Deus
3190 761 3405 816 vester.
3431 762 3575 817 Cus-

1910 844 2093 901 todite
2118 850 2419 920 praecepta
2446 863 2603 911 mea,
2661 850 2717 904 et
2765 846 2940 903 facite
2990 862 3080 903 ea.
3115 848 3237 917 Ego
3285 847 3577 905 Dominus

1911 936 2017 1009 qui
2046 936 2353 993 sanctiﬁco
2381 954 2510 994 vos.
2539 938 2651 1004 Qui
2693 937 3070 995 maledixerit
3122 936 3280 1010 patri
3307 954 3439 1004 suo,
3473 944 3579 997 aut

1912 1025 2112 1095 matri,
2134 1030 2324 1083 morte
2346 1028 2659 1083 moriatur.
2702 1027 2815 1094 Qui
2840 1027 3017 1100 patri,
3053 1025 3355 1099 matrique
3385 1026 3577 1084 male-

1914 1114 2148 1184 dixerit,
2181 1118 2427 1187 sanguis
2455 1118 2585 1188 ejus
2616 1117 2689 1173 sit
2719 1132 2900 1190 super
2945 1133 3105 1174 eum.
3143 1116 3200 1173 Si
3238 1116 3575 1174 moechatus

1914 1204 2051 1276 quis
2080 1204 2256 1262 fuerit
2276 1222 2415 1262 cum
2444 1222 2628 1263 uxore
2651 1206 2911 1275 alterius,
2954 1209 3011 1263 et
3043 1205 3403 1263 adulterium
3446 1221 3579 1279 per-

1916 1296 2237 1367 petraverit
2264 1312 2404 1352 cum
2431 1297 2692 1369 cunjuge
2721 1296 2983 1370 proximi
3040 1295 3154 1363 sui,
3211 1299 3405 1352 morte
3450 1312 3579 1353 mo-

1916 1382 2145 1440 riantur
2166 1388 2223 1441 et
2249 1386 2523 1442 mcechus
2561 1390 2618 1443 et
2648 1386 2940 1443 adultera.
2992 1386 3193 1457 (Ibid.,
3232 1401 3287 1442 u.
3326 1385 3434 1458 l3),
3467 1386 3580 1452 Qui

1917 1472 2225 1531 dormierit
2270 1491 2410 1531 cum
2451 1474 2724 1531 masculo
2772 1474 2933 1531 coitu
2989 1474 3271 1539 femineo,
3324 1478 3578 1547 uterque

1918 1566 2201 1635 operatus
2229 1569 2319 1620 est
2348 1563 2542 1636 nefas,
2584 1567 2775 1621 morte
2820 1564 3189 1620 moriantur:
3223 1563 3297 1619 sit
3326 1563 3577 1634 sanguis

1920 1668 2131 1709 eorum
2162 1670 2343 1727 super
2373 1670 2497 1710 eos.
2528 1655 2637 1721 Qui
2666 1670 2806 1711 cum
2832 1654 3128 1725 jumento,
3156 1656 3214 1710 et
3241 1668 3457 1726 pecore
3486 1668 3581 1710 co-

1920 1742 2051 1799 ierit
2079 1748 2270 1801 morte
2300 1743 2611 1807 moriatur,
2640 1759 2825 1817 pecus
2856 1759 3101 1817 quoque
3131 1742 3416 1812 occidite;
3444 1760 3579 1800 mu-

1919 1831 2045 1897 lier,
2068 1848 2205 1905 quae
2237 1833 2621 1890 succubuerit
2651 1832 2893 1890 cuilibet
2934 1833 3233 1905 jumento,
3268 1832 3447 1889 simul
3491 1833 3581 1889 in-

1920 1920 2239 1977 terﬁcietur
2275 1937 2415 1977 cum
2470 1937 2571 1978 eo:
2623 1922 2871 1991 sanguis
2902 1936 3113 1979 eorum
3140 1921 3214 1977 sit
3265 1936 3449 1994 super
3476 1936 3582 1978 eos

1920 2010 2123 2081 (Ibid.,
2165 2027 2219 2068 υ.
2253 2011 2489 2083 27).Vir,
2519 2012 2643 2068 sive
2673 2011 2908 2083 mulier,
2936 2012 2999 2067 in
3048 2011 3274 2084 quibus
3297 2010 3581 2084 pythoni-

1919 2116 2046 2169 cus,
2077 2100 2173 2157 vel
2194 2100 2579 2158 divinationis
2605 2101 2780 2159 fuerit
2801 2101 3067 2175 spiritus,
3099 2105 3292 2158 morte
3314 2101 3581 2159 morian-

1918 2192 2047 2245 tur:
2070 2187 2377 2263 lapidibus
2408 2189 2667 2248 obruent
2694 2206 2836 2247 eos:
2867 2190 3117 2262 sanguis
3145 2205 3357 2247 eorum
3377 2191 3452 2247 sit
3480 2206 3581 2247 su-

1918 2293 2025 2350 per
2061 2278 2194 2334 illos
2216 2281 2425 2347 (Leuit.
2456 2296 2623 2347 xxxv,
2673 2282 2778 2348 t5).
2834 2282 3047 2350 Homo,
3072 2279 3178 2353 qui
3202 2278 3583 2337 maledixerit

1871 2371 1884 2384 '
1920 2369 2038 2422 Deo
2067 2383 2199 2436 suo,
2222 2367 2485 2440 portabit
2510 2372 2829 2442 peccatum
2859 2385 3059 2439 suum,
3092 2372 3149 2425 et
3171 2371 3278 2441 qui
3298 2367 3581 2441 blasphe-

1917 2457 2171 2513 maverit
2188 2472 2413 2514 nomen
2446 2458 2704 2529 Domini,
2731 2461 2923 2515 morte
2964 2458 3275 2515 moriatur.
3311 2457 3424 2524 Qui
3450 2473 3583 2532 per-

1916 2547 2187 2615 cusserit,
2226 2551 2284 2604 et
2335 2547 2621 2605 occiderit
2671 2548 3005 2617 hominem,
3064 2552 3257 2605 morte
3290 2549 3584 2605 moriatur

1916 2635 2119 2705 (Ibid.,
2152 2652 2207 2693 υ.
2239 2636 2350 2708 22).
2380 2637 2648 2711 Equum
2690 2637 2989 2710 judicium
3015 2636 3091 2695 sit
3121 2637 3275 2694 inter
3302 2653 3431 2710 vos,
3460 2637 3582 2694 sive

1914 2726 2289 2797 peregrinus,
2318 2726 2442 2782 sive
2472 2726 2616 2783 civis
2646 2722 3156 2800 peccaverit,quia
3174 2741 3288 2797 ego
3306 2742 3444 2783 sum
3466 2727 3583 2783 Do-

1915 2815 2120 2871 minus
2144 2816 2300 2872 Deus
2324 2819 2518 2872 vester
2538 2818 2749 2888 (Leuit.
2780 2834 2911 2888 xxv,
2960 2818 3072 2886 35).
3130 2817 3189 2873 Si
3232 2820 3581 2874 attenuatus

1916 2903 2092 2961 fuerit
2118 2904 2303 2961 frater
2332 2908 2491 2975 tuus,
2514 2909 2572 2961 et
2598 2905 2880 2962 inﬁrmus
2908 2922 3120 2975 manu,
3163 2909 3221 2964 et
3244 2905 3584 2979 susceperis

1916 3008 2057 3049 eum
2087 2992 2263 3065 quasi
2283 2991 2604 3063 advenam,
2651 2997 2708 3050 et
2735 2994 3145 3066 peregrinum,
3175 2998 3233 3050 et
3260 2993 3474 3049 vixerit
3502 2996 3586 3050 te—

1917 3098 2079 3152 cum,
2107 3097 2183 3138 ne
2213 3081 2475 3155 accipias
2502 3098 2719 3140 usuras
2748 3083 2829 3140 ab
2857 3098 3070 3154 eo,nec
3100 3081 3364 3155 amplius
3390 3097 3583 3155 quam

1917 3170 2154 3227 dedisti.
2186 3170 2348 3228 Time
2381 3174 2567 3228 Deum
2590 3175 2782 3241 tuum,
2815 3176 2882 3229 ut
2928 3172 3127 3229 vivere
3174 3171 3367 3244 possit
3401 3170 3584 3228 frater

1918 3266 2057 3318 tuus
2089 3260 2255 3334 apud
2282 3260 2685 3318 te.Pecuniam
2716 3265 2884 3318 tuam
2914 3277 3040 3318 non
3061 3259 3238 3317 dabis
3262 3259 3315 3317 ei
3345 3259 3426 3317 ad
3446 3275 3587 3316 usu-

1918 3367 2072 3421 ram,
2120 3354 2175 3406 et
2204 3350 2452 3421 frugum
2492 3350 3122 3423 superabundantiam
3170 3364 3297 3406 non
3355 3349 3583 3421 exiges.

1919 3451 1941 3477 ⁶
1972 3440 2208 3497 Animal
2237 3445 2460 3509 autem,
2485 3441 2653 3514 quod
2681 3440 2983 3497 immolari
3000 3444 3196 3513 potest
3220 3440 3498 3512 Domino,
3532 3439 3585 3495 si

1919 3531 2055 3603 quis
2074 3530 2323 3601 voverit,
2358 3534 2636 3587 sanctum
2663 3531 2773 3587 erit
2814 3535 2871 3586 et
2899 3530 3122 3586 mutari
3170 3544 3295 3585 non
3342 3528 3581 3601 poterit,

1919 3620 1981 3675 id
2011 3624 2119 3691 est,
2154 3636 2264 3676 nec
2293 3619 2510 3677 melius
2540 3620 2703 3677 malo
2732 3635 2842 3676 nec
2880 3620 3058 3693 pejus
3102 3618 3285 3675 bono.
3321 3617 3495 3684 Quod
3533 3617 3587 3675 si

1920 3709 2259 3775 mutaverit,
2292 3714 2349 3765 et
2376 3709 2579 3782 ipsum
2634 3709 2804 3782 quod
2842 3712 3145 3765 mutatum
3188 3710 3299 3773 est,
3330 3710 3390 3763 et
3434 3706 3586 3763 illud

1920 3814 2031 3871 pro
2061 3814 2183 3871 quo
2212 3803 2514 3855 mutatum
2547 3802 2656 3869 est,
2695 3802 3113 3855 consecratum
3169 3796 3279 3854 erit
3324 3795 3583 3853 Domino

1921 3888 2122 3959 (Ibid.,
2156 3903 2210 3944 u.
2234 3888 2345 3958 28).
2393 3890 2602 3955 Omne,
2652 3887 2819 3961 quod
2867 3887 3123 3944 Domino
3174 3888 3581 3955 consecratur,

1919 3992 2044 4032 non
2072 3975 2387 4045 vendetur,
2419 3992 2530 4033 nec
2559 3977 2774 4033 redimi
2803 3978 3039 4050 poterit.
3065 3974 3372 4048 Quidquid
3392 3975 3581 4031 semel

1920 4066 2096 4122 fuerit
2120 4070 2559 4134 consecratum,
2598 4068 2882 4123 Sanctum
2910 4070 3258 4123 sanctorum
3315 4063 3425 4121 erit
3466 4066 3585 4121 Do-

1919 4155 2105 4212 mino.
2136 4156 2358 4212 Omnes
2378 4154 2628 4212 decimas
2650 4159 2838 4225 terrae,
2875 4155 2999 4213 sive
3024 4155 3100 4211 de
3130 4153 3435 4227 frugibus,
3460 4152 3583 4210 sive

1918 4245 1995 4301 de
2014 4243 2213 4318 pomis
2243 4243 2531 4301 arborum
2562 4244 2799 4301 Domini
2825 4248 2986 4315 sunt,
3019 4244 3177 4301 etilli
3206 4242 3584 4301 sanctiﬁcan-

1918 4340 2034 4391 tur.
2094 4332 2377 4391 Omnium
2430 4332 2807 4390 decimarum
2852 4333 3050 4404 bovis,
3102 4337 3160 4390 et
3205 4332 3356 4403 ovis,
3388 4336 3446 4388 et
3488 4346 3585 4388 ca-

130 4422 447 4489 custodite,
509 4426 566 4477 et
622 4426 1018 4478 sanctuarum
1085 4438 1291 4478 meum
1362 4422 1626 4479 metuite.
1685 4425 1849 4497 Ego,
1917 4440 2063 4497 prie,
2123 4439 2256 4496 quae
2313 4422 2426 4479 sub
2483 4422 2743 4495 pastoris
2785 4423 2937 4493 juga
2984 4422 3202 4493 (virga)
3243 4423 3579 4491 transeunt,

135 4510 443 4567 Dominus.
483 4514 609 4567 Non
642 4510 946 4567 declinetis
979 4510 1057 4567 ad
1088 4526 1330 4583 magos,
1352 4527 1463 4568 nec
1488 4511 1567 4568 ab
1606 4511 1807 4569 ariolis
1838 4496 1882 4549 D
1916 4496 2215 4586 quidquid
2244 4510 2551 4568 decimum
2577 4511 2809 4567 venerit
2832 4509 3273 4567 santificabitur
3296 4507 3576 4565 Domino.

134 4597 361 4672 aliquid
394 4599 804 4664 sciscitemini,
846 4604 903 4656 et
948 4600 1307 4672 polluamini
1354 4617 1462 4674 per
1499 4616 1626 4657 eos.
1684 4604 1805 4671 Ego
1916 4606 2043 4659 Non
2063 4601 2354 4673 (eligetur)
2374 4599 2603 4670 legetur
2621 4616 2734 4656 nec
2758 4599 3012 4667 bonum,
3044 4614 3155 4655 nec
3179 4596 3435 4668 malum,
3466 4609 3581 4652 nec

137 4688 424 4746 Dominus
451 4692 606 4745 Deus
635 4693 850 4745 vester.
896 4691 1112 4746 Coram
1158 4706 1310 4747 cano
1340 4692 1532 4764 capite
1559 4706 1805 4746 consur-
1912 4692 2097 4748 altero
2127 4688 2616 4747 commutabitur.
2671 4688 2730 4745 Si
2752 4688 2891 4762 quis
2932 4685 3281 4744 mutaverit:
3324 4687 3381 4741 et
3409 4682 3580 4757 quod

136 4788 226 4842 ge,
274 4778 514 4836 honora
561 4793 889 4851 personam
933 4779 1111 4847 senis,
1168 4784 1225 4836 et
1284 4780 1424 4837 time
1478 4779 1801 4836 Dominum
1911 4785 2209 4838 mutatum
2231 4782 2344 4850 est,
2383 4782 2442 4835 et
2465 4793 2575 4851 pro
2597 4794 2720 4851 quo
2753 4780 3054 4834 mutatum
3084 4780 3196 4847 est,
3227 4772 3574 4833 sanctiﬁca-

138 4864 320 4922 Deum
377 4873 573 4924 tuum.
636 4871 759 4939 Ego
827 4868 1136 4925 Dominus.
1202 4869 1261 4926 Si
1299 4869 1655 4927 habitaverit
1697 4869 1800 4925 ad-

136 4967 288 5011 vena
317 4956 378 5013 in
410 4961 570 5014 terra
599 4963 818 5025 vestra,
850 4962 907 5014 et
936 4964 1206 5014 moratus
1253 4959 1426 5016 fuerit
1464 4960 1616 5015 inter
1665 4974 1794 5027 vos,

136 5057 209 5098 ne
255 5048 626 5119 exprobretis
683 5047 757 5115 ei,
810 5048 915 5103 sed
974 5049 1051 5107 sit
1102 5049 1254 5105 inter
1310 5066 1420 5106 vos
1470 5050 1649 5122 quasi
1705 5050 1795 5103 in-

138 5130 374 5201 digena,
399 5142 457 5193 et
485 5136 743 5208 diligetis
783 5152 924 5193 eum
964 5138 1143 5210 quasi
1200 5138 1619 5212 vosmetipsos.
1682 5142 1796 5195 No-

138 5219 232 5277 lite
288 5224 481 5284 facere
547 5228 826 5300 iniquum
879 5227 1108 5301 aliquid
1164 5230 1225 5285 in
1281 5230 1530 5301 judicio,
1591 5230 1652 5285 in
1704 5245 1796 5285 re-

141 5311 294 5380 gula,
340 5316 400 5371 in
447 5316 741 5391 pondere,
788 5317 850 5373 in
906 5334 1212 5376 mensura.
1248 5322 1477 5377 Statera
1525 5321 1710 5391 justa,
1742 5324 1799 5378 et

178 5427 233 5497 ﬁ
263 5422 430 5480 Deest
449 5424 650 5500 itaque
675 5435 729 5481 et
754 5424 944 5494 ﬁliam
965 5426 1113 5493 ﬁlice
1143 5427 1312 5482 illius
1328 5442 1435 5500 per
1465 5442 1796 5484 amanuen-

144 5502 222 5568 sis
243 5505 501 5568 errorem
523 5496 749 5568 utique.

209 5560 235 5601 δ
264 5563 433 5623 Deest
459 5560 659 5624 adhuc
688 5567 800 5623 illa
830 5567 1082 5637 uiuente,
1158 5567 1258 5624 uia
1289 5568 1509 5625 scilicet
1546 5569 1606 5623 in
1664 5568 1795 5639 lege

209 5634 336 5694 :teri.
368 5637 415 5691 si
445 5655 517 5694 ex
547 5638 731 5694 priori
757 5638 973 5693 marito
1004 5584 1441 5694 nonCSiabuerat
1464 5639 1793 5694 haeredem.

145 5635 336 5711 veteri,
368 5637 415 5691 si
445 5655 517 5711 ex
547 5638 731 5710 priori
757 5638 973 5711 marito
1004 5635 1441 5696 ncnliabuerat
1464 5635 1793 5711 heredem,

145 5697 317 5783 frater
345 5697 965 5783 mariti‘compelletur
1012 5725 1148 5767 eam
1179 5711 1473 5783 accipere,
1512 5714 1579 5768 ut
1607 5697 1795 5767 susci1

147 5772 288 5831 taret
321 5793 526 5838 semen
554 5772 752 5837 fratris
782 5779 893 5835 sui.

1907 4874 2045 5014 tu;
2070 4958 2224 5014 libro
2247 4962 2465 5015 Numam
2498 4957 2700 5028 (Num.
2732 4974 2817 5028 ui,
2844 4960 2928 5023 10,
2949 4959 3087 5025 etc.)
3109 4955 3263 5013 Dixit
3284 4953 3579 5015 Dominus

1907 5049 1985 5105 ad
2007 5051 2247 5120 Moysen
2274 5066 2285 5103 :
2310 5051 2509 5103 Aaron
2530 5050 2735 5102 autem
2780 5048 2837 5102 et
2878 5044 3035 5101 ﬁlios
3086 5045 3217 5117 ejus
3247 5048 3579 5103 constttues

1908 5154 2088 5211 super
2126 5136 2352 5193 cultum
2385 5135 2733 5193 Sacerdotii.
2770 5138 3079 5206 Externus,
3112 5135 3217 5207 qui
3267 5135 3346 5192 ad
3372 5135 3578 5192 minis-

1906 5228 2191 5284 trandum
2222 5225 2558 5296 accesserit,
2610 5224 2917 5281 morietur.
2952 5224 2975 5259 ά
3020 5223 3135 5281 Alii
3172 5224 3341 5282 nulla
3386 5224 3579 5281 curio-

1908 5317 2076 5374 sitate
2106 5317 2351 5372 videant
2389 5331 2526 5389 qua;
2554 5317 2697 5370 sunt
2727 5314 2789 5371 in
2820 5314 3172 5371 Sanctuario
3215 5314 3576 5387 priusquam

1978 5435 2001 5462 ο
2027 5425 2205 5481 Levii.
2240 5440 2421 5490 xxvu,
2454 5427 2507 5496 9.
2540 5426 2648 5496 An_
2677 5422 2758 5496 ad
2803 5436 3025 5496 pecora
3079 5422 3325 5496 respicit
3371 5420 3577 5482 oblata

1910 5497 2228 5553 Ecclesiae?
2243 5512 2322 5551 an
2352 5494 2551 5568 potius
2574 5492 2653 5568 ad
2678 5492 2855 5568 ﬁlios,
2883 5493 2989 5565 qui
3009 5492 3419 5568 inore—eorum
3437 5498 3579 5568 te_m-

1908 5585 2127 5641 porum
2156 5563 2641 5640 adhuc‘parvuli,
2675 5563 2928 5621 Domino
2958 5563 3368 5623 offerebantur
3390 5564 3418 5621 ‘2
3475 5564 3576 5627 Ju-

1908 5640 2194 5695 dicaverit
2215 5642 2436 5696 Lector.

1982 5710 2007 5744 ά
2039 5715 2298 5779 Num.1v,
2320 5706 2694 5766 20.1ndicare
2712 5706 2944 5779 videtur
2975 5723 3209 5765 morem
3244 5707 3576 5765 multarum

1916 5778 2311 5841 Ecclesiarum
2328 5784 2459 5859 [per
2483 5796 2554 5840 ea
2570 5778 2898 5861 praesertim
2918 5780 3217 5865 tempora]
3232 5796 3369 5861 qum
3389 5780 3576 5844 laicos
