3950 6378
175 273 319 328 1429

1237 271 1704 328 FLORILBGIUM
1747 271 1829 325 EX
1870 270 2097 326 SACRA
2141 271 2549 330 SCRIPTURA.

3475 279 3612 336 i430

150 409 524 468 personam,
554 409 670 452 nec
715 409 970 451 munera
1005 412 1016 451 :
1050 397 1201 469 quia
1244 411 1501 454 munera
1533 397 1836 452 excaecant
1864 398 1912 450 Α
1952 397 2090 450 tuus
2121 412 2134 451 :
2167 401 2225 453 et
2256 396 2304 453 si
2335 401 2612 455 moratus
2642 397 2828 454 fueris
2852 398 3230 472 reputabitur
3259 399 3367 457 tibi
3396 401 3459 457 in
3483 418 3617 474 pee-

165 484 383 548 ooulos
418 483 799 557 sapientium,
831 489 889 542 et
917 490 1156 542 mutant
1179 486 1364 542 verba
1387 487 1710 557 justorum.
1740 487 1837 540 Ju-

173 579 269 631 ete
298 574 464 647 quod
479 575 712 646 justum
738 579 827 631 est
853 577 1248 649 persequeris,
1278 579 1340 633 ut
1368 575 1540 632 vivas
1571 580 1627 632 et
1651 573 1840 648 possi-

167 664 324 721 deas
353 669 595 736 terram,
623 679 811 736 quam
841 665 1130 721 Dominus
1162 669 1317 722 Deus
1344 670 1482 722 tuus
1507 665 1672 721 dedit
1711 663 1835 721 tibi.

167 756 377 821 (Deut.
409 771 552 825 xvn,
585 755 636 824 8)
671 755 728 810 Si
770 755 1068 826 judicium
1118 756 1334 812 videris
1365 756 1551 813 verba
1596 755 1836 822 variari,

171 860 359 914 surge
382 849 440 900 et
463 845 722 900 ascende
750 845 828 900 ad
848 845 1270 919 locum,quem
1291 846 1531 916 elegerit
1549 845 1838 902 Dominus

165 937 330 990 Deus
371 938 528 999 tuus,
560 935 884 1007 veniesque
931 936 1009 992 ad
1058 938 1431 1004 Sacerdotes,
1463 941 1522 993 et
1551 937 1631 992 ad
1678 936 1837 1008 judi-

161 1039 327 1093 cem,
353 1025 457 1095 qui
485 1023 662 1079 fuerit
688 1023 750 1080 in
779 1024 880 1080 illo
907 1029 1195 1098 tempore,
1228 1041 1584 1099 quaaresque
1615 1025 1694 1082 ab
1725 1024 1834 1092 eis,

165 1113 280 1184 qui
298 1112 654 1169 indicabunt
675 1113 780 1170 tibi
790 1114 1000 1184 judicii
1016 1115 1348 1185 veritatem,
1369 1121 1423 1170 et
1445 1115 1627 1172 facies
1645 1114 1838 1188 quod-

163 1216 414 1275 cunque
446 1201 705 1258 dixerint
731 1203 837 1276 qui
884 1208 1150 1274 praasunt
1184 1204 1338 1272 loco,
1371 1221 1554 1277 quem
1598 1204 1838 1274 elegerit

163 1292 488 1357 Dominus,
520 1296 578 1348 et
619 1292 934 1350 docuerint
982 1297 1037 1349 te
1060 1295 1234 1365 juxta
1280 1295 1476 1364 legem
1524 1295 1696 1364 ejus:
1749 1310 1836 1350 se—

161 1380 498 1453 querisque
543 1382 903 1439 sententiam
959 1399 1193 1454 eorum,
1243 1399 1354 1440 nec
1399 1383 1730 1441 declinabis
1760 1383 1839 1439 ad

155 1468 504 1538 dexteram,
537 1471 632 1526 vel
657 1471 736 1526 ad
761 1471 1064 1529 sinistram
1092 1491 1104 1541 ;
1138 1473 1244 1545 qui
1281 1476 1486 1529 autem
1531 1471 1836 1546 superbie-

162 1558 266 1630 rit,
295 1557 511 1614 nolens
544 1559 789 1616 obedire
820 1562 1148 1618 sacerdotis
1169 1562 1452 1635 imperio,
1475 1563 1580 1635 qui
1600 1578 1672 1618 eo
1695 1566 1840 1619 tem-

164 1662 318 1720 pore
346 1648 644 1705 ministrat
667 1650 920 1706 Domino
950 1654 1070 1706 Deo
1101 1655 1224 1720 tuo,
1245 1657 1303 1708 et
1326 1652 1566 1709 decreto
1588 1652 1832 1723 judicia,

167 1739 462 1795 morietur
503 1739 690 1796 homo
734 1740 851 1808 ille,
882 1744 940 1796 et
987 1741 1222 1798 auferes
1269 1743 1501 1799 malum
1529 1743 1605 1798 de
1633 1741 1833 1810 Israel,
1869 1755 1908 1808 Β

165 1831 548 1901 cunctusque
599 1829 862 1902 populus
916 1830 1170 1886 audiens
1215 1831 1464 1900 timebit,
1525 1836 1589 1888 ut
1631 1831 1836 1887 nullus

165 1916 458 1989 deinceps
483 1919 846 1975 intumescat
875 1921 1160 1992 superbia
1183 1922 1378 1991 (Deut.
1401 1937 1564 1989 XVIII,
1595 1921 1696 1992 10).
1725 1925 1839 1977 Nec

165 2007 512 2063 inveniatur
539 2008 601 2063 in
634 2013 689 2063 te
719 2009 825 2080 qui
849 2009 1268 2066 lustretﬁlium
1291 2015 1610 2078 suum,aut
1628 2009 1837 2080 ﬁliam,

171 2099 285 2152 aut
322 2097 428 2168 qui
451 2097 671 2153 ariolos
699 2098 1046 2171 sciscitetur,
1075 2104 1134 2154 et
1161 2099 1436 2156 observet
1465 2099 1720 2167 somnia,
1752 2103 1839 2156 at-

167 2198 295 2257 que
343 2185 623 2256 auguria,
656 2202 766 2242 nec
816 2186 889 2241 sit
946 2187 1277 2253 maleﬁcus,
1313 2203 1424 2243 nec
1481 2188 1838 2258 incantator,

163 2289 284 2330 nec
315 2275 614 2347 pythones
648 2275 948 2344 consulat,
980 2291 1092 2332 nec
1122 2277 1379 2344 divinos,
1411 2284 1432 2308 '
1456 2293 1566 2333 nec
1609 2281 1843 2350 quierat

175 2379 216 2420 a
246 2364 501 2420 mortuis
531 2364 865 2422 veritatem.
893 2367 1091 2433 (Deut.
1128 2383 1250 2434 xrx,
1275 2368 1365 2437 14)
1388 2371 1514 2423 Non
1543 2381 1839 2438 assumes,

165 2457 230 2508 et
259 2452 578 2509 transferes
609 2454 898 2510 terminos
932 2455 1194 2528 proximi
1242 2455 1346 2526 tui,
1375 2472 1530 2528 quos
1577 2455 1840 2511 ﬁxerunt

163 2543 400 2615 priores
446 2544 508 2599 in
549 2545 934 2616 possessione
963 2549 1087 2611 tua,
1118 2561 1304 2618 quam
1361 2545 1652 2601 Dominus
1686 2549 1839 2602 Deus

163 2637 310 2688 tuus
340 2631 511 2698 dabit
527 2633 635 2688 tibi
665 2634 728 2688 in
755 2638 929 2697 terra,
963 2650 1151 2707 quam
1179 2635 1481 2708 acceperis
1520 2634 1838 2708 possiden-

163 2721 335 2777 dam.
355 2725 482 2778 Ncn
514 2723 698 2778 stabit
722 2723 889 2778 testis
919 2739 1077 2780 unus
1107 2728 1313 2780 contra
1335 2723 1600 2798 aliquem
1625 2741 1638 2779 :
1664 2723 1840 2796 quid-

162 2810 318 2882 quid
354 2810 502 2866 illud
541 2812 790 2883 peccati,
835 2817 893 2868 et
935 2811 1220 2868 facinoris
1271 2813 1464 2876 fuerit,
1497 2813 1604 2869 sed
1633 2814 1695 2868 in
1725 2829 1830 2870 ore

165 2899 458 2971 duorum,
483 2905 588 2958 aut
612 2902 793 2956 trium
822 2902 1065 2958 testium
1109 2903 1286 2959 stabit
1329 2919 1511 2960 omne
1541 2903 1796 2959 verbum
1824 2913 1836 2951 ε

169 2989 222 3045 si
252 2989 427 3046 fuerit
466 2990 636 3046 testis
684 2991 956 3047 mendax
987 2996 1199 3049 contra
1250 2992 1516 3066 aliquem
1547 3008 1845 3049 accusans

170 3093 336 3135 eum.
370 3078 400 3125 ι)
427 3079 702 3151 Cumque
749 3080 1086 3136 invenerint
1112 3079 1330 3137 falsum
1363 3085 1573 3137 testem
1618 3081 1843 3137 dixisse
1877 3110 1918 3166 ε

164 3171 379 3225 contra
407 3168 650 3224 fratrem
679 3185 860 3226 suum
884 3170 1293 3236 mendacium,
1326 3171 1580 3226 reddent
1611 3171 1661 3227 ei
1694 3171 1847 3228 sicut

166 3257 334 3314 fratri
389 3273 500 3314 suo
549 3257 754 3315 facere
812 3259 1114 3328 cogitavit.
1181 3260 1374 3330 (Deut.
1429 3276 1569 3328 xxn,
1618 3261 1669 3332 5)
1717 3264 1847 3316 Non

166 3349 454 3405 induetur
483 3349 708 3405 mulier
745 3355 910 3406 veste
958 3349 1134 3419 virili,
1160 3365 1271 3406 nec
1318 3351 1408 3406 vir
1443 3354 1643 3407 utetur
1684 3355 1847 3408 veste

166 3438 432 3495 feminea
464 3457 478 3495 :
511 3439 942 3495 abominabilis
973 3440 1136 3495 enim
1189 3440 1355 3512 apud
1386 3441 1572 3497 Deum
1619 3445 1708 3498 est
1741 3441 1848 3514 qui

167 3527 313 3585 facit
339 3529 486 3584 huic.
521 3529 724 3599 (Ibid.,
763 3545 822 3586 v.
846 3529 936 3600 22)
969 3529 1026 3584 Si
1053 3529 1364 3586 dormierit
1382 3530 1474 3586 vir
1493 3545 1631 3586 cum
1659 3545 1848 3587 uxore

167 3616 432 3678 alterius,
469 3621 722 3690 uterque
759 3617 1071 3685 morietur,
1105 3617 1165 3673 id
1203 3621 1294 3674 est
1337 3618 1572 3675 adulter
1599 3623 1655 3674 et
1682 3618 1849 3675 adul-

166 3711 317 3762 tera.
355 3705 412 3762 Si
440 3705 706 3778 puellam
733 3706 1031 3774 virginem
1060 3697 1456 3779 desponderit
1485 3707 1576 3763 vir
1603 3711 1660 3764 et
1687 3707 1850 3764 inve-

164 3794 322 3851 nerit
361 3811 496 3851 eam
546 3794 763 3868 aliquis
792 3796 854 3851 in
885 3796 1149 3865 civitate,
1177 3801 1231 3852 et
1273 3796 1664 3854 concubuerit
1705 3815 1845 3855 cum

164 3885 289 3952 illa,
324 3883 546 3940 educes
591 3889 920 3958 utrumque
976 3885 1062 3941 ad
1094 3892 1334 3958 portam
1389 3887 1638 3943 civitatis
1665 3887 1844 3957 illius,

163 3979 224 4030 et
247 3973 558 4047 lapidibus
608 3974 988 4042 obruentur;
1020 3975 1244 4047 puella,
1275 3975 1418 4047 quia
1444 3989 1568 4030 non
1617 3975 1843 4032 clama-

162 4064 270 4134 vit,
322 4079 460 4118 cum
507 4067 661 4119 esset
708 4063 769 4118 in
817 4063 1100 4132 civitate;
1147 4063 1254 4131 vir,
1307 4063 1451 4135 quia
1506 4064 1846 4121 humiliavit

163 4168 416 4211 uxorem
437 4153 698 4226 proximi
725 4153 838 4210 sui.
866 4154 1062 4224 (Deut.
1092 4169 1261 4219 xxm,
1282 4146 1336 4225 9)
1369 4153 1624 4218 Quando
1643 4169 1842 4224 egres-

164 4260 270 4299 sus
300 4242 482 4298 fueris
511 4243 812 4299 adversus
844 4243 1051 4303 hostes
1076 4247 1210 4299 tuos
1233 4241 1297 4297 in
1330 4257 1624 4315 pugnam,
1649 4246 1845 4300 custo-

161 4333 292 4389 dies
320 4337 374 4390 te
401 4333 480 4390 ab
512 4333 682 4389 omni
709 4349 772 4389 re
801 4333 987 4389 mala.
1016 4333 1072 4388 Si
1097 4332 1273 4388 fuerit
1300 4332 1454 4387 inter
1487 4348 1602 4387 vos
1633 4333 1838 4398 homo,

163 4424 273 4496 qui
303 4428 610 4480 nocturno
641 4423 908 4497 pollutus
939 4423 1013 4478 sit
1042 4423 1300 4492 somnio,
1318 4422 1656 4491 egredietur
1673 4427 1841 4480 extra

164 4516 384 4580 castra,
423 4517 481 4569 et
503 4528 628 4569 non
657 4517 1008 4582 revertetur,
1033 4513 1391 4585 priusquam
1421 4511 1501 4568 ad
1521 4527 1838 4590 vesperam

161 4604 394 4660 lavetur
422 4619 605 4676 aqua.
637 4604 834 4674 (Ibid,
859 4618 914 4659 υ.
944 4608 1033 4670 15)
1064 4607 1191 4659 Non
1223 4602 1424 4659 trades
1455 4618 1698 4659 servum
1728 4605 1838 4660 Do-

163 4695 332 4751 mino
367 4709 498 4761 suo,
542 4694 647 4767 qui
679 4694 759 4750 ad
789 4699 846 4750 te
878 4693 1238 4764 confugerit,
1271 4693 1376 4750 sed
1413 4693 1712 4750 habitavit
1762 4698 1842 4751 te-

165 4799 305 4840 cum
336 4782 397 4838 in
428 4782 584 4847 loco,
616 4782 720 4856 qui
751 4783 803 4839 ei
835 4782 1152 4855 placuerit,
1181 4798 1294 4839 nec
1335 4783 1649 4839 contristes
1674 4799 1835 4840 eum.

164 4877 293 4930 Non
333 4872 441 4928 erit
463 4872 743 4928 meretrix
774 4872 849 4928 de
881 4871 1124 4928 ﬁliabus
1151 4872 1355 4943 Israel,
1385 4888 1584 4946 neque
1615 4878 1838 4931 scorta-

165 4966 274 5019 tor.
301 4965 427 5018 Non
456 4961 754 5018 fenerabis
776 4961 950 5018 fratri
985 4964 1088 5017 tuo
1114 4961 1192 5017 ad
1213 4978 1460 5018 usuram
1491 4963 1832 5036 pecuniam,

164 5067 275 5108 nec
304 5051 527 5123 fruges,
561 5067 671 5107 nec
723 5050 1060 5124 quamlibet
1088 5051 1267 5106 aliam
1313 5067 1461 5108 rem.
1517 5053 1700 5109 hatri
1731 5056 1836 5110 tuo

166 5141 398 5215 absque
445 5157 650 5208 usura,
685 5141 746 5196 id
789 5140 958 5213 quod
999 5141 1248 5213 indiget,
1296 5142 1738 5220 commodabis,
1771 5146 1837 5201 ut

165 5229 483 5287 benedicat
512 5230 616 5288 tibi
647 5229 940 5286 Dominus
973 5232 1128 5286 Deus
1160 5233 1298 5286 tuus
1348 5230 1409 5286 in
1457 5231 1624 5287 omni
1654 5247 1834 5304 opere

166 5323 286 5377 tuo.
320 5320 468 5378 Cum
496 5323 707 5378 votum
731 5319 969 5376 voveris
994 5319 1248 5376 Domino
1275 5321 1396 5376 Deo
1419 5323 1541 5388 tuo,
1571 5337 1693 5378 non
1721 5323 1835 5378 tar-

167 5409 343 5467 dabis
372 5409 646 5494 reddere,
677 5409 823 5482 quia
871 5410 1136 5482 requiret
1181 5409 1332 5466 illud
1363 5411 1649 5468 Dominus
1682 5411 1832 5468 Deus

236 5563 261 5628 ἢ
301 5554 446 5628 God.
474 5562 560 5612 set
589 5560 821 5627 quaerat
851 5554 979 5628 [per
1003 5569 1267 5628 errorem
1296 5554 1546 5628 utique.)

240 5626 396 5699 I[Hic
411 5642 521 5699 per
534 5625 940 5699 Amanuensis
961 5625 1432 5699 imprudentiam
1449 5625 1668 5699 desunt
1683 5641 1832 5684 non-

171 5696 354 5766 nulla;
387 5696 525 5771 quae.
561 5713 633 5755 ex
657 5697 1002 5771 Scripturai
1049 5696 1134 5763 Sa,
1167 5700 1375 5754 Lector
1403 5715 1474 5753 su
1522 5697 1702 5774 pleat,
1725 5714 1830 5757 ne-

171 5785 331 5804 nnaan
353 5774 440 5804 ραι
483 5772 630 5804 ρεπιηό
655 5783 837 5804 nnm
866 5768 975 5804 inf.
1004 5712 1313 5804 P.cfhhuef
1339 5715 1539 5804 nmhg'
1568 5783 1821 5804 nul-imum

169 5763 462 5832 cessabat.
483 5772 632 5831 Sunt
655 5763 838 5844 porro
866 5768 981 5831 ista
1004 5763 1027 5827 Ξ
1054 5769 1313 5830 Stabunt
1338 5763 1544 5843 umbe
1567 5763 1823 5844 quorum
1855 5763 1866 5774 '

1953 489 2178 541 catum.
2215 487 2389 552 Quod
2421 491 2623 544 autem
2656 487 2845 544 semel
2875 503 3186 559 egressum
3217 492 3308 546 est
3334 489 3412 547 de
3439 489 3616 547 labiis

1953 573 2090 643 tuis,
2122 574 2496 647 observabis,
2530 580 2586 632 et
2613 575 2798 633 facies
2832 576 2985 634 sicut
3011 577 3339 650 promisisti
3362 578 3618 637 Domino

1951 664 2071 720 Deo
2097 668 2223 738 tuo,
2256 669 2313 724 et
2355 667 2601 740 propria
2629 666 2958 737 voluntate,
2989 670 3047 724 et
3087 682 3190 724 ore
3237 672 3340 725 tuo
3381 667 3618 726 locutus

1950 769 2035 810 es.
2065 756 2262 823 (Deut.
2310 772 2469 825 XXIV,
2525 757 2612 829 IO)
2644 758 2793 813 Cum
2840 760 3074 830 repetes
3120 772 3158 814 ει
3205 758 3486 830 proximo
3513 762 3616 816 tuo

1949 860 2080 901 rem
2131 845 2422 919 aliquam,
2468 863 2656 920 quam
2697 847 2877 904 debet
2927 846 3056 920 tibi,
3085 862 3210 904 non
3265 848 3615 918 ingredieris

1949 934 2204 991 domum
2232 936 2382 1007 ejus,
2412 941 2477 992 ut
2521 935 2746 1010 pignus
2799 935 3056 1004 auferas,
3088 936 3194 993 sed
3223 936 3409 994 stabis
3445 936 3612 1006 foris,

1911 1101 1914 1104 ἢ
1949 1023 2125 1080 etme
2157 1023 2259 1080 tibi
2289 1025 2551 1097 proferet
2581 1024 2752 1100 quod
2778 1025 3078 1082 habuerit.
3109 1025 3210 1082 Sin
3239 1029 3439 1083 autem
3464 1039 3615 1099 pau-

1949 1127 2056 1184 per
2080 1116 2187 1182 est,
2208 1128 2330 1170 non
2356 1115 2732 1193 pemoctabit
2758 1115 2924 1188 apud
2947 1117 3002 1172 te
3021 1115 3262 1189 pignus.
3286 1115 3393 1172 sed
3413 1115 3614 1172 statim

1946 1201 2164 1259 reddes
2194 1203 2248 1258 ei
2281 1207 2418 1260 ante
2440 1198 2584 1260 solis
2606 1220 2913 1274 occasum,
2933 1208 2998 1261 ut
3017 1205 3326 1262 dormiens
3347 1205 3410 1262 in
3433 1203 3616 1262 vesti-

1947 1295 2152 1348 mento
2184 1309 2296 1349 suo
2326 1292 2648 1350 benedicat
2688 1294 2814 1365 tibi,
2847 1296 2903 1351 et
2949 1294 3178 1351 habeas
3199 1293 3490 1366 justitiam
3519 1309 3615 1351 co-

1947 1395 2081 1438 ram
2112 1383 2366 1440 Domino
2398 1387 2518 1440 Deo
2551 1389 2674 1441 tuo.
2702 1387 2831 1441 Non
2860 1383 3114 1458 negabis
3158 1385 3499 1442 mercedem
3527 1385 3615 1441 in-

1947 1471 2229 1541 digentis,
2264 1475 2320 1529 et
2346 1473 2632 1546 pauperis
2662 1473 2859 1530 fratris
2908 1473 3016 1544 tui,
3045 1473 3170 1530 sive
3203 1473 3476 1545 advenas,
3507 1475 3614 1548 qui

1946 1565 2147 1617 tecum
2178 1566 2450 1618 moratur
2479 1563 2541 1617 in
2570 1565 2746 1630 terra,
2783 1562 2892 1618 sed
2923 1562 3136 1619 eadem
3162 1562 3260 1619 die
3288 1562 3505 1619 reddes
3559 1564 3615 1620 ei

1948 1649 2207 1722 pretium
2236 1649 2461 1706 laboris
2512 1649 2606 1706 sui
2637 1653 2774 1707 ante
2825 1649 2969 1707 solis
2999 1666 3306 1707 occasum.
3351 1650 3521 1719 Ibid.,
3555 1665 3612 1708 v.

1953 1739 2039 1810 16)
2067 1742 2195 1794 Non
2226 1739 2576 1795 occidantur
2602 1743 2808 1811 patres
2850 1754 2961 1820 pro
2986 1739 3143 1808 ﬁliis,
3174 1755 3286 1796 nec
3341 1737 3448 1795 ﬁlii
3500 1754 3613 1812 pro

1948 1826 2245 1900 patribus,
2277 1827 2383 1884 sed
2413 1828 2832 1900 unusquisque
2860 1843 2974 1901 pro
3026 1843 3136 1884 suo
3189 1831 3440 1900 peccato
3488 1844 3616 1886 mo-

1947 1915 2150 1972 rietur.
2178 1920 2306 1973 Non
2339 1920 2642 1990 pervertes
2663 1916 2962 1988 judicium
2986 1916 3254 1982 advenat,
3285 1919 3342 1973 et
3370 1916 3612 1998 pupilli;

1948 2021 2059 2064 nec
2110 2005 2345 2061 auferes
2401 2006 2670 2078 pignoris
2721 2006 2857 2062 loco
2907 2005 3109 2062 viduas
3163 2005 3610 2062 vestimentum.

1951 2094 2207 2160 Quando
2237 2095 2564 2152 messueris
2595 2100 2857 2166 segetem
2887 2094 2948 2151 in
2978 2110 3126 2168 agro
3153 2098 3276 2167 tuo,
3308 2098 3366 2152 et
3391 2093 3613 2151 oblitus

1951 2185 2334 2258 manipulum
2354 2185 2688 2260 reliqueris,
2704 2202 2829 2242 non
2845 2184 3158 2260 reverteris
3181 2190 3247 2242 ut
3262 2185 3435 2242 tollas
3450 2201 3587 2242 eum
3594 2227 3614 2258 ,

1951 2277 2057 2332 sed
2088 2277 2413 2344 advenam,
2444 2281 2501 2334 et
2530 2276 2852 2351 pupillum,
2881 2280 2934 2334 et
2967 2277 3219 2334 viduam
3246 2277 3492 2354 patieris
3515 2293 3619 2334 au-

1949 2367 2121 2423 terre.
2155 2367 2210 2424 Si
2238 2367 2720 2424 vendemiaveris
2745 2367 2985 2425 vineam
3008 2372 3206 2437 tuam;
3230 2383 3354 2438 non
3375 2366 3618 2438 colliges

1950 2461 2333 2513 remanentes
2365 2473 2664 2523 racemos,
2686 2458 2792 2514 sed
2822 2457 3038 2514 cedent
3066 2457 3130 2514 in
3161 2474 3314 2514 usus
3347 2456 3618 2528 advenis,

1951 2546 2165 2621 pupilli
2191 2563 2262 2603 ac
2290 2547 2507 2603 viduae.
2545 2548 2742 2619 (Deut.
2769 2564 2906 2621 xxv,
2939 2547 2989 2619 I)
3015 2547 3073 2603 Si
3103 2547 3279 2604 fuerit
3310 2562 3496 2604 causa
3533 2546 3620 2622 in-

1949 2637 2041 2694 ter
2072 2635 2328 2709 aliquos,
2359 2639 2417 2692 et
2461 2635 2969 2712 interpellaverint
3003 2635 3264 2705 Judices,
3297 2651 3480 2709 quem
3521 2633 3620 2707 ju-

1955 2729 2117 2781 stum
2167 2741 2298 2782 esse
2347 2727 2779 2799 perspexerint,
2819 2725 2904 2782 illi
2928 2726 3174 2798 justitiaa
3215 2725 3485 2808 palmam
3516 2715 3624 2790 da-

1952 2813 2143 2883 bunt;
2176 2830 2361 2889 quem
2393 2813 2669 2887 impium,
2719 2814 3219 2872 condemnabunt
3262 2814 3620 2888 impietatis;

1955 2901 2047 2958 sin
2079 2907 2282 2959 autem
2305 2919 2446 2958 eum
2478 2903 2582 2976 qui
2608 2904 2902 2977 peccavit,
2927 2905 3183 2978 dignum
3215 2903 3472 2960 viderint
3498 2903 3626 2980 pla-

1955 2991 2045 3061 gis
2068 2995 2470 3065 prosternent,
2494 2995 2550 3048 et
2578 3009 2784 3050 coram
2816 3009 2879 3049 se
2906 2993 3125 3049 facient
3151 2988 3456 3066 verberari
3475 2981 3624 3066 {pro

1954 3095 2243 3137 mensura
2271 3080 2500 3153 peccati
2522 3081 2648 3150 erit,
2669 3085 2727 3138 et
2750 3081 3078 3154 plagarum
3103 3079 3343 3148 modus,
3368 3080 3452 3136 ita
3473 3080 3626 3137 dun-

1954 3173 2140 3242 taxat,
2157 3175 2221 3227 ut
2241 3170 2797 3245 quadragenarium
2819 3187 3145 3240 numerum
3161 3186 3287 3226 non
3308 3169 3622 3231 excedant.

1958 3260 2148 3333 (Deut.
2176 3276 2294 3316 xxv
2333 3263 2434 3328 13).
2493 3263 2623 3317 Non
2672 3259 2929 3317 habebis
2979 3259 3041 3316 in
3091 3259 3330 3317 sacculo
3385 3259 3628 3318 diversa

1954 3351 2247 3423 pondera,
2281 3350 2481 3422 majus
2525 3353 2581 3406 et
2631 3350 2852 3422 minus,
2882 3366 2994 3407 nec
3038 3351 3148 3407 erit
3196 3350 3259 3406 in
3303 3351 3489 3418 domo
3519 3353 3628 3424 tua

1956 3439 2199 3496 ‘modius
2221 3440 2436 3514 major,
2463 3441 2520 3496 et
2548 3438 2748 3510 minor
2779 3456 2793 3497 :
2827 3437 3071 3514 pondus
3099 3438 3356 3502 habebis
3390 3440 3627 3512 justum

1956 3517 2013 3585 et
2058 3543 2290 3585 verum.
2346 3528 2749 3585 Abominatur
2795 3527 2957 3585 enim
3006 3528 3299 3585 Dominus
3347 3544 3488 3586 eum
3517 3529 3622 3603 qui

1955 3617 2098 3674 facit
2124 3619 2273 3686 haec,
2303 3621 2360 3675 et
2391 3622 2706 3674 aversatur
2735 3633 2982 3694 omnem
3009 3617 3388 3691 injustitiam.

2028 3711 2111 3764 De
2140 3708 2292 3764 libro
2321 3710 2517 3765 Josus.
2549 3717 2573 3744 °
2599 3711 2869 3782 Bennun.
2905 3698 3105 3775 (Josue
3132 3711 3290 3786 xxiv,
3322 3708 3464 3773 1-14,
3487 3710 3627 3778 etc.)

1957 3798 2110 3854 Dixit
2140 3799 2319 3855 Josue
2345 3797 2481 3854 filiis
2513 3797 2692 3854 Israel
2720 3815 2732 3852 :
2766 3797 2988 3854 Timete
3039 3787 3384 3867 Dominum,
3419 3799 3477 3852 et
3506 3811 3627 3868 ser-

1956 3888 2075 3962 vite
2105 3887 2157 3943 ei
2193 3886 2457 3959 perfecto
2487 3886 2687 3954 corde,
2724 3891 2906 3960 atque
2952 3885 3289 3954 verissimo,
3321 3889 3379 3948 et
3403 3885 3626 3960 auferte

1955 3975 2365 4053 deos,quibus
2396 3974 2730 4030 servierunt
2757 3977 2958 4050 patres
2984 3973 3182 4030 vestri.
3215 3974 3420 4044 (Ibid.,
3451 3991 3508 4030 υ.
3530 3976 3623 4047 25)

1957 4063 2192 4119 Auferte
2221 4063 2369 4119 deos
2413 4061 2641 4119 alienos
2671 4061 2746 4118 de
2776 4062 2980 4119 medio
3027 4061 3228 4131 vestri,
3257 4064 3314 4120 et
3341 4061 3624 4137 inclinate

1955 4153 2142 4210 corda
2161 4157 2362 4209 vestra
2393 4151 2471 4209 ad
2499 4152 2824 4210 Dominum
2847 4155 3035 4209 Deum
3067 4152 3268 4210 Israel.

2027 4245 2107 4298 De
2129 4230 2303 4298 Libro
2347 4243 2562 4299 Rasum.
2599 4241 2751 4299 Dixit
2798 4241 3039 4299 Samuel
3067 4241 3384 4328 propheta.
3417 4243 3451 4305 Ῑ
3471 4241 3618 4328 Reg.

1951 4348 2047 4400 xv,
2077 4331 2173 4403 22)
2200 4331 2400 4389 Melior
2451 4335 2540 4388 est
2577 4331 2740 4388 enim
2798 4327 3166 4403 obedientia,
3200 4347 3391 4411 quam
3447 4332 3617 4397 victi-

1953 4437 2091 4489 mae,
2137 4423 2194 4477 et
2232 4419 2570 4478 auscultare
2623 4422 2819 4492 magis
2870 4437 3060 4493 quam
3115 4421 3329 4486 offerre
3372 4422 3615 4502 adipem

1952 4511 2243 4578 arietum;
2277 4509 2569 4583 quoniam
2596 4511 2772 4584 quasi
2804 4513 3124 4584 peccatum
3177 4510 3473 4572 ariolandi
3503 4516 3611 4581 est,

1949 4616 2309 4676 repugnare,
2337 4604 2395 4658 et
2444 4601 2622 4674 quasi
2667 4600 2861 4657 scelus
2909 4599 3282 4676 idololatriae,
3315 4601 3474 4674 nolle
3516 4615 3614 4668 ac-

1947 4691 2273 4766 quiescere.
2471 4691 2480 4697 ’

1969 4786 1988 4792 ”
2018 4781 2101 4838 De
2130 4783 2459 4837 Pnorums.
2491 4779 2626 4854 (Isa.
2659 4795 2719 4850 v,
2763 4779 2854 4852 22)
2883 4781 2980 4836 Vae
3011 4779 3116 4857 qui
3169 4782 3444 4858 potentes
3467 4779 3609 4844 estis

1945 4870 2024 4928 ad
2049 4869 2384 4927 bibendum
2429 4867 2663 4938 vinum,
2696 4870 2753 4926 et
2777 4866 2887 4925 viri
2911 4867 3091 4943 fortes
3122 4863 3200 4934 ad
3229 4867 3606 4939 miscendam

1945 4960 2313 5017 ebrietatem.

2019 5048 2358 5106 Secundum
2390 5051 2703 5116 Museum,
2735 5047 2976 5121 (Matth.
2999 5064 3084 5117 ιιι,
3115 5048 3170 5116 2)
3194 5048 3603 5124 Paznitentiam

1943 5141 2098 5213 agite
2147 5158 2160 5196 :
2207 5137 2724 5213 appropinquabit
2769 5139 2929 5196 enim
2983 5155 3240 5210 regnum
3287 5139 3598 5200 caelorum.

1943 5230 2143 5304 (Ibid,
2176 5243 2230 5287 v.
2265 5231 2320 5301 8)
2349 5229 2539 5287 Facite
2569 5244 2712 5300 ergo
2736 5227 2997 5286 fructum
3027 5228 3283 5304 dignum
3311 5227 3603 5303 paenitet;-

1939 5321 2056 5379 tite.
2091 5318 2330 5393 (Matth.
2353 5336 2411 5393 v,
2445 5320 2532 5389 13)
2558 5321 2680 5376 Vos
2709 5319 2848 5376 estis
2877 5317 2968 5375 sal
2989 5321 3180 5377 terrae.
3221 5317 3395 5398 Quod
3427 5317 3481 5390 si
3508 5318 3600 5390 sal

1939 5410 2251 5469 evanuerit
2277 5410 2338 5467 in
2367 5426 2492 5484 quo
2520 5409 2763 5468 salietur
2787 5409 2819 5466 τ
2845 5409 3044 5484 (Ibid.,
3071 5426 3130 5484 v._
3155 5410 3238 5490 te)
3280 5409 3373 5482 Sic
3399 5408 3600 5482 luceat

1940 5563 2254 5634 causaest,
2283 5562 2425 5622 ante
2440 5557 2764 5634 Dominum
2785 5557 3195 5634 inrqmpectu
3219 5555 3599 5622 mandatum

1941 5635 1996 5686 et
2025 5622 2319 5704 iudicum,
2344 5629 2454 5704 qui
2468 5631 2709 5704 fuerint
2736 5622 2801 5690 in.
2827 5622 3033 5704 diebus
3053 5628 3201 5704 illis,

1938 5703 2196 5833 εειξθὲΐιιο
2244 5701 2471 5778 spettet
2512 5716 2632 5778 τοι
2677 5701 2814 5779 haec;
2853 5702 3138 5782 Beatam.
3173 5701 3459 5778 ignorare
3497 5714 3601 5772 me
