3950 6444
321 367 454 433 143i

1422 363 1479 417 S.
1521 358 1891 416 PRUDENTII
1929 355 2304 416 TRECENSIS
2356 359 2673 418 EPISCOPI

3633 359 3797 414 1432

317 479 424 546 lux
452 489 652 544 vestra
669 500 878 543 coram
901 484 1280 555 hominibus,
1299 488 1366 541 ut
1391 484 1638 540 videant
1664 485 1860 539 vestra
1887 480 1992 536 bo-
2019 487 2068 539 Α
2109 484 2324 541 Omnia
2353 501 2496 556 ergo
2521 499 2903 558 quaecunque
2930 481 3107 539 vultis
3132 485 3195 538 ut
3211 481 3436 539 faciant
3461 480 3644 537 vobis
3671 481 3803 537 ho-

319 594 404 637 na
427 593 637 652 opera,
666 581 722 633 et
754 574 1088 647 glorificent
1121 578 1355 632 Patrem
1401 578 1684 631 vestrum.
1717 572 1896 637 Ibid.,
1934 586 1986 626 υ.

326 667 415 740 19)
444 666 554 734 Qui
585 665 748 723 enim
773 663 1014 721 solverit
1042 679 1235 720 unum
1267 663 1342 720 de
1389 662 1693 720 mandatis
1720 660 1850 718 istis
1879 659 1993 716 mi-

322 755 528 827 nimis,
545 758 603 812 et
631 753 900 811 docuerit
924 751 1010 810 sic
1039 752 1340 824 homines,
1365 752 1653 808 minimus
1679 748 1997 808 vocabitur

325 847 391 904 in
419 860 607 916 regno
637 843 928 900 caelorum
957 861 970 911 ;
1005 843 1111 916 qui
1154 847 1358 900 autem
1390 842 1593 899 fecerit
1621 845 1678 898 et
1703 839 1992 904 docuerit,

325 935 424 994 hic
470 948 734 1005 magnus
795 931 1113 989 vocabitur
1158 932 1221 988 in
1276 946 1464 1002 regno
1513 930 1825 988 caelorum.
1877 919 1998 985 Nisi

329 1021 731 1082 abundaverit
751 1020 989 1092 justitia
1013 1026 1217 1078 vestra
1246 1019 1384 1094 plus
1412 1036 1600 1092 quam
1653 1018 1998 1076 Scribarum

329 1117 386 1170 et
415 1110 874 1174 Pharisaeorum,
907 1125 1033 1166 non
1077 1109 1376 1166 intrabitis
1426 1110 1487 1164 in
1528 1123 1786 1178 regnum
1824 1105 2002 1163 caelo-

330 1217 488 1261 rum.
509 1200 745 1257 Dictum
765 1204 854 1256 est
887 1198 1152 1272 antiquis
1175 1217 1187 1255 :
1209 1201 1336 1256 Non
1367 1196 1638 1264 occides;
1672 1194 1777 1269 qui
1798 1200 2002 1252 autem

335 1289 639 1360 occiderit,
672 1305 811 1345 reus
839 1288 950 1345 erit
968 1287 1216 1360 judicio.
1249 1294 1266 1316 '
1296 1287 1355 1345 Si
1382 1302 1525 1358 ergo
1552 1285 1916 1357 (Ibid.,v,23
1949 1290 2002 1341 et

335 1376 480 1449 seq.)
511 1374 726 1432 offeres
757 1391 983 1432 munus
1030 1380 1202 1433 tuum
1233 1375 1314 1432 ad
1359 1375 1565 1442 altare,
1597 1377 1655 1430 et
1693 1373 1777 1430 ibi
1807 1389 2004 1429 recor-

340 1465 521 1522 datus
549 1464 734 1521 fueris
763 1464 931 1538 quod
952 1465 1138 1522 frater
1169 1468 1305 1522 tuus
1329 1464 1513 1521 habet
1535 1462 1765 1536 aliquid
1793 1461 2007 1518 adver-

341 1571 479 1612 sum
508 1560 586 1623 te,
633 1553 904 1627 relinque
956 1554 1039 1611 ibi
1080 1571 1305 1611 munus
1338 1558 1509 1612 tuum
1541 1557 1681 1610 ante
1719 1552 1927 1621 altare,
1953 1555 2011 1608 et

340 1643 500 1700 vade
527 1642 698 1716 prius
732 1643 1112 1700 reconciliari
1142 1643 1309 1700 fratri
1335 1647 1459 1714 tuo,
1490 1647 1548 1699 et
1591 1646 1732 1699 tunc
1765 1641 2008 1697 veniens

343 1731 558 1788 offeres
587 1747 814 1788 munus
848 1735 1044 1790 tuum.
1077 1735 1217 1790 Esto
1248 1732 1634 1789 consentiens
1665 1730 2011 1787 adversario

2107 574 2321 644 mines,
2342 580 2398 631 et
2416 592 2526 630 vos
2548 574 2722 630 facite
2745 572 2875 629 illis.
2911 575 3128 628 Intrate
3149 587 3256 644 per
3285 574 3617 641 angustam
3641 586 3799 644 por-

2106 666 2249 720 tam.
2279 680 2417 736 quaa
2443 663 2604 720 ducit
2627 663 2706 719 ad
2731 662 2940 718 vitam.
2975 661 3217 730 (Matth.
3241 676 3302 725 x,
3327 663 3383 729 9)
3413 658 3604 716 Nolite
3633 674 3795 732 pos-

2107 750 2299 807 sidere
2329 767 2568 818 aurum,
2614 766 2811 824 neque
2842 753 3179 820 argentum,
3210 762 3409 821 neque
3438 747 3791 820 pecuniam

2108 840 2169 896 in
2198 841 2362 898 zonis
2406 841 2656 910 vestris;
2687 857 2812 896 non
2858 855 3067 913 peram
3124 838 3184 894 in
3229 838 3348 906 via,
3382 852 3582 910 neque
3613 837 3791 893 duas

2108 931 2364 996 tunicas,
2408 946 2605 1004 neque
2655 930 3084 999 calceamenta,
3131 942 3329 1000 neque
3378 926 3654 997 virgam;
3693 925 3794 982 di-

2110 1031 2266 1090 gnus
2295 1021 2384 1076 est
2407 1019 2568 1076 enim
2597 1019 2908 1092 operarius
2930 1017 3064 1074 cibo
3094 1033 3225 1074 suo.
3249 1017 3444 1087 (lbid.,
3466 1031 3520 1072 υ.
3547 1015 3641 1087 28)
3668 1018 3794 1071 Νο-

2109 1108 2207 1164 lite
2238 1109 2445 1165 timere
2473 1125 2598 1179 eos,
2630 1108 2733 1182 qui
2763 1107 3047 1165 occidunt
3093 1122 3333 1179 corpus,
3367 1104 3639 1162 animam
3678 1119 3796 1162 au-

2112 1202 2233 1254 tem
2264 1214 2384 1254 non
2407 1203 2662 1272 possunt
2681 1197 2954 1254 occidere
2980 1215 2992 1252 :
3018 1195 3124 1253 sed
3149 1195 3348 1269 potius
3367 1210 3510 1251 eum
3550 1194 3793 1263 timete,

2113 1288 2219 1360 qui
2246 1292 2444 1360 potest
2473 1287 2740 1344 animam
2791 1291 2848 1343 et
2894 1302 3114 1359 corpus
3141 1284 3391 1358 perdere
3445 1283 3507 1340 in
3556 1283 3798 1354 gehen-

2115 1392 2279 1433 nam.
2309 1376 2500 1448 (lbid.,
2525 1393 2578 1433 v.
2609 1377 2696 1447 37)
2726 1375 2836 1442 Qui
2864 1379 3031 1432 amat
3059 1379 3316 1448 patrem,
3367 1377 3471 1430 aut
3519 1375 3796 1429 matrem

2117 1465 2252 1538 plus
2281 1481 2468 1538 quam
2496 1481 2615 1533 me,
2648 1481 2770 1521 non
2823 1468 2913 1522 est
2936 1480 3032 1520 me
3083 1463 3331 1534 dignus,
3363 1467 3420 1519 et
3463 1461 3569 1534 qui
3611 1464 3798 1518 amat

2119 1555 2332 1625 ﬁlium,
2362 1560 2467 1612 aut
2513 1556 2700 1611 ﬁliam
2729 1571 2910 1628 super
2956 1570 3077 1624 me,
3105 1569 3228 1611 non
3272 1555 3361 1609 est
3406 1568 3504 1609 me
3532 1551 3793 1622 dignus.

2123 1645 2311 1716 (lbid.,
2333 1661 2385 1700 υ.
2409 1647 2496 1716 40)
2521 1644 2630 1710 Qui
2659 1645 2867 1716 recipit
2893 1660 3021 1706 vos,
3051 1658 3146 1700 me
3177 1642 3404 1715 recipit.
3427 1640 3798 1712 Quicunque

2119 1737 2332 1806 potum
2358 1733 2588 1790 dederit
2617 1733 2720 1788 uni
2745 1749 2818 1790 ex
2849 1732 3118 1788 minimis
3163 1731 3290 1788 istis
3331 1730 3579 1787 calicem
3607 1744 3796 1801 aquae

341 1824 447 1878 tuo
477 1821 594 1878 cito
623 1820 772 1877 dum
803 1837 867 1876 es
896 1820 959 1878 in
983 1821 1084 1878 via
1111 1837 1251 1878 cum
1300 1837 1391 1878 eo.
1419 1821 1614 1889 (lbid.,
1650 1837 1702 1877 υ.
1737 1820 1847 1891 28).
1879 1821 2013 1876 Om-
2044 1841 2084 1895 Β
2124 1822 2376 1891 frigidae,
2404 1837 2583 1877 amen
2637 1821 2772 1878 dico
2817 1821 2971 1877 vibis
3015 1836 3138 1876 non
3186 1819 3397 1892 perdet
3443 1816 3796 1875 mercedem

342 1909 460 1981 nis,
519 1909 625 1983 qui
675 1909 892 1966 viderit
943 1910 1260 1967 mulierem
1321 1911 1400 1966 ad
1458 1909 2014 1982 concupiscendum

341 2015 502 2069 eam,
529 1999 660 2071 jam
685 2000 1025 2057 moechatus
1055 2004 1144 2057 est
1173 2016 1312 2058 eam
1344 2000 1405 2056 in
1436 1999 1617 2056 corde
1649 2015 1778 2056 suo.

417 2088 608 2161 (lbid.,
641 2104 696 2144 υ.
725 2090 815 2161 32)
839 2089 950 2156 Qui
980 2089 1273 2148 dimiserit
1302 2105 1553 2147 uxorem
1583 2105 1782 2158 suam,
1808 2104 2015 2160 excep'

344 2181 409 2236 ta
433 2177 848 2235 fornicationis
881 2194 1091 2242 causa,
1131 2179 1275 2236 facit
1303 2194 1440 2236 eam
1485 2178 1797 2242 moecbari,
1831 2182 1888 2234 et
1914 2175 2020 2244 qui

349 2266 676 2324 dimissam
704 2267 942 2324 duxerit
966 2267 1282 2326 adulterat.
1327 2269 1559 2325 Dictum
1589 2271 1678 2324 est
1707 2266 1969 2339 antiquis
2003 2294 2015 2332 ε

349 2360 480 2413 Non
507 2355 853 2429 perjurabis
878 2375 891 2425 ;
915 2357 1132 2414 reddes
1163 2361 1368 2414 autem
1395 2357 1648 2414 Domino
1673 2357 2022 2428 juramenta

351 2448 478 2502 tua.
511 2447 643 2501 Non
674 2445 878 2516 jurare
925 2446 1199 2517 omnino,
1231 2463 1430 2520 neque
1460 2463 1568 2520 per
1597 2446 1839 2517 coelum,
1875 2445 2022 2518 quia

353 2532 610 2589 thronus
641 2531 742 2588 Dei
787 2536 907 2602 est;
935 2549 1133 2607 neque
1180 2550 1288 2608 per
1333 2541 1575 2605 terram,
1604 2533 1748 2608 quia
1795 2532 2023 2590 scabel-

355 2620 484 2678 lum
512 2621 741 2695 pedum
771 2622 905 2694 ejus
933 2626 1023 2679 est
1050 2641 1063 2693 ;
1097 2639 1294 2698 neque
1320 2640 1428 2697 per
1459 2629 1641 2698 caput
1664 2629 1838 2680 tuum
1859 2624 2023 2694 jura-

356 2709 495 2780 bis;
529 2709 603 2768 sit
645 2713 848 2767 autem
876 2726 1074 2768 sermo
1118 2715 1335 2776 vester,
1369 2716 1476 2782 est,
1535 2715 1622 2769 est
1653 2731 1665 2768 :
1694 2727 1817 2768 non
1862 2726 2020 2780 non;

358 2799 526 2873 quod
590 2802 793 2856 autem
847 2800 940 2856 his
1007 2800 1418 2858 abundantius
1467 2805 1573 2871 est,
1622 2817 1658 2858 a
1702 2801 1864 2858 malo
1908 2805 2020 2857 est.

359 2886 553 2958 (lbid,,
585 2903 642 2944 υ.
677 2889 765 2961 39)
797 2891 925 2945 Non
954 2889 1228 2946 resistere
1268 2889 1430 2947 malo
1465 2907 1478 2946 :
1519 2890 1566 2946 si
1595 2890 1734 2963 quis
1790 2894 1844 2946 te
1892 2905 2022 2963 per-

363 2976 614 3032 cusserit
646 2976 708 3032 in
737 2977 1050 3034 dexteram
1079 2978 1415 3047 maxillam,
1443 2979 1647 3053 prwbe
1677 2979 1759 3035 illi
1792 2984 1848 3036 et
1881 2979 2023 3036 alte-

359 3081 513 3122 ram.
563 3067 628 3122 Et
655 3065 730 3132 ei,
762 3066 869 3140 qui
898 3067 1024 3123 vult
1053 3071 1251 3124 tecum
1295 3068 1524 3140 judicio
1554 3067 1934 3137 contendere,
1969 3071 2028 3125 et

360 3153 629 3211 tunicam
654 3157 822 3213 tuam
852 3155 1076 3227 tollere,
1106 3156 1334 3215 dimitte
1362 3157 1414 3215 ei
1435 3161 1494 3214 et
1520 3157 1806 3232 pallium;
1835 3161 1893 3216 et
1919 3157 2026 3231 qui

360 3247 416 3301 te
438 3243 842 3316 angariaverit
863 3245 1024 3302 mille
1049 3262 1292 3320 passus,
1321 3247 1478 3304 vade
1515 3263 1655 3304 cum
1680 3247 1780 3305 illo
1807 3252 1864 3304 et
1909 3247 2027 3304 alia
2055 3235 2096 3256 υ

360 3331 504 3389 duo.
541 3333 653 3399 Qui
677 3333 824 3406 petit
853 3350 890 3392 a
917 3339 994 3404 te,
1027 3335 1107 3392 da
1136 3336 1210 3408 ei,
1243 3336 1467 3394 volenti
1497 3337 1761 3394 mutuari
1785 3342 1922 3406 ate,
1951 3352 2028 3392 ne

362 3422 670 3481 avertatis.
705 3423 950 3494 (Matth.
980 3441 1038 3490 v,
1070 3428 1160 3493 44)
1190 3425 1420 3496 Diligite
1468 3426 1744 3484 inimicos
1772 3431 2027 3497 vestros,

362 3509 700 3567 benefacite
748 3511 844 3567 his
871 3512 977 3585 qui
1007 3512 1268 3570 oderunt
1296 3531 1407 3571 vos
1436 3535 1448 3572 :
1484 3520 1542 3571 et
1567 3520 1734 3573 orate
1763 3531 1874 3589 pro
1902 3532 2033 3590 per-

367 3598 782 3672 sequentibus,
813 3604 873 3656 et
900 3600 1416 3659 calumniantibus
1464 3620 1575 3660 vos
1605 3603 1796 3676 (Ibid.,
1829 3620 1883 3662 v.
1912 3608 2026 3665 48).

366 3689 563 3744 Estote
607 3702 752 3759 ergo
803 3704 911 3744 vos
961 3690 1229 3763 perfecti,
1277 3692 1432 3750 sicut
1497 3698 1554 3749 et
1612 3698 1783 3766 pater
1838 3699 2034 3751 vester

366 3775 624 3833 caelestis
654 3776 953 3850 perfectus
980 3783 1072 3836 est
1099 3780 1336 3852 (Matth.
1362 3797 1442 3850 v1,
1483 3787 1498 3837 l
1539 3789 1594 3839 et
1621 3787 1786 3855 seq.).
1838 3785 2034 3840 Atten-

366 3865 486 3923 dite
515 3881 593 3922 ne
612 3865 908 3938 justitiam
937 3870 1200 3925 vestram
1243 3869 1476 3927 faciatis
1531 3887 1735 3928 coram
1779 3873 2036 3929 homini-

367 3953 506 4023 bus,
539 3958 604 4012 ut
624 3955 952 4013 videamini
982 3957 1061 4014 ab
1089 3957 1204 4015 eis:
1241 3958 1509 4032 alioquin
1532 3961 1878 4017 mercedum
1911 3977 2034 4019 non

367 4042 672 4100 habebitis
707 4045 872 4118 apud
914 4051 1152 4119 patrem
1199 4053 1488 4106 vestrum.
1519 4053 1667 4108 Cum
1712 4066 1856 4122 ergo
1886 4051 2033 4108 facis

370 4130 846 4207 eleemosynam,
878 4135 1003 4192 noli
1031 4136 1182 4193 tuba
1210 4154 1424 4195 canere
1457 4143 1595 4196 ante
1637 4144 1712 4209 te,
1747 4140 1897 4197 sicut
1927 4141 2037 4213 hy-

370 4222 618 4294 pocrita:
657 4223 906 4281 faciunt.
941 4227 1016 4282 Te
1047 4230 1250 4283 autem
1277 4227 1531 4285 faciente
1560 4229 2035 4303 eleemosynam,

371 4311 605 4369 nesciat
633 4313 879 4371 sinistra
899 4318 1003 4371 tua
1032 4316 1200 4389 quod
1230 4316 1410 4375 faciat
1429 4317 1642 4377 dextra
1667 4324 1790 4378 tua.
1811 4324 1878 4378 Et
1897 4337 2038 4377 cum

372 4399 582 4470 oratis,
607 4416 755 4471 non,
789 4402 947 4460 eritis
978 4404 1130 4461 sicut
1159 4406 1491 4480 hypocrita;
1517 4429 1529 4476 ;
1563 4415 1804 4468 orantes
1833 4415 2037 4468 autem

373 4487 556 4546 nolite
578 4489 838 4548 multum
868 4491 1052 4567 loqui.
1080 4493 1171 4550 Sic
1211 4511 1355 4567 ergo
1387 4498 1634 4555 orabitis
1668 4517 1680 4556 :
1716 4503 1884 4557 Pater
1931 4517 2036 4558 no-

374 4581 515 4648 ster,
543 4579 650 4658 qui
672 4595 736 4636 es
765 4580 827 4637 in
868 4559 1053 4652 caelis,
1086 4586 1196 4640 etc.
1233 4559 1423 4659 (ἰδίειν
1465 4603 1521 4643 υ.
1557 4587 1642 4661 14)
1676 4589 1732 4647 Si
1762 4589 1923 4646 enim
1954 4590 2039 4646 di-
2071 4559 2111 4611 υ

376 4667 656 4724 miseritis
701 4669 1054 4728 hominibus
1099 4679 1350 4746 peccata
1375 4691 1586 4734 eorum
1619 4695 1632 4734 :
1665 4682 1724 4734 et
1751 4681 1924 4735 Pater
1944 4696 2041 4736 ve-

375 4759 497 4814 ster
520 4758 773 4816 caelestis
825 4759 1081 4819 dimittet
1118 4763 1292 4820 vobis
1343 4770 1591 4838 peccata
1619 4771 1822 4825 vestra
1847 4769 2040 4842 (lbid.,

371 4862 431 4904 υ.
469 4847 556 4921 l9)
587 4847 773 4906 Nolite
802 4850 1202 4910 thesaurizare
1231 4854 1408 4912 vobis
1441 4857 1756 4916 thesauros
1776 4859 1838 4915 in
1865 4862 2040 4918 terra.

377 4935 571 5026 (ibim,
599 4953 655 4994 υ.
687 4939 779 5011 34)
810 4940 998 4998 Nolite
1029 4957 1173 5026 ergo
1195 4959 1325 5000 esse
1347 4944 1582 5002 solliciti
1608 4946 1670 5003 in
1691 4949 2040 5007 crastinum.

375 5025 623 5094 (Matth.
653 5043 752 5096 vn,
787 5028 808 5083 l
843 5035 898 5087 et
943 5025 1202 5105 subseq.)
1251 5032 1439 5091 Nolite
1475 5035 1769 5107 judicare,
1811 5041 1876 5095 ut
1921 5053 2045 5095 non

371 5113 776 5185 judicemini:
824 5118 886 5175 in
940 5136 1065 5193 quo
1119 5121 1280 5178 enim
1329 5123 1559 5194 judicio
1606 5126 2042 5199 judicaveritis,

367 5201 813 5275 judicabimini,
870 5209 1014 5264 etin
1043 5225 1168 5282 qua
1211 5227 1498 5270 mensura
1545 5215 1741 5270 mensi
1791 5215 2042 5286 fueritis,

370 5293 716 5351 remetietur
745 5295 937 5354 vobis.
971 5298 1141 5369 Ibid.,
1175 5315 1230 5356 υ.
1265 5301 1320 5373 6)
1352 5302 1540 5360 Nolite
1596 5305 1740 5361 dare
1765 5312 2046 5365 sanctum

373 5380 628 5439 canibus
658 5402 671 5440 :
706 5399 904 5458 neque
933 5386 1177 5446 mittatis
1223 5393 1591 5459 margaritas
1637 5399 1867 5452 vestras
1907 5402 2045 5456 ante

388 5481 627 5542 porcos.
674 5472 851 5530 Petite
882 5477 939 5531 et
965 5475 1207 5534 dabitur
1243 5478 1420 5536 vobis
1453 5499 1466 5548 ;
1500 5484 1754 5555 quarite,
1797 5489 1854 5541 et
1882 5484 2045 5542 inve-

371 5557 547 5615 nietis
575 5579 588 5628 ;
618 5561 878 5635 pulsate,
923 5567 982 5622 et
1022 5566 1320 5638 aperietur
1359 5569 1552 5627 vobis.
1606 5573 1798 5644 (lbid.,
1849 5589 1904 5631 υ.
1955 5575 2038 5648 t2)

441 5691 480 5770 ί
495 5683 743 5770 Y‘idet‘ur
760 5690 1056 5770 nonnulla
1084 5692 1314 5770 deesse.
1343 5710 1477 5766 quae
1509 5712 1582 5752 ex
1614 5699 1884 5756 Mattheeo
1903 5700 2038 5770 ipsa

376 5753 720 5842 iupplenda
749 5759 895 5842 sint._
911 5763 1043 5818 Haec
1058 5778 1251 5842 porro
1279 5753 1473 5842 habet,
1518 5753 1874 5842 Matthteus":
1907 5753 2038 5842 Ego

373 5827 570 5878 autem
600 5826 732 5883 άίσθ
759 5829 939 5897 υοῦίε,
963 5826 1105 5902 quia
1133 5837 1324 5898 omnis
1368 5841 1476 5922 qui
1511 5840 1800 5905 irascitur
1835 5826 2034 5918 fratri

2123 1927 2320 1968 suam.
2369 1911 2612 1983 (Matth.
2644 1928 2723 1978 x1,
2755 1911 2843 1982 29)
2875 1911 3075 1967 Tollite
3101 1911 3318 1982 jugum
3366 1925 3570 1964 meum
3604 1922 3799 1980 super

2127 2018 2252 2071 vos,
2279 2005 2336 2058 et
2365 2001 2569 2057 diciste
2593 2017 2629 2057 a
2658 2017 2753 2057 me
2783 2000 2928 2073 quia
2953 2000 3113 2056 mitis
3142 2015 3277 2054 sum
3301 2002 3357 2055 et
3385 1997 3630 2054 humilis
3664 2012 3798 2052 cor-

2128 2090 2222 2158 de,
2237 2095 2294 2146 et
2307 2089 2652 2146 inveniestis
2666 2090 2935 2162 requiem
2952 2087 3278 2144 animabus
3293 2086 3525 2143 vestris.
3543 2085 3792 2155 (Matth.

2127 2197 2207 2247 1x,
2271 2179 2356 2251 l3)
2430 2177 2892 2235 Misericordiam
2935 2177 3094 2246 volo,
3141 2181 3198 2233 et
3240 2192 3364 2233 non
3404 2174 3794 2232 sacrificium.

2129 2269 2368 2339 (Matth.
2398 2281 2500 2339 xu,
2524 2270 2610 2339 36)
2645 2270 2832 2325 Omne
2853 2267 3107 2324 verbum
3128 2267 3388 2324 otiosum
3416 2265 3584 2339 quod
3603 2263 3796 2320 locuti

2129 2357 2346 2413 fuerint
2391 2356 2687 2426 homines,
2737 2356 2989 2413 reddent
3033 2355 3328 2412 rationem
3377 2353 3452 2410 de
3493 2369 3565 2410 eo
3603 2353 3667 2410 in
3697 2352 3795 2409 die

2124 2445 2354 2518 judicii.
2391 2449 2470 2502 Ex
2501 2446 2700 2502 verbis
2748 2446 2907 2502 enim
2956 2445 3072 2502 tuis
3114 2443 3560 2516 justiﬁcaberis,
3611 2446 3672 2499 et
3718 2457 3796 2498 ex

2131 2535 2328 2591 verbis
2359 2535 2474 2592 tuis
2504 2533 3025 2592 condemnaberis.
3061 2532 3304 2606 (Matth.
3336 2551 3434 2602 xv,
3467 2533 3522 2603 4)
3547 2532 3796 2588 Honora

2130 2628 2365 2698 patrem
2414 2628 2471 2680 et
2518 2628 2797 2696 matrem,
2831 2627 2888 2681 et
2935 2624 3042 2697 qui
3092 2621 3466 2680 maledixerit
3513 2620 3668 2694 patri
3697 2618 3792 2676 vel

2132 2713 2329 2783 matri,
2355 2718 2545 2770 morte
2567 2713 2877 2770 moriatur.
2911 2712 3265 2785 Quicunque
3295 2710 3509 2768 dixerit
3523 2709 3682 2783 patri
3701 2707 3795 2764 vel

2133 2803 2309 2859 matri
2342 2820 2354 2858 :
2389 2805 2601 2858 Munus
2655 2802 3062 2875 quodcunque
3091 2806 3180 2858 est
3207 2816 3280 2857 ex
3309 2799 3552 2872 me,tibi
3580 2796 3797 2872 prode-

2133 2893 2225 2961 rit,
2245 2896 2303 2948 et
2331 2907 2453 2948 non
2486 2891 2909 2949 honoriﬁcabit
2935 2895 3168 2964 patrem
3196 2907 3375 2947 suum
3406 2892 3510 2946 aut
3536 2891 3796 2944 matrem

2135 2997 2308 3038 suam
2327 2999 2338 3038 :
2366 2986 2422 3038 et
2440 2981 2671 3038 irritum
2693 2980 2910 3037 fecistis
2930 2980 3287 3037 mandatum
3305 2979 3405 3036 Dei
3420 2981 3664 3052 propter
3680 2981 3798 3032 tra-

2134 3071 2422 3128 ditionem
2465 3075 2748 3128 vestram.
2799 3069 3036 3142 (Matth.
3069 3085 3192 3142 xvr,
3240 3072 3334 3137 24)
3381 3067 3437 3124 Si
3479 3066 3617 3141 quis
3665 3064 3796 3122 vult

2137 3164 2270 3233 post
2296 3177 2394 3217 me
2423 3159 2646 3228 venire,
2670 3159 2929 3228 abneget
2959 3158 3368 3232 semetipsum,
3391 3161 3447 3214 et
3474 3155 3640 3213 tollat
3657 3168 3796 3210 cru-

2137 3266 2268 3306 cem
2299 3265 2496 3317 suam,
2521 3253 2578 3305 et
2606 3253 2892 3322 sequatur
2920 3264 3037 3304 me.
3073 3248 3184 3315 Qui
3215 3247 3374 3303 enim
3403 3244 3656 3303 voluerit
3669 3241 3797 3300 ani-

2136 3356 2302 3397 mam
2333 3356 2510 3396 suam
2541 3338 2772 3396 salvam
2795 3337 3008 3406 facere,
3031 3337 3242 3412 perdet
3269 3353 3405 3394 eam
3431 3355 3444 3394 :
3469 3335 3574 3409 qui
3593 3337 3796 3392 autem

2136 3428 2463 3503 perdiderit
2511 3428 2780 3485 aminam
2837 3442 3014 3483 suam
3062 3430 3308 3500 propter
3363 3441 3481 3495 me,
3533 3422 3797 3481 inveniet

2140 3534 2298 3574 eam.
2332 3517 2482 3585 Quid
2513 3517 2674 3573 enim
2704 3516 2953 3590 prodest
2979 3515 3234 3588 homini,
3267 3514 3316 3571 si
3345 3513 3644 3572 mundum
3675 3511 3800 3567 uni-

2138 3624 2386 3664 versum
2429 3607 2712 3678 lucretur,
2744 3608 2963 3663 animae
3011 3621 3154 3664 vero
3203 3621 3328 3662 suae
3373 3603 3796 3661 detrimentum

2139 3698 2444 3771 patiatur?
2473 3697 2692 3753 Matth.
2742 3712 2906 3756 xvm.
2955 3697 3011 3767 3)
3044 3697 3236 3752 Amen
3279 3695 3416 3751 dico
3461 3692 3655 3758 vobis,
3681 3689 3795 3746 nisi

2142 3785 2416 3844 conversi
2445 3785 2691 3854 fueritis,
2725 3788 2782 3840 et
2810 3783 3156 3840 eﬂiciamini
3186 3783 3337 3840 sicut
3388 3779 3644 3857 parvuli,
3675 3794 3798 3835 non

2141 3875 2435 3932 intrabitis
2482 3874 2544 3930 in
2572 3890 2826 3946 regnum
2869 3873 3178 3931 caelorum.
3213 3873 3400 3946 (Ibid.,
3432 3887 3487 3929 υ.
3521 3873 3552 3926 6
3578 3876 3632 3927 et
3657 3867 3796 3940 seq.)

2145 3964 2256 4032 Qui
2287 3968 2489 4020 autem
2542 3963 3036 4021 scandalizaverit
3065 3979 3256 4020 unum
3285 3962 3362 4019 de
3391 3959 3623 4035 pusillis
3649 3959 3794 4024 istis,

2143 4054 2249 4127 qui
2278 4053 2339 4108 in
2368 4069 2465 4109 me
2495 4053 2765 4124 credunt,
2783 4052 3025 4126 expedit
3053 4052 3192 4108 eiut
3215 4050 3620 4124 suspendatur
3640 4046 3795 4104 mola

2148 4141 2412 4199 asinaria
2459 4142 2519 4198 in
2568 4141 2724 4198 collo
2772 4142 2923 4212 ejus,
2957 4146 3015 4198 et
3043 4141 3426 4212 demergatur
3472 4139 3531 4195 in
3561 4135 3796 4212 profun-

2147 4232 2293 4289 dum
2343 4231 2550 4287 maris.
2585 4233 2681 4286 Vae
2729 4231 2962 4287 mundo
2994 4247 3030 4288 a
3059 4229 3384 4287 scandalis.
3419 4231 3665 4285 Necesse
3713 4228 3796 4279 est

2147 4321 2329 4389 enim,
2363 4325 2429 4377 ut
2479 4320 2720 4377 veniant
2771 4320 3061 4377 scandala
3093 4337 3106 4375 :
3140 4323 3557 4376 verumtamen
3584 4332 3670 4371 vae
3695 4314 3796 4369 ho-

2147 4410 2297 4466 mini
2343 4409 2446 4478 illi,
2478 4425 2586 4482 per
2634 4425 2817 4482 quem
2869 4408 3226 4466 scandalum
3270 4408 3446 4471 venit.
3501 4406 3558 4464 Si
3604 4408 3796 4462 autem

2150 4515 2370 4557 manus
2401 4503 2523 4558 tua.
2555 4498 2649 4554 vel
2669 4515 2775 4572 pes
2806 4501 2943 4555 tuus
2970 4497 3335 4555 scandalizat
3363 4502 3418 4554 te
3457 4511 3595 4552 erue
3640 4508 3793 4560 eum,

2152 4593 2208 4645 et
2234 4587 2458 4662 projice
2499 4587 2608 4644 abs
2639 4593 2716 4644 te.
2749 4588 2956 4645 Videte
2984 4603 3060 4644 ne
3089 4586 3483 4644 contemnatis
3515 4600 3697 4641 unum
3727 4599 3793 4638 cx

2151 4677 2384 4751 pusillis
2431 4678 2582 4748 istis,
2631 4677 2736 4750 qui
2783 4677 2848 4733 in
2894 4693 2992 4734 me
3036 4677 3288 4733 credunt
3334 4675 3528 4744 (Ibid.,
3557 4689 3610 4730 υ.
3649 4672 3709 4726 15
3745 4678 3793 4728 et

2151 4767 2316 4839 seq.).
2366 4766 2422 4824 Si
2452 4771 2655 4824 autem
2701 4766 3039 4840 peccaverit
3065 4766 3126 4822 in
3157 4770 3211 4822 te
3242 4766 3420 4822 frater
3450 4769 3603 4828 tuus,
3635 4761 3794 4829 vade,

2154 4861 2212 4914 et
2235 4856 2466 4930 corripe
2496 4871 2637 4912 eum
2665 4857 2819 4912 inter
2847 4860 2923 4926 te,
2955 4859 3012 4912 et
3042 4855 3247 4928 ipsum
3278 4853 3511 4910 solum:
3540 4851 3590 4908 si
3618 4856 3671 4907 te
3699 4866 3797 4906 au-

2155 4944 2346 5014 dierit,
2393 4943 2660 5001 lucratus
2701 4944 2815 5001 eris
2859 4943 3106 5001 fratrem
3154 4948 3345 5000 tuum.
3401 4941 3457 4998 Si
3501 4943 3695 4996 autem
3745 4944 3796 4994 te

2154 5051 2277 5092 non
2309 5034 2580 5106 audierit,
2613 5033 2834 5091 adhibe
2865 5038 3062 5091 tecum
3093 5049 3306 5103 unum,
3336 5031 3432 5088 vel
3457 5031 3628 5096 duos,
3651 5033 3713 5084 ut
3739 5029 3795 5084 in

2156 5140 2254 5182 ore
2285 5124 2568 5192 duorum,
2584 5123 2680 5180 vel
2705 5125 2885 5180 trium
2908 5123 3144 5180 testium
3169 5127 3278 5179 stet
3306 5136 3484 5178 omne
3516 5118 3790 5175 verbum:

2154 5214 2322 5290 quod
2353 5214 2400 5269 si
2431 5229 2556 5270 non
2585 5213 2840 5270 audierit
2868 5229 2992 5281 eos,
3038 5212 3133 5269 dic
3184 5211 3478 5268 Ecclesiae.
3530 5209 3714 5280 (lbid.,
3743 5224 3789 5264 υ.

2154 5306 2245 5377 2i)
2294 5307 2494 5361 Petrus
2542 5302 2691 5360 dixit
2738 5320 2750 5358 :
2803 5303 3075 5370 Domine,
3136 5301 3371 5375 quoties
3427 5297 3687 5372 peccabit
3740 5296 3792 5353 in

2154 5412 2252 5452 me
2281 5395 2461 5451 frater
2505 5409 2699 5465 meus,
2731 5398 2788 5450 et
2831 5393 3128 5449 dimittam
3177 5393 3276 5448 ei?
3304 5405 3498 5463 usque
3547 5386 3793 5460 septies?

2155 5485 2308 5541 Dixit
2354 5484 2406 5540 ei
2451 5487 2592 5541 Jesu
2624 5501 2637 5538 :
2671 5499 2795 5540 non
2849 5483 2985 5538 dico
3024 5481 3128 5538 tibi
3173 5495 3362 5554 usque
3413 5477 3648 5552 septies,
3697 5473 3794 5532 sed

2153 5590 2344 5648 usque
2411 5573 2754 5647 septuagies
2820 5572 3061 5646 septies.
3123 5571 3363 5640 (Matth.
3415 5585 3536 5639 Xlx,
3596 5571 3648 5626 3)
3698 5572 3793 5621 Ac-

2150 5717 2276 5767 suo,
2311 5715 2448 5756 reus
2478 5701 2589 5755 erit
2628 5700 2862 5769 judicio
2891 5715 2912 5753 .·
2941 5699 3048 5769 qui
3099 5703 3296 5754 autem
3352 5695 3773 5769 dz'z‘eritfratr

2149 5788 2275 5839 suo,
2309 5787 2476 5836 raca,
2519 5767 2652 5826 reus
2699 5772 2812 5827 erit
2863 5767 3134 5826 concilio.
3173 5771 3290 5837 Qui
3334 5773 3533 5826 autem
3566 5767 3791 5822 dixerit’

2151 5845 2341 5911 fatue,
2375 5857 2510 5898 reus
2543 5843 2652 5898 erit
2681 5842 2970 5911 gehenme
2999 5842 3176 5912 ignis.
