3950 6390
163 284 294 338 1433

1244 279 1710 338 FLORILEGIUM
1749 280 1834 337 EX
1873 280 2101 339 SACRA
2139 283 2550 343 SCRIPTURA.

3453 289 3592 345 1434

151 407 459 462 cesserunt
476 403 764 461 Pharisaai
786 404 1089 462 dicentes:
1122 406 1172 462 si
1201 405 1337 463 licet
1355 405 1587 463 homini
1608 403 1809 461 dimit-
1841 412 1888 466 A
1922 405 2110 477 (Rom.
2162 425 2242 465 vn
2287 413 2365 477 2).
2409 413 2549 476 Quae
2571 409 2684 466 sub
2733 409 2861 467 viro
2920 413 3010 467 est
3055 411 3290 481 mulier,
3356 411 3591 470 vivente

152 497 270 551 tere
300 509 550 550 uxorem
573 509 748 550 suam
773 510 1143 568 quacunque
1188 511 1262 552 ex
1291 511 1480 552 causa
1502 497 1530 551 ί.)
1569 497 1812 566 Propter

151 584 264 641 hoc
289 583 584 656 relinquet
613 583 800 640 homo
823 587 1078 657 patrem,
1103 588 1161 640 et
1179 588 1436 642 matrem
1464 588 1520 641 et
1549 582 1814 640 adhaere-

153 673 240 730 bit
258 673 430 730 uxori
459 690 606 741 suae,
630 677 688 730 et
715 677 891 730 erunt
917 675 1041 730 duo
1071 673 1133 730 in
1163 689 1344 730 carne
1373 689 1510 730 una.
1534 673 1729 745 (lbid.,
1752 688 1809 743 υ,

155 768 209 832 6)
240 764 350 830 Qui
393 763 769 838 respondens
799 764 916 820 ait:
952 764 1104 830 Quia
1130 765 1477 837 quicunque
1523 762 1814 820 dimiserit

155 868 406 910 uxorem
427 869 622 923 suam,
646 852 762 908 nisi
787 852 867 908 ob
898 853 1376 917 fornicationem,
1399 858 1458 910 et
1493 853 1676 910 aliam
1706 851 1814 908 du-

154 941 322 1014 xerit,
354 943 692 1000 mmchatur
711 945 770 999 et
797 942 902 1015 qui
923 942 1244 999 dimissam
1267 941 1518 1010 duxerit,
1549 941 1814 1000 moecha-

154 1036 269 1088 tur.
294 1033 490 1105 (lbid.,
523 1049 579 1090 υ.
617 1037 676 1089 l7
699 1037 757 1090 et
785 1033 931 1104 seq.)
959 1033 1016 1089 Si
1037 1037 1239 1089 autem
1266 1032 1356 1088 vis
1395 1032 1475 1089 ad
1497 1032 1685 1090 vitam
1726 1031 1816 1087 in-

155 1121 343 1192 gredi,
370 1138 546 1180 serva
597 1122 914 1179 mandata.
975 1126 1104 1179 Non
1156 1122 1553 1178 homicidium
1607 1122 1811 1189 facies,

151 1224 275 1268 non
301 1211 692 1276 adulterabis,
738 1227 862 1269 non
905 1211 1088 1269 facies
1137 1211 1532 1282 furtum,non
1591 1211 1814 1268 falsum

151 1299 567 1358 testimonium
589 1300 773 1357 dices.
806 1301 1048 1358 Honora
1067 1287 1326 1375 patrem,
1369 1305 1427 1358 et
1457 1305 1736 1364 matrem,
1758 1304 1817 1357 et

149 1389 364 1460 diliges
384 1391 730 1464 proximum
757 1395 926 1448 tuum
963 1391 1114 1448 sicut
1138 1391 1418 1464 teipsum.
1453 1391 1668 1448 Omnia
1686 1391 1816 1447 haec

151 1478 450 1535 custodivi
483 1497 496 1535 :
525 1479 676 1552 quid
706 1479 906 1536 adhuc
937 1479 1084 1536 mihi
1113 1480 1282 1536 deest
1313 1480 1340 1534 ?
1373 1479 1469 1537 Ait
1496 1480 1580 1536 ilii
1607 1483 1811 1536 Jesus:

152 1567 203 1622 si
232 1568 324 1623 vis
356 1567 658 1640 perfectus
691 1584 846 1637 esse,
871 1568 1024 1624 vade
1047 1568 1243 1624 vende
1272 1569 1501 1636 omnia,
1532 1585 1669 1642 quae
1709 1570 1816 1625 ha-

151 1653 281 1724 bes,
311 1659 368 1712 et
391 1656 474 1713 da
501 1656 896 1730 pauperibus,
928 1661 986 1712 et
1015 1657 1169 1727 veni,
1198 1673 1451 1730 sequere
1471 1663 1596 1730 me,
1629 1662 1687 1715 et
1704 1658 1815 1714 ha-

1921 495 2069 564 viro,
2110 497 2353 570 alligata
2380 505 2467 558 est
2517 500 2682 571 legi:
2735 499 2781 556 si
2833 504 3037 557 autem
3088 506 3362 558 mortuus
3407 501 3594 560 fuerit

1919 584 2008 641 vir
2033 586 2184 658 ejus,
2229 587 2486 646 liberata
2513 594 2601 646 est
2646 589 2836 659 alege
2866 590 3015 646 viri:
3072 590 3271 660 igitur,
3330 590 3467 647 vive
3490 594 3591 648 nte

1918 673 2068 740 viro,
2095 677 2410 735 vocabitur
2437 678 2709 736 adultera
2764 678 2811 734 si
2851 677 3025 735 fuerit
3075 695 3214 736 cum
3272 679 3390 736 alio
3434 679 3587 737 viro.

1921 764 2212 842 (Rom.xn
2241 771 2367 834 t,et
2397 768 2542 839 seq.)
2599 767 2866 825 Obsecro
2913 768 3118 841 itaque
3169 783 3297 838 vos,
3356 767 3589 839 fratres,

1919 868 2028 925 per
2081 855 2557 914 misericordiam
2611 857 2734 927 Dei,
2810 861 2874 914 ut
2947 857 3277 914 exliibeatis
3334 873 3592 931 corpora

1920 946 2116 1000 vestra
2169 945 2430 1002 hostiam
2511 946 2834 1017 viventem,
2909 951 3203 1016 sanctam,
3270 950 3388 1003 Deo
3458 946 3590 1020 pla-

1920 1037 2177 1104 centem,
2225 1035 2581 1091 rationabile
2641 1035 3006 1109 obsequium
3063 1041 3346 1092 vestrum.
3397 1037 3584 1109 (Rom.

1921 1138 2041 1189 xm,
2081 1123 2128 1194 1)
2179 1124 2387 1180 Omnis
2434 1125 2640 1182 anima
2689 1126 3085 1198 potestatibus
3126 1126 3583 1183 sublimioribus

1923 1211 2168 1269 subdita
2192 1213 2455 1282 sit;non
2505 1219 2600 1270 est
2655 1215 2818 1271 enim
2871 1219 3140 1288 potestas
3183 1215 3295 1271 nisi
3351 1232 3389 1272 a
3419 1217 3588 1271 Deo:

1923 1316 2061 1372 quae
2089 1305 2293 1358 autem
2323 1307 2461 1359 sunt
2483 1319 2519 1358 τι
2557 1305 2675 1360 Deo
2707 1303 2999 1360 ordinatae
3045 1309 3202 1360 sunt.
3237 1309 3442 1378 Itaque
3484 1304 3592 1377 qui

1923 1389 2142 1446 resistit
2162 1391 2459 1462 potestati,
2493 1391 2594 1447 Dei
2639 1391 3005 1448 ordinationi
3034 1392 3273 1448 resistit.
3326 1392 3438 1458 Qui
3491 1407 3571 1448 au

1927 1481 2045 1533 tem
2072 1478 2373 1546 resistunt,
2408 1479 2520 1552 ipsi
2575 1479 2688 1536 sibi
2727 1480 3185 1538 damnationem
3237 1480 3584 1553 acquirunt.

1927 1566 2124 1637 (Ibid.,
2159 1583 2212 1623 υ.
2237 1573 2292 1636 7)
2315 1568 2558 1625 Reddite
2575 1569 2863 1625 omnibus
2890 1569 3122 1627 debita:
3142 1569 3238 1626 cui
3266 1569 3584 1641 tributum,

1924 1655 2368 1725 tributum;cui
2408 1658 2680 1728 vectigal,
2740 1659 2997 1729 vectigal
3047 1677 3062 1727 ;
3111 1659 3208 1715 cui
3261 1659 3579 1727 honorem,

149 1743 322 1801 bebis
355 1744 705 1802 thesaurum
726 1745 789 1801 in
811 1745 982 1801 caelo.
1020 1748 1213 1801 Amen
1255 1745 1392 1802 dico
1441 1746 1639 1814 nobis,
1670 1746 1816 1818 quia
1848 1768 1887 1822 Β
1923 1744 2218 1801 honorem
2250 1763 2262 1813 ;
2294 1746 2390 1801 cui
2411 1746 2709 1818 timorem,
2763 1747 3062 1804 timorem.
3130 1747 3365 1804 Nemini
3418 1747 3592 1820 quid-

153 1833 318 1889 dives
349 1832 586 1890 difficile
611 1833 855 1890 intrabit
879 1834 940 1890 in
963 1850 1222 1905 regnum
1272 1835 1587 1890 caelorum.
1615 1838 1682 1891 Et
1707 1835 1813 1891 ite-

153 1938 287 1978 rum
317 1939 330 1978 :
363 1921 593 1979 facilius
615 1927 707 1978 est
733 1923 1034 1979 camelum
1055 1939 1164 1996 per
1184 1923 1460 1979 foramen
1485 1939 1631 1979 acus
1660 1927 1814 1979 tran-
1863 1923 1874 1929 ’

155 2011 288 2080 sire,
343 2027 532 2085 quam
570 2013 816 2068 divitem
865 2012 1085 2068 intrare
1102 2011 1165 2068 in
1194 2027 1452 2082 regnum
1487 2012 1605 2068 Dei.
1638 2011 1816 2085 Apud

154 2100 431 2158 homines
462 2101 578 2158 hoc
608 2101 984 2175 impossibile
1011 2106 1138 2158 est:
1191 2102 1358 2175 apud
1393 2104 1581 2158 Deum
1611 2105 1815 2159 autem

156 2189 361 2247 omnia
442 2190 754 2264 possibilia
818 2194 976 2246 sunt.
1047 2194 1252 2246 Petrus
1326 2190 1477 2247 dixit
1523 2207 1660 2247 ecce
1702 2205 1816 2247 nos

152 2279 506 2352 reliquimus
535 2280 761 2347 omnia,
794 2283 850 2336 et
879 2279 1069 2335 secuti
1101 2295 1314 2335 sumus
1344 2283 1422 2348 te,
1480 2280 1631 2352 quid
1671 2294 1814 2349 ergo

156 2367 262 2424 erit
289 2368 467 2425 nobis
497 2369 525 2425 ?
547 2369 700 2426 Dixit
724 2369 777 2424 ei
806 2370 979 2424 Jesus
1015 2386 1028 2423 :
1063 2371 1256 2424 Amen
1278 2367 1416 2424 dico
1446 2369 1641 2438 vobis,
1673 2385 1814 2424 cum

157 2456 375 2515 sederit
401 2457 561 2515 ﬁlius
580 2457 846 2514 hominis
867 2458 929 2514 in
952 2457 1093 2514 sede
1115 2458 1450 2530 majestatis
1474 2475 1621 2528 suae,
1651 2457 1818 2514 sede-

153 2545 292 2602 bitis
319 2551 376 2604 et
402 2563 508 2604 vos
531 2563 712 2620 super
740 2547 914 2602 sedes
931 2547 1277 2613 duodecim,
1301 2547 1642 2618 judicantes
1669 2547 1819 2604 duo-

154 2635 347 2692 decim
366 2635 556 2692 tribus
578 2636 754 2693 lsrael
782 2655 795 2704 ;
819 2641 876 2693 et
897 2636 1098 2692 omnis
1118 2637 1223 2710 qui
1239 2636 1544 2710 reliquerit
1561 2635 1818 2692 domum

160 2724 242 2780 vel
267 2722 500 2791 fratres,
531 2729 637 2782 aut
665 2741 922 2795 sorores,
956 2729 1336 2799 autpatrem,
1391 2728 1498 2782 aut
1536 2728 1814 2794 matrem,

155 2817 260 2869 aut
307 2829 584 2885 uxorem,
634 2818 740 2870 aut
767 2813 946 2882 filios,
974 2818 1079 2870 aut
1107 2830 1288 2885 agros
1318 2818 1564 2888 propter
1592 2827 1819 2870 nomen

154 2916 380 2966 meum,
406 2902 757 2975 centuplum
783 2902 1054 2975 accipiet,
1082 2906 1139 2958 et
1166 2903 1354 2958 vitam
1370 2907 1659 2958 aeternam
1681 2917 1820 2975 pos-

155 2989 388 3048 sidebit.
412 2991 657 3062 (Matth,
679 3007 844 3060 xxm,
869 2991 976 3063 l2).
1010 2991 1121 3055 Qui
1146 2994 1349 3048 autem
1378 3006 1441 3046 se
1471 2990 1820 3047 exaltaverit

151 3076 589 3178 humﬂiabitllr,
619 3080 912 3178 (Ibit-tque.
1117 3079 1229 3178 Qui
1271 3079 1438 3178 jurat
1472 3080 1540 3178 in
1566 3078 1814 3178 templo,
1845 3119 1890 3178 ο

148 3167 310 3239 jurat
343 3167 406 3224 in
445 3167 546 3224 illo
599 3167 706 3241 qui
751 3168 984 3226 habitat
1027 3169 1089 3224 in
1131 3167 1264 3241 ipso
1295 3172 1390 3224 :et
1438 3168 1545 3241 qui
1559 3168 1724 3239 jurat
1753 3167 1817 3224 in

155 3257 325 3330 coelo,
366 3258 532 3330 jurat
558 3258 618 3314 in
651 3258 866 3314 throno
918 3259 1020 3314 Dei
1046 3263 1103 3315 et
1126 3259 1186 3314 in
1228 3274 1300 3315 eo
1321 3258 1426 3332 qui
1456 3258 1623 3315 sedet
1647 3273 1820 3331 seper

154 3362 313 3403 eum.
348 3347 590 3418 (Matth.
616 3364 778 3416 xxiv,
802 3351 892 3414 42)
935 3347 1209 3418 Vigilate,
1240 3347 1386 3420 quia
1409 3347 1648 3403 nescitis
1695 3362 1822 3420 qua

153 3433 303 3491 hora
333 3436 624 3492 Dominus
653 3440 846 3492 vester
873 3441 1163 3493 venturus
1186 3441 1294 3492 est.
1327 3437 1526 3507 (Matt.
1557 3453 1699 3501 xxv,
1728 3436 1819 3507 34)

155 3523 312 3582 Dicet
330 3540 436 3582 rex
456 3524 552 3580 bis
575 3525 721 3598 quia
740 3525 962 3582 dextris
982 3526 1113 3598 ejus
1143 3530 1353 3583 erunt:
1389 3527 1611 3596 Venite,
1633 3525 1820 3582 bene-

157 3613 293 3670 dicti
324 3613 516 3671 Patris
545 3616 686 3687 mei,
719 3616 1002 3688 percipite
1041 3631 1317 3686 regnum.
1355 3615 1587 3672 Esurivi
1634 3615 1816 3684 enim,

157 3707 213 3760 et
236 3702 490 3760 dedistis
524 3703 671 3760 mihi
692 3704 1083 3762 manducare.

225 3885 302 3938 Ex
329 3885 613 3938 EPISTOLA
651 3900 724 3938 AD
764 3886 1054 3939 Roumos.
1100 3885 1292 3955 (Rom.
1333 3899 1371 3952 1,
1404 3887 1498 3952 28)
1547 3884 1652 3950 Qui
1695 3899 1821 3939 non

156 3970 568 4042 probaverunt
594 3974 783 4028 Deum
811 3972 1037 4028 habere
1068 3973 1128 4028 in
1161 3973 1370 4028 notitia
1392 3991 1404 4039 ;
1425 3972 1669 4028 tradidit
1688 3971 1821 4027 illos

157 4062 310 4116 Deus
334 4060 396 4116 in
420 4060 756 4132 reprobum
786 4076 1056 4128 sensum,
1080 4065 1148 4116 ut
1176 4061 1399 4116 faciant
1417 4077 1489 4116 ea
1515 4077 1652 4134 quae
1696 4075 1820 4116 non

157 4151 543 4220 conveniunt,
570 4149 827 4222 repletos
852 4150 1019 4206 omni
1053 4149 1386 4222 iniquitate,
1417 4149 1667 4218 malitia,
1700 4148 1821 4204 for—

157 4237 475 4310 nicatione,
510 4238 783 4306 avaritia,
828 4239 1116 4312 nequitia,
1148 4239 1361 4312 plenos
1415 4239 1664 4309 invidia,
1710 4237 1820 4294 ho-

159 4327 418 4398 micidio,
449 4327 860 4399 contentione,
908 4327 1072 4395 dolo,
1114 4327 1516 4398 malignitate:
1550 4343 1820 4384 susurro-

161 4430 287 4488 nes,
314 4417 703 4488 detractores,
730 4417 853 4472 Deo
883 4416 1159 4487 odibiles,
1190 4415 1686 4485 contumeliosos,
1719 4433 1822 4472 su-

159 4505 396 4579 perbos,
440 4506 654 4576 elatos,
703 4505 1048 4562 inventores
1099 4505 1422 4572 malorum,
1469 4506 1823 4578 parentibus

161 4607 280 4650 non
318 4595 694 4667 obedientes,
745 4595 1118 4667 insipientes,
1175 4595 1642 4666 incompositos,
1693 4595 1823 4652 sine

162 4682 488 4757 aflectione,
514 4683 749 4758 absque
766 4683 1010 4758 foedere,
1045 4684 1174 4740 sine
1205 4683 1649 4755 misericordia;
1669 4701 1823 4758 quo-

162 4771 324 4829 niam
379 4776 486 4848 qui
529 4774 672 4830 talia
726 4779 933 4845 agunt,
986 4774 1153 4844 digni
1185 4778 1324 4829 sunt
1344 4778 1656 4830 mortezet
1699 4789 1824 4830 non

163 4861 354 4918 solum
382 4864 487 4936 qui
518 4863 748 4920 faciunt
772 4880 859 4923 ea.
895 4863 1000 4920 sed
1049 4864 1231 4920 etiam
1287 4862 1393 4936 qui
1445 4863 1827 4921 consentiunt

163 4948 536 5010 facientibus.
565 4955 751 5025 (Rom.
784 4969 846 5024 ιι,
875 4953 957 5020 ll,
985 4958 1039 5010 et
1071 4953 1215 5024 seq.)
1244 4955 1371 5008 Non
1393 4959 1482 5008 est
1513 4952 1675 5009 enim
1695 4969 1827 5026 per-

167 5053 452 5097 sonarum
497 5041 766 5116 acceptio
789 5041 955 5115 apud
985 5045 1191 5098 Deum.
1217 5045 1344 5098 Non
1374 5041 1536 5098 enim
1588 5041 1824 5099 audito-

164 5128 318 5184 tores
337 5128 486 5200 legis
505 5131 652 5202 justi
686 5135 826 5187 sunt
856 5130 1021 5203 apud
1055 5131 1266 5199 Deum,
1296 5130 1400 5184 sed
1441 5129 1698 5186 factores
1746 5129 1825 5186 le-

166 5215 252 5283 gis
266 5217 776 5287 justificabuntur.
801 5220 989 5292 (Rom.
1019 5236 1096 5282 v1,
1136 5221 1197 5274 12
1243 5225 1296 5276 et
1328 5221 1468 5291 seq.)
1521 5223 1649 5275 Non
1681 5234 1824 5290 ergo

163 5310 366 5374 regnet
384 5311 705 5380 peccatum
720 5309 781 5364 in
810 5313 1009 5366 vestro
1030 5309 1271 5365 mortali
1292 5324 1566 5381 corpore,
1589 5312 1654 5365 ut
1682 5307 1826 5364 obe-

166 5389 337 5448 diatis
365 5397 868 5471 concupiscentiis
901 5398 1068 5468 eius;
1104 5403 1422 5471 peccatum
1448 5397 1609 5453 enim
1647 5396 1824 5453 vobis

167 5494 286 5537 non
332 5482 780 5542 dominabitur:
830 5502 950 5543 non
983 5487 1145 5544 enim
1195 5486 1308 5543 sub
1364 5487 1494 5557 lege
1546 5486 1686 5542 estis
1717 5485 1821 5542 sed

169 5568 279 5625 sub
303 5574 510 5643 gratia.
541 5577 646 5632 Cui
667 5575 956 5632 exhibetis
985 5593 1116 5646 vos,
1168 5592 1374 5633 servos
1425 5576 1503 5632 ad
1539 5575 1822 5632 obedien-

169 5656 332 5730 dum,
391 5665 545 5719 servi
580 5667 718 5721 estis
790 5666 940 5736 ejus,
1013 5666 1110 5721 cui
1181 5666 1456 5733 obeditis,
1525 5667 1648 5723 sive
1687 5680 1823 5739 peo-

171 5747 282 5805 cati
323 5749 402 5806 ad
439 5757 718 5822 mortem,
767 5755 892 5810 sive
963 5753 1324 5811 obeditionis
1375 5754 1453 5813 ad
1503 5753 1817 5826 justitiam.

236 5852 263 5898 9
289 5845 536 5926 Vulgata
574 5866 586 5904 :
618 5852 916 5908 sententia

1923 1851 2110 1907 quam
2136 1835 2427 1904 debeatis,
2453 1836 2568 1892 nisi
2598 1841 2664 1893 ut
2681 1837 2942 1894 invicem
2986 1837 3270 1908 diligatis.
3321 1839 3498 1910 (Ibid.
3531 1854 3589 1902 v,

1931 1924 2012 1984 13)
2038 1927 2166 1980 Non
2194 1924 2256 1980 in
2288 1925 2830 1982 comessationibus
2853 1931 2912 1983 et
2930 1926 3342 1997 ebrietatibus,
3373 1943 3500 1983 non
3527 1927 3591 1982 in

1923 2011 2224 2068 cubilibus
2271 2017 2328 2069 et
2378 2013 2786 2087 impudicitiis,
2841 2031 2965 2071 non
3015 2015 3078 2071 in
3127 2015 3508 2072 contentione
3533 2019 3592 2071 et

1923 2100 2304 2158 aemulatione
2329 2120 2342 2170 ;
2365 2101 2470 2157 sed
2485 2102 2810 2159 induimini
2831 2103 3154 2160 Dominum
3171 2104 3376 2160 Jesum
3393 2103 3589 2160 Chris-

1924 2193 2073 2261 tum,
2121 2194 2180 2246 et
2217 2191 2414 2247 carnis
2458 2207 2665 2248 curam
2709 2207 2784 2248 ne
2834 2191 3090 2249 feceritis
3139 2192 3202 2249 in
3253 2191 3584 2249 desideriis.

1925 2279 2114 2346 (Rom.
2145 2295 2267 2349 xw,
2289 2283 2344 2346 3)
2376 2283 2428 2335 ls
2448 2279 2555 2352 qui
2582 2281 2932 2347 manducat,
2955 2296 3080 2337 non
3112 2281 3589 2337 manducantem

1922 2383 2047 2424 non
2079 2373 2340 2440 spernat,
2367 2372 2424 2424 et
2451 2369 2557 2440 qui
2577 2385 2702 2426 non
2723 2369 3060 2426 manducat
3109 2369 3586 2426 manducantem

1923 2471 2048 2512 non
2061 2456 2322 2527 judicet:
2348 2459 2503 2512 Deus
2533 2458 2695 2514 enim
2733 2457 2903 2514 illum
2925 2458 3276 2531 assumpsit.
3311 2460 3397 2514 Tu
3444 2457 3587 2530 quis

1925 2561 2009 2612 es,
2033 2544 2137 2617 qui
2146 2545 2381 2616 judices
2411 2545 2678 2603 alienum
2699 2562 2943 2603 servum
2971 2549 2999 2604 ‘2
3028 2562 3138 2602 suo
3169 2546 3424 2603 Domino
3452 2549 3590 2614 stat,

1927 2637 2032 2690 aut
2060 2633 2237 2690 cadit.
2269 2634 2458 2707 (Rom.
2492 2652 2614 2701 xw,
2669 2635 2754 2708 l7)
2782 2639 2948 2707 Rogo
2976 2651 3105 2706 vos,
3139 2635 3370 2701 fratres,
3395 2638 3459 2691 ut
3486 2633 3592 2691 ob-

1929 2723 2176 2780 servetis
2196 2738 2320 2794 eos,
2343 2724 2447 2797 qui
2477 2724 2905 2794 dissensiones,
2951 2729 3009 2783 et
3037 2723 3405 2782 offendicula
3445 2739 3589 2798 pro-

1927 2814 2058 2883 pter
2086 2809 2446 2882 doctrinam,
2468 2828 2655 2884 quam
2671 2829 2778 2869 vos
2799 2812 3118 2879 didicistis,
3147 2812 3374 2870 faciunt
3395 2817 3454 2868 et
3479 2811 3590 2868 de-

1928 2898 2143 2955 clinate
2173 2899 2253 2954 ab
2273 2899 2405 2956 illis.
2456 2901 2658 2971 (Ibid.,
2717 2901 2893 2973 v.19)
2955 2901 3099 2958 Volo
3147 2918 3258 2959 vos
3294 2900 3595 2974 sapientes

1928 3003 2058 3044 esse
2084 2987 2148 3044 in
2173 2987 2360 3056 bono,
2385 2991 2443 3045 et
2469 2988 2770 3061 simplices
2786 2989 2851 3044 in
2871 2989 3054 3046 malo.

2002 3169 2084 3222 Ex
2106 3169 2385 3222 EPISTOLA
2411 3171 2428 3222 l
2458 3183 2531 3222 AD
2562 3170 2930 3224 Conmrmos.
2955 3168 3006 3240 (ι
3037 3168 3180 3239 Cor,
3207 3184 3246 3238 ι,
3279 3168 3359 3239 10)
3407 3167 3595 3224 Obse-

1930 3271 2032 3312 cro
2061 3260 2264 3311 autem
2313 3272 2424 3312 vos
2467 3271 2575 3328 per
2637 3272 2862 3312 nomen
2904 3255 3141 3312 Domini
3193 3257 3380 3313 nostri
3453 3258 3597 3313 Jesu

1931 3344 2164 3412 Christi,
2220 3347 2286 3400 ut
2320 3345 2586 3418 idipsum
2635 3345 2846 3403 dicatis
2876 3361 3108 3408 omnes,
3161 3349 3216 3403 et
3245 3362 3369 3402 non
3390 3346 3508 3402 sint
3535 3346 3597 3402 in

1929 3435 2104 3492 vobis
2133 3435 2500 3503 schismata;
2554 3435 2680 3492 sitis
2713 3440 2912 3492 autem
2962 3436 3207 3509 perfecti
3265 3437 3326 3492 in
3384 3437 3600 3493 eodem

1931 3539 2136 3594 sensu,
2169 3528 2226 3580 et
2254 3523 2314 3580 in
2366 3524 2582 3582 eadem
2610 3530 2629 3554 '
2678 3525 2945 3581 scientia.
3004 3525 3202 3596 (Ibid.,
3255 3541 3308 3581 υ.
3343 3527 3456 3593 31).
3491 3524 3601 3588 Qui

1930 3611 2238 3683 gloriatur,
2264 3613 2325 3668 in
2374 3613 2629 3670 Domino
2661 3612 2964 3682 glorietur.
2998 3613 3058 3684 (Ι
3081 3614 3223 3670 Cor.
3255 3629 3336 3681 1v,
3378 3617 3452 3681 5).
3482 3616 3599 3668 No-

1927 3701 2028 3758 lite
2050 3705 2188 3758 ante
2216 3707 2456 3775 tempus
2477 3703 2772 3774 judicare,
2802 3703 3210 3776 quoadusque
3252 3701 3455 3758 veniat
3476 3704 3594 3760 Do-

1929 3790 2154 3858 minus,
2187 3791 2293 3862 qui
2314 3795 2371 3846 et
2395 3789 2760 3847 illuminabit
2802 3790 3161 3847 abscondita
3191 3789 3598 3858 tenebrarum,

1929 3882 1988 3934 et
2011 3877 2418 3934 manifestabit
2447 3878 2697 3934 consilia
2726 3878 3022 3946 cordium,
3055 3883 3112 3935 et
3133 3883 3273 3934 tunc
3325 3877 3459 3935 laus
3491 3878 3600 3936 erit

1931 3967 2256 4039 unicuique
2279 3983 2314 4022 a
2337 3969 2476 4023 Deo.
2511 3968 2566 4035 (Ι
2597 3968 2728 4022 Cor.
2755 3984 2810 4022 v.
2839 3973 2870 4023 9
2896 3972 2950 4022 et
2975 3972 3118 4039 seq.)
3153 3971 3279 4024 Non
3313 3967 3599 4024 commis-

1931 4054 2548 4110 ceaminifornicariis
2578 4055 2761 4125 hujus
2808 4055 3047 4127 mundi,
3075 4061 3180 4112 aut
3222 4056 3443 4122 avaris,
3491 4060 3599 4114 aut

1929 4142 2280 4217 rapacibus,
2304 4147 2408 4200 aut
2436 4143 2612 4200 idolis
2643 4144 3057 4202 servientibus.
3086 4145 3143 4203 Si
3168 4147 3242 4213 is,
3273 4146 3381 4219 qui
3413 4145 3598 4202 frater

1929 4231 2297 4302 nominaiur,
2351 4237 2439 4290 est
2475 4233 2823 4302 fornicator,
2887 4239 2991 4290 aut
3019 4251 3262 4302 avarus,
3297 4239 3401 4293 aut
3419 4235 3598 4292 idolis

1932 4320 2219 4392 serviens,
2249 4326 2353 4378 aut
2379 4321 2738 4390 maledicus,
2764 4327 2868 4380 aut
2919 4323 3214 4394 ebriosus,
3239 4330 3344 4382 aut
3363 4341 3555 4399 rapax
3580 4341 3592 4380 :

1931 4427 2071 4467 cum
2093 4411 2392 4482 ejusmodi
2422 4427 2533 4467 nec
2563 4411 2766 4469 cibum
2799 4429 3056 4471 sumere.
3083 4415 3323 4470 Auferte
3363 4414 3596 4470 malum

1931 4516 2004 4556 ex
2043 4499 2211 4556 vobis
2269 4499 2435 4572 ipsis.
2494 4500 2538 4571 (Ι
2573 4500 2709 4556 Cor.
2767 4517 2843 4569 v1,
2869 4502 2920 4572 9)
2952 4502 3138 4558 Nolite
3159 4518 3376 4570 errare,
3399 4517 3597 4576 neque

1929 4588 2255 4660 fornicarii,
2282 4604 2480 4661 neque
2498 4587 2674 4645 idolis
2703 4589 3047 4655 servientes,
3068 4606 3265 4664 neque
3319 4590 3594 4659 adulteri,

1931 4692 2131 4750 neque
2187 4677 2420 4748 molles,
2471 4693 2668 4750 neque
2699 4677 3110 4734 masculorum
3155 4678 3595 4750 concubitores,

1929 4781 2128 4840 neque
2150 4767 2331 4836 fures,
2386 4783 2581 4841 neque
2631 4767 2815 4835 avari,
2866 4782 3065 4840 neque
3113 4767 3350 4835 ebriosi,
3398 4783 3596 4841 neque

1930 4855 2232 4924 maledici,
2253 4872 2451 4929 neque
2471 4872 2743 4929 rapaces,
2766 4871 3022 4925 regnum
3047 4855 3148 4912 Dei
3175 4855 3593 4930 possidebunt.

1932 4949 2002 5002 Et
2025 4946 2156 5002 haec
2185 4945 2428 5018 quidem
2462 4945 2675 5008 fuistis,
2701 4944 2809 5001 sed
2838 4944 3026 5002 abluti
3046 4945 3208 5013 estis,
3239 4945 3345 5002 sed
3365 4945 3591 5002 sancti-

1932 5035 2093 5092 ficati
2122 5035 2262 5093 estis
2292 5035 2354 5092 iu
2375 5035 2623 5091 nomine
2650 5034 2885 5091 Domini
2915 5037 3052 5090 Jesu
3099 5035 3333 5092 Christi.
3378 5036 3421 5108 (Ι
3455 5037 3592 5093 Cor.

1932 5143 2036 5197 vn,
2070 5126 2120 5198 1)
2142 5127 2374 5182 Bonum
2407 5130 2495 5181 est
2523 5126 2752 5182 homini
2783 5124 3095 5182 mulierem
3134 5141 3256 5182 non
3307 5131 3591 5196 tangere:

1929 5221 2178 5290 propter
2205 5217 2661 5273 fornicationem
2688 5221 2889 5273 autem
2941 5216 3361 5290 unusquisque
3418 5232 3594 5272 suam

1933 5321 2184 5362 uxorem
2249 5305 2493 5374 habeat,
2561 5309 2619 5361 et
2690 5321 3033 5379 unaqaeque
3135 5322 3315 5362 suum
3389 5305 3592 5362 virum

1931 5395 2157 5453 habeat
2209 5395 2404 5466 (lbid.,
2460 5411 2514 5452 v.
2602 5395 2677 5466 8).
2756 5395 2895 5450 Dico
2973 5398 3175 5452 autem
3247 5410 3370 5450 non
3444 5409 3597 5468 nup-

1932 5484 2024 5552 tis,
2060 5489 2116 5540 et
2137 5483 2332 5540 viduis
2362 5501 2374 5539 :
2406 5483 2639 5540 bonum
2666 5488 2754 5540 est
2782 5483 2917 5555 illis,
2941 5484 2990 5540 si
3017 5484 3100 5540 sic
3138 5488 3408 5554 manent,
3442 5483 3597 5540 sicut

1933 5577 1990 5630 et
2017 5589 2153 5644 ego.
2185 5573 2357 5639 Quod
2402 5575 2449 5630 si
2479 5589 2600 5630 non
2625 5589 2685 5628 se
2712 5573 3036 5640 continent,
3062 5574 3298 5631 nubant
3328 5592 3341 5630 :
3377 5573 3594 5656 melius

1930 5667 2021 5720 est
2065 5663 2226 5719 enim
2259 5663 2486 5720 nubere
2508 5681 2696 5736 quam
2730 5663 2819 5718 uri
2847 5681 2859 5730 ;
2909 5665 2976 5718 lis
3007 5669 3230 5733 autem,
3259 5664 3364 5736 qui
3395 5664 3594 5720 matri-

1933 5754 2139 5812 monio
2192 5754 2381 5826 juncti
2427 5759 2583 5821 sunt,
2636 5752 2920 5826 praecipio
2980 5769 3102 5809 non
3150 5769 3286 5824 ego,
3349 5754 3455 5811 sed
3487 5755 3594 5809 Do-
