3950 6434
343 391 479 447 MSS

342 513 568 580 minus,
625 522 876 566 uxorem
907 523 943 563 a
1003 521 1128 562 non
1183 505 1499 562 discedere
1557 503 1730 571 Quod
1779 502 1830 557 si
1872 501 1994 557 dis—
2037 502 2084 556 A
2188 503 2270 555 Ex
2324 503 2598 555 Emsrou.
2647 499 2691 553 li
2744 513 2813 552 AD
2857 499 3228 553 Comm-mos.
3283 495 3351 562 (ii
3410 494 3551 564 Cor,
3594 511 3652 562 ν,
3691 498 3781 552 to.

337 599 602 667 cesserit,
635 611 880 653 manere
909 595 1250 668 innuptam,
1286 599 1390 650 aut
1419 594 1546 650 viro
1579 609 1690 648 suo
1727 607 1790 648 re
1803 589 1998 647 aonci-

340 690 473 749 liari
506 707 520 758 ;
551 692 607 745 et
659 687 745 742 vir
777 701 1025 741 uxorem
1055 699 1180 740 non
1212 683 1493 740 dimittat.
1558 683 1756 753 (Ibid,
1797 696 1852 737 υ.
1913 681 2001 753 37)

341 780 634 850 Alligatus
666 791 728 833 es
759 774 976 830 uxori?
1010 774 1132 830 noli
1165 789 1436 848 quaerere
1467 773 1828 829 solutionem
1858 789 1871 839 ;
1903 785 2001 826 so-

339 871 500 928 lutus
531 884 592 924 es
622 866 700 923 ab
731 881 918 922 uxore
938 865 1103 921 ?noli
1129 880 1394 938 quaerere
1421 880 1692 920 uxorem.
1721 863 1912 935 (ibid,
1942 876 1998 920 v.

339 960 432 1031 29)
449 957 557 1024 Qui
580 955 810 1012 habent
830 970 1074 1026 uxores,
1101 958 1397 1027 tanquam
1414 969 1537 1009 non
1553 953 1845 1009 habentes
1860 951 1996 1006 sint:

340 1052 398 1106 et
417 1047 521 1120 qui
548 1045 711 1112 ﬂent,
743 1048 1037 1118 tanquam
1056 1059 1181 1100 non
1211 1044 1421 1100 ﬂentes
1449 1062 1460 1100 :
1495 1049 1550 1100 et
1578 1044 1681 1117 qui
1713 1042 1996 1112 gaudent,

339 1141 635 1210 tanquam
674 1149 800 1191 non
834 1135 1167 1204 gaudentes
1208 1134 1344 1190 sint.
1401 1134 1594 1201 (lbid.,
1645 1148 1701 1200 υ,
1759 1132 1846 1203 38)
1889 1130 1999 1196 Qui

341 1224 729 1283 matrimonio
762 1224 963 1295 jungit
991 1224 1287 1294 virginem
1319 1239 1516 1291 suam,
1547 1223 1701 1279 bene
1731 1221 1870 1277 facit
1899 1238 1911 1276 :
1946 1225 2002 1275 et

341 1315 448 1390 qui
469 1329 594 1372 non
621 1313 1054 1386 jungitmelius
1073 1313 1232 1369 facit.
1256 1313 1456 1369 Mulier
1486 1313 1727 1381 alligata
1747 1314 1835 1366 est
1861 1310 1997 1380 legi,

341 1408 573 1478 quanto
603 1407 875 1476 tempore
933 1402 1025 1458 vir
1063 1403 1193 1474 ejus
1221 1401 1384 1458 vivit.
1412 1403 1585 1468 Quod
1616 1402 1666 1456 si
1692 1400 2001 1457 dormierit

337 1493 430 1552 vir
457 1494 609 1565 ejus,
655 1491 910 1549 liberata
962 1496 1082 1548 est:
1137 1491 1234 1547 cui
1277 1491 1402 1548 vult
1422 1491 1634 1562 nubat,
1667 1494 1899 1548 tantum
1939 1490 2000 1544 in

342 1583 630 1652 Domino;
659 1579 892 1638 beatior
917 1584 1121 1636 autem
1143 1581 1269 1648 erit,
1305 1580 1352 1636 si
1380 1581 1463 1637 sic
1491 1580 1888 1655 permanserit
1916 1595 2001 1634 se-

341 1667 614 1723 cundum
644 1681 846 1723 meum
881 1666 1218 1729 consilium,
1252 1666 1295 1737 (i
1327 1668 1455 1721 Cor.
1482 1682 1561 1733 ιχ,
1585 1670 1640 1734 7)
1677 1665 1819 1731 Quis
1848 1663 2000 1719 mili-

342 1760 430 1813 tat
453 1756 576 1811 suis
607 1755 917 1827 stipendiis
937 1769 1211 1827 unquam
1232 1759 1259 1811 '?
1287 1756 1422 1827 quis
1474 1755 1708 1827 plantat
1737 1754 1996 1816 vineam,

1471 381 1526 439 8.
1552 379 1927 436 PRUDENTII
1955 373 2328 434 TRECENSIS
2357 373 2701 432 EPISGOPI.

3639 374 3778 428 1436

2115 594 2335 648 Omnes
2360 591 2521 646 enim
2542 606 2652 646 nos
2678 587 3052 645 manifestari
3075 589 3311 660 oportet
3333 590 3472 642 ante
3491 585 3780 642 Tribunal

2113 681 2344 742 Christi,
2377 684 2444 736 ut
2468 680 2683 736 referat
2711 678 3138 750 unusquisque
3186 675 3432 750 propria
3479 675 3776 748 corporis,

2110 775 2290 844 prout
2319 770 2519 840 gessit,
2545 771 2668 826 sive
2693 770 2946 833 bonum,
2977 768 3101 823 sive
3134 767 3386 822 malum.
3420 770 3489 834 (li
3515 768 3659 823 Cor.
3691 782 3775 836 vr,

2114 857 2196 931 i4)
2247 860 2431 916 Nolite
2484 860 2701 930 jugum
2755 859 2974 914 ducere
3030 873 3170 912 cum
3224 855 3606 923 inﬁdelibus;
3638 871 3777 928 qum

2109 950 2269 1005 enim
2298 950 2676 1022 participatio
2700 947 2941 1020 justitias
2964 963 3102 1002 cum
3121 945 3432 1018 iniquitate
3456 945 3484 1000 ‘I
3515 950 3618 1001 aut
3636 961 3775 1017 quae

2110 1041 2364 1096 societas
2393 1040 2510 1095 luci
2537 1039 2616 1095 ad
2662 1037 2987 1095 tenebras?
3032 1053 3171 1110 quae
3225 1035 3539 1091 conventio
3564 1035 3776 1092 Christi

2108 1131 2185 1186 ad
2209 1129 2428 1186 Belial?
2447 1133 2550 1184 aut
2575 1144 2711 1200 quae
2745 1143 2884 1200 pars
2907 1125 3072 1182 ﬁdeli
3093 1141 3235 1182 cum
3256 1124 3484 1181 inﬁdeli
3505 1125 3534 1180 Ἰ

2177 1223 2260 1274 Αι)
2286 1222 2570 1274 GALATAS.
2633 1219 2860 1286 (Galat.
2894 1233 2934 1282 i,
2989 1217 3054 1269 10
3083 1216 3139 1270 Si
3168 1214 3520 1271 hominibus
3571 1214 3775 1286 place-

2107 1323 2256 1375 rem,
2287 1307 2500 1364 Christi
2534 1322 2744 1363 servus
2771 1321 2896 1362 non
2924 1321 3146 1362 essem.
3179 1305 3404 1377 (Gabat.
3423 1321 3505 1370 1v,
3535 1307 3623 1372 t0)
3645 1304 3778 1360 Dies

2108 1396 2456 1464 observatis,
2493 1401 2548 1451 et
2569 1412 2828 1465 menses,
2853 1399 3215 1468 ettempora,
3245 1397 3303 1450 et
3339 1409 3534 1450 annos
3557 1411 3571 1448 :
3594 1393 3776 1449 timeo

2107 1501 2218 1542 vos
2236 1501 2312 1542 ne
2329 1485 2477 1541 forte
2500 1485 2626 1541 sine
2644 1484 3241 1541 oausalaboraverim
3254 1483 3316 1539 in
3327 1483 3521 1539 vobis.
3539 1482 3771 1553 (Gaiat.

2111 1589 2165 1646 v,
2199 1577 2255 1646 9)
2285 1575 2580 1633 Modicum
2614 1576 2976 1631 fermentum
3006 1578 3194 1630 totam
3223 1589 3492 1630 massam
3513 1587 3777 1628 corrum-

2107 1666 2210 1739 pit.
2249 1667 2438 1733 (ibid.,
2475 1670 2662 1729 v.13).
2700 1669 2816 1721 Vos
2843 1665 3006 1721 enim
3029 1665 3089 1721 in
3114 1664 3455 1720 libertatem
3475 1663 3672 1719 vocati
3691 1678 3778 1719 es-

2107 1756 2202 1820 tis,
2233 1755 2463 1822 fratres,
2490 1759 2722 1813 tantum
2753 1770 2829 1812 ne
2848 1755 3184 1810 libertatem
3203 1754 3264 1809 in
3285 1752 3776 1818 occasionemdo-

344 1849 402 1902 et
423 1845 682 1900 fructum
703 1845 833 1915 ejus
856 1859 977 1900 non
1005 1844 1168 1899 edit?
1194 1845 1331 1916 quis
1350 1843 1543 1916 pascit
1565 1859 1829 1913 gregem,
1850 1847 1906 1898 et
1927 1843 2000 1898 de
2032 1860 2073 1915 Β
2110 1846 2182 1902 tis
2205 1846 2390 1913 carni,
2419 1852 2522 1900 sed
2548 1862 2656 1918 per
2677 1845 3026 1902 cliaritatem
3042 1843 3256 1900 servite
3285 1844 3562 1900 invicem.
3579 1842 3773 1914 (lbid..

341 1935 492 1991 lacte
528 1934 727 2004 gregis
756 1947 879 1988 non
907 1933 1238 1989 manducat
1262 1933 1290 1989 ?
1309 1933 1606 2006 Scriptum
1646 1938 1736 1988 est
1787 1933 1847 1988 in
1871 1932 2001 2003 lege

341 2023 525 2095 Moysi
559 2041 570 2078 :
605 2026 731 2079 Non
762 2023 1040 2094 alligabis
1073 2039 1141 2079 os
1171 2023 1314 2079 bovi
1364 2023 1685 2079 trituranti.
1721 2025 2002 2096 Nunquid

341 2112 418 2169 de
444 2112 644 2168 bobus
661 2128 806 2168 cura
836 2116 924 2168 est
940 2113 1059 2168 Deo
1097 2113 1124 2168 Τ
1147 2127 1223 2168 an
1249 2118 1494 2185 propter
1518 2128 1628 2168 nos
1649 2113 1855 2185 utique
1887 2114 2002 2170 hoc

341 2201 536 2259 dicit?
564 2205 712 2258 Nam
760 2205 1006 2276 propter
1061 2217 1173 2258 nos
1209 2203 1432 2275 scripta
1455 2205 1629 2270 sunt;
1663 2202 1713 2257 si
1744 2218 1856 2258 nos
1893 2219 2000 2258 vo-

339 2291 434 2348 bis
458 2290 789 2364 spiritualia
812 2291 1266 2359 seminavimus,
1315 2307 1611 2362 magnum
1643 2296 1748 2356 est,
1790 2293 1834 2347 si
1889 2307 2000 2348 nos

339 2380 608 2437 carnalia
638 2386 834 2436 vestra
865 2386 1165 2436 metamus
1193 2381 1221 2436 ?
1269 2381 1512 2436 Nescitis
1562 2381 1854 2452 quoniam
1896 2381 2002 2454 qui

342 2467 404 2524 in
435 2469 697 2525 sacrario
727 2473 1074 2541 operantur,
1091 2485 1228 2542 quae
1245 2470 1319 2526 de
1347 2471 1607 2526 sacrario
1629 2474 1768 2526 sunt
1793 2471 1997 2540 edunt,

343 2561 401 2614 et
429 2557 534 2630 qui
553 2557 733 2614 Altari
763 2558 1127 2628 deserviunt,
1159 2575 1300 2615 cum
1348 2559 1531 2615 Altari
1587 2560 1946 2632 participant
1977 2563 2000 2616 ?

341 2646 388 2719 (Ι
418 2648 556 2704 Cor.
579 2663 640 2718 x,
669 2649 724 2718 6)
755 2650 884 2704 Non
917 2649 1108 2704 simus
1159 2649 1652 2722 concupiscentes
1677 2649 1999 2720 malorum,

345 2734 498 2792 sicut
525 2740 582 2793 et
610 2735 693 2792 illi
725 2738 1180 2810 concupierunt.
1209 2740 1408 2810 Neque
1427 2738 1757 2796 idololatria
1786 2739 2003 2796 efﬁcia-

343 2825 512 2894 mini,
537 2827 691 2883 sicut
719 2827 970 2902 quidam
993 2844 1065 2882 ex
1085 2828 1250 2900 ipsis,
1273 2828 1793 2900 quemadmodum
1820 2831 2002 2903 scrip-

343 2917 473 2970 tum
528 2917 645 2971 est:
678 2916 841 2972 Sedit
864 2918 1127 2996 populus
1182 2918 1556 2975 manducare
1600 2924 1653 2974 et
1706 2919 1918 2982 bibere,
1947 2926 2001 2975 et

344 3010 743 3060 surrexerunt
803 3005 1012 3062 ludere
1041 3005 1097 3076 (Ι
1125 3009 1261 3063 Cor.
1312 3023 1370 3073 x,
1421 3008 1533 3077 24),
1595 3010 1779 3063 Nemo
1836 3007 2002 3080 quod

344 3110 523 3148 suum
547 3097 636 3150 est
654 3099 904 3166 quaerat,
939 3095 1045 3150 sed
1076 3096 1241 3168 quod
1285 3095 1544 3153 alterius.
1608 3099 1795 3153 Omne
1835 3098 2002 3170 quod

2112 1950 2167 1990 v.
2190 1934 2272 2006 14)
2294 1933 2512 2003 Diliges
2539 1934 2886 2006 proximum
2909 1938 3082 1989 tuum
3107 1933 3260 1988 sicut
3279 1932 3558 2004 teipsum;
3603 1930 3771 2003 quod

2111 2023 2162 2078 si
2191 2022 2447 2078 invicem
2483 2023 2789 2092 mordetis,
2824 2026 2882 2078 et
2910 2021 3243 2088 comeditis,
3275 2021 3471 2076 videte
3500 2035 3576 2076 ne
3593 2020 3775 2076 abin-

2107 2113 2299 2169 vicem
2328 2113 2794 2169 consumamini.
2814 2114 3037 2183 (Galat.
3061 2128 3140 2179 v1,
3171 2115 3202 2167 6
3225 2118 3280 2168 et
3296 2127 3415 2183 seq.
3435 2111 3777 2167 Communi—

2109 2207 2202 2259 cet
2230 2207 2431 2258 autem
2462 2203 2532 2272 is,
2558 2202 2662 2274 qui
2694 2202 3092 2258 catechizatur
3111 2202 3315 2268 verbo,
3333 2201 3385 2256 ei
3403 2200 3510 2273 qui
3532 2215 3594 2256 se
3626 2203 3777 2255 cate-

2109 2292 2321 2356 chizat,
2337 2291 2396 2346 in
2410 2291 2693 2347 omnibus
2709 2290 2902 2347 bonis.
2937 2291 3122 2347 Nolite
3140 2305 3370 2347 errare:
3399 2293 3552 2347 Deus
3571 2305 3696 2345 non
3707 2289 3778 2344 ir-

2106 2381 2365 2450 ridetur;
2391 2397 2524 2453 quae
2546 2381 2706 2436 enim
2733 2381 3479 2446 seminaverithomo,hmc
3499 2382 3557 2435 et
3571 2382 3770 2438 metet.

2181 2475 2265 2527 AD
2300 2475 2591 2527 EPHEBIOS.
2620 2472 2862 2543 (Ep/tes.
2898 2489 2976 2541 iV,
3005 2472 3100 2543 29)
3122 2471 3329 2528 Omnis
3349 2485 3548 2526 sermo
3571 2469 3772 2526 malus

2109 2577 2181 2618 ex
2210 2577 2316 2617 oro
2368 2566 2572 2617 vestro
2601 2577 2725 2617 non
2751 2561 3042 2634 procedat
3075 2579 3086 2628 ;
3122 2561 3227 2616 sed
3259 2561 3434 2634 siqui
3457 2559 3668 2616 .bonus
3693 2559 3772 2616 ad

2111 2650 2569 2708 aediﬁcationem
2620 2651 2782 2716 ﬁdei,
2833 2656 2896 2707 ut
2928 2650 3028 2707 det
3059 2651 3314 2721 gratiam
3361 2650 3769 2708 audientibus.

2108 2740 2293 2796 Nolite
2325 2741 2676 2796 contristare
2697 2740 2980 2812 Spiritum
3006 2743 3283 2796 sanctum
3332 2739 3434 2795 Dei
3463 2738 3526 2794 in
3548 2754 3672 2811 quo
3701 2738 3774 2794 si-

2109 2829 2272 2899 gnati
2287 2830 2427 2886 estis
2447 2830 2507 2885 in
2527 2830 2688 2885 diem
2711 2830 3166 2902 redemptionis.
3189 2829 3396 2886 Omnis
3413 2828 3770 2884 amaritudo,

2107 2924 2165 2975 et
2195 2919 2303 2990 ira,
2339 2923 2394 2975 et
2423 2918 2779 2990 indignatio,
2801 2925 2855 2974 et
2874 2919 3124 2990 clamor,
3159 2923 3216 2975 et
3236 2918 3636 2991 blasphemia,
3664 2917 3772 2974 tol-

2107 3008 2266 3064 latur
2295 3025 2330 3065 a
2361 3009 2529 3064 vobis
2558 3025 2698 3064 cum
2729 3008 2896 3064 omni
2927 3009 3155 3064 malitia
3181 3025 3193 3077 ;
3228 3012 3412 3064 estote
3443 3011 3644 3064 autem
3691 3007 3776 3062 in-

2105 3098 2302 3155 vicem
2333 3099 2601 3168 benigni,
2643 3099 3087 3169 misericordes,
3149 3099 3448 3154 donantes
3495 3097 3771 3164 invicem,

339 3183 402 3239 in
422 3183 675 3239 macello
707 3185 886 3254 venit,
919 3186 1307 3254 manducate,
1358 3186 1508 3242 nihil
1564 3187 2001 3257 interrogantes
2029 3211 2076 3269 3
2109 3187 2262 3245 sicut
2292 3191 2347 3245 et
2374 3190 2528 3244 Deus
2561 3189 2623 3244 in
2653 3189 2886 3245 Christo
2913 3188 3162 3245 donavit
3206 3188 3399 3244 vobis.
3436 3188 3671 3259 (Ephes,
3714 3202 3768 3254 v,

341 3276 585 3346 propter
611 3273 1040 3330 conscientiam
1075 3274 1244 3344 (ibid.
1270 3291 1323 3344 υ,
1359 3276 1466 3347 31).
1502 3275 1632 3332 Sive
1658 3292 1801 3346 ergo
1832 3292 2002 3332 man-

341 3361 593 3430 ducatis,
628 3363 755 3418 sive
777 3362 999 3431 bibitis,
1026 3364 1122 3420 vel
1154 3365 1319 3420 aliud
1372 3365 1520 3437 quid
1552 3365 1760 3434 facitis,
1795 3365 2002 3422 omnia

341 3449 404 3506 in
435 3450 690 3520 gloriam
718 3452 821 3507 Dei
849 3452 1046 3522 facite,
1078 3454 1118 3524 (i
1166 3454 1303 3510 Cor.
1354 3472 1437 3525 x1,
1490 3458 1523 3510 4
1549 3460 1604 3510 et
1624 3456 1764 3528 seq.)
1795 3456 2000 3512 Omnis

341 3538 433 3594 vir
457 3555 663 3609 orans,
689 3544 792 3596 aut
841 3542 1210 3614 prophetans
1241 3559 1364 3599 non
1396 3543 1592 3600 velato
1647 3545 1861 3617 capite,
1896 3544 2000 3600 de-

342 3629 548 3700 turpat
575 3633 757 3700 caput
785 3646 965 3685 suum
994 3646 1006 3685 :
1034 3633 1233 3687 omnis
1267 3635 1468 3689 autem
1526 3634 1739 3690 mulier
1797 3650 1997 3704 orans,

346 3721 451 3772 aut
524 3719 895 3792 prophetans
975 3735 1099 3776 non
1178 3721 1371 3778 velato
1449 3725 1640 3796 capite
1724 3724 2003 3796 deturpat

329 3809 529 3879 caput
608 3823 832 3863 suum:
910 3824 1054 3865 nam
1135 3810 1182 3865 si
1258 3827 1382 3867 non
1461 3812 1693 3868 velatur
1742 3814 1999 3884 'mulier,

341 3895 692 3965 tondeatur;
725 3896 770 3952 si
800 3914 942 3954 vero
982 3903 1154 3972 turpe
1205 3905 1293 3956 est
1351 3900 1586 3958 mulieri
1612 3904 1866 3976 tonderi,
1900 3914 2002 3965 aut

343 3985 663 4055 decalvari,
693 3986 849 4044 velet
878 3993 1062 4063 caput
1091 4007 1291 4047 suum.
1323 3991 1419 4047 Vir
1446 3993 1625 4062 igitur
1676 4010 1799 4050 non
1825 3995 2004 4055 debet

341 4076 541 4132 velare
560 4079 1043 4151 caputquoniam
1058 4079 1260 4150 imago
1274 4085 1329 4136 et
1346 4081 1534 4151 gloria
1553 4089 1643 4140 est
1658 4085 1775 4141 Dei.
1797 4086 1812 4157 (
1825 4087 1999 4154 lbid.,

341 4181 397 4222 υ.
437 4166 546 4238 16).
582 4166 801 4240 Siquis
848 4172 1051 4225 autem
1105 4169 1341 4227 videtur
1397 4174 1806 4231 contentiosus
1849 4192 1998 4247 esse,

341 4270 454 4310 nos
493 4254 675 4310 talem
715 4257 1215 4316 consuetudinem
1267 4276 1390 4316 non
1433 4261 1754 4334 habemus,
1804 4283 2001 4339 neque

343 4343 604 4401 Ecclesia
628 4345 726 4401 Dei
759 4349 802 4415 (i
827 4347 962 4404 Cor.
1003 4365 1083 4419 x1,
1117 4349 1226 4422 27).
1281 4351 1632 4426 Quicunque
1675 4357 2004 4415 manduca-

342 4432 489 4490 verit
516 4449 760 4506 panem,
790 4436 883 4492 vel
932 4437 1147 4494 biberit
1181 4440 1430 4497 calicem
1462 4444 1701 4499 Domini
1733 4445 1999 4519 indigne,

339 4539 478 4580 reus
508 4524 615 4580 erit
646 4525 913 4599 corporis
946 4532 1001 4584 et
1032 4530 1343 4600 sanguinis
1367 4532 1625 4589 Domini.
1664 4536 1871 4592 Probet
1898 4553 2002 4594 au-

341 4618 463 4670 tem
482 4614 750 4688 seipsum
770 4615 979 4690 homo,
1009 4624 1066 4675 et
1090 4619 1170 4676 sic
1203 4621 1276 4677 de
1312 4637 1470 4696 pane
1497 4623 1596 4680 illo
1633 4625 1789 4694 edat,
1824 4631 1880 4682 et
1927 4629 2001 4684 de

342 4703 526 4760 calice
574 4699 762 4762 bibat.
816 4705 922 4768 Qui
955 4709 1114 4766 enim
1167 4711 1520 4782 manducat,
1578 4718 1633 4770 et
1663 4715 1863 4773 bibit:
1910 4717 2001 4774 in-

340 4793 541 4865 digne,
586 4793 885 4865 judicium
967 4798 1080 4855 sibi
1151 4801 1485 4858 manducat
1537 4807 1590 4859 et
1653 4804 1805 4862 bibit
1878 4788 2002 4865 non

341 4884 683 4976 dijudicans
705 4903 924 4963 corpus
954 4888 1191 4946 Domini
1221 4909 1232 4959 ;
1267 4892 1435 4968 quod
1481 4893 1529 4947 si
1566 4910 1677 4949 nos
1708 4897 2001 4976 metipsos

343 4971 838 5045 dijudicaremus,
897 4993 1022 5034 non
1071 4979 1278 5054 utique
1333 4981 1798 5056 judicaremur;
1855 4971 2003 5046 dum

338 5059 687 5134 judicamur
739 5071 940 5122 autem
992 5083 1027 5124 a
1077 5069 1332 5126 Domino
1363 5071 1739 5146 corripimur,
1774 5080 1835 5133 ut
1879 5094 2003 5134 non

344 5166 484 5241 cum
531 5151 646 5208 hoc
702 5155 933 5212 mundo
983 5157 1366 5216 damnemur.
1418 5163 1460 5233 (Ι
1521 5163 1657 5219 σον.
1716 5182 1837 5238 xw,
1888 5167 2001 5241 20).

342 5240 579 5297 Fratres
604 5243 739 5312 mei,
761 5244 943 5299 nolite
963 5248 1134 5318 pueri
1156 5248 1307 5305 efﬁci
1327 5252 1623 5325 sensibus,
1644 5256 1745 5311 sed
1775 5240 2005 5315 malitia

342 5329 578 5403 parvuli
636 5334 862 5389 estote:
915 5335 1192 5394 sensibus
1249 5345 1451 5397 autem
1505 5342 1750 5416 perfecti
1797 5352 2000 5406 estote.

347 5419 538 5511 (ibid,
571 5436 625 5476 υ.
681 5421 791 5494 34).
849 5424 1115 5482 Mulieres
1148 5427 1208 5484 in
1265 5431 1527 5488 ecclesiis
1579 5437 1833 5511 taceant,
1879 5454 2005 5496 non

347 5508 506 5565 enim
534 5511 896 5582 permittitur
927 5514 1010 5570 eis
1042 5515 1207 5591 loqui
1238 5519 1345 5575 sed
1377 5522 1648 5581 subditas
1680 5508 1828 5597 esse,
1855 5528 2006 5588 sicut

350 5599 406 5688 et
450 5597 759 5688 lexdicit.
815 5601 1008 5674 (ibid,
1043 5619 1096 5661 υ.
1130 5609 1217 5662 38.
1281 5609 1338 5665 Si
1376 5612 1480 5684 qui
1512 5616 1712 5670 autem
1744 5599 2003 5688 ignorat,

348 5684 994 5779 ignorabiturJtaque,
1028 5694 1259 5766 fratres,
1319 5700 1687 5759 aemulamini
1745 5684 2004 5779 prophe-

353 5776 513 5865 tare}
545 5778 601 5830 et
632 5774 799 5847 loqui
849 5779 1069 5852 linguis
1115 5785 1297 5842 nolite
1357 5791 1696 5861 prohibere.
1732 5774 1893 5865 (σοπῖ
1923 5813 2001 5864 xv

357 5859 444 5923 33)
467 5861 869 5934 Corrumpunt
898 5885 1096 5929 mores
1124 5872 1320 5932 bonos
1350 5859 1653 5952 colloquia
1674 5859 1859 5944 mala.
1941 5867 1944 5870 ’

2115 3279 2199 3349 ll)
2217 3278 2397 3334 Nolite
2429 3278 2883 3334 communicare
2901 3277 3186 3350 operibus
3213 3276 3596 3333 infructuosis
3614 3280 3774 3332 tene-

2109 3365 2381 3430 brarum,
2439 3367 2636 3437 magis
2691 3370 2892 3422 autem
2952 3366 3296 3438 redarguite
3333 3385 3346 3434 ;
3383 3365 3569 3438 (ibid,
3603 3381 3653 3422 υ.
3712 3365 3774 3420 18

2107 3455 2288 3512 nolite
2320 3456 2605 3511 inebriari
2637 3456 2800 3528 vino,
2857 3457 2918 3512 in
2984 3472 3106 3529 quo
3167 3460 3256 3511 est
3280 3455 3536 3512 luxuria.
3580 3455 3774 3526 (Ibid,

2110 3561 2166 3612 υ,
2219 3546 2310 3616 22)
2363 3545 2628 3602 Mulieres
2686 3546 2829 3601 viris
2881 3545 3005 3601 suis
3039 3545 3293 3601 subditae
3321 3545 3457 3616 sint,
3489 3544 3639 3600 sicut
3666 3545 3775 3599 Do-

2109 3633 2298 3701 mino,
2373 3634 2670 3707 quoniam
2724 3634 2815 3690 vir
2889 3637 3072 3707 caput
3146 3637 3234 3690 est
3287 3633 3571 3701 mulieris,
3627 3633 3775 3688 sicut

2110 3723 2377 3780 Christus
2408 3727 2590 3794 caput
2645 3726 2739 3779 est
2792 3723 3086 3780 Ecclesiae.
3119 3723 3259 3789 Viri,
3311 3722 3534 3792 diligite
3558 3737 3774 3778 uxores

2109 3816 2360 3879 vestras,
2437 3811 2591 3867 sicut
2675 3816 2731 3868 et
2809 3813 3074 3868 Christus
3152 3812 3356 3868 dilexit
3430 3811 3770 3880 Ecclesiam,

2109 3904 2165 3956 et
2193 3901 2460 3972 seipsum
2491 3901 2734 3957 tradidit
2765 3917 2875 3974 pro
2904 3917 2997 3970 ea,
3033 3906 3096 3958 ut
3143 3901 3306 3957 illam
3357 3900 3770 3970 sanctiﬁcaret,

2107 3991 2416 4046 inundans
2465 3989 2706 4047 lavacro
2739 4007 2912 4063 aquae
2943 3991 3004 4046 in
3035 3990 3213 4048 verbo
3243 3991 3398 4057 vitae,
3432 3993 3498 4046 ut
3526 3989 3768 4045 exhibe-

2106 4082 2196 4135 ret
2222 4079 2350 4151 ipsc
2373 4078 2484 4134 sibi
2506 4095 2642 4135 eam
2678 4080 3025 4149 gloriosam.
3062 4081 3172 4146 Qui
3206 4095 3378 4136 suam
3412 4095 3662 4136 uxorem
3691 4079 3772 4136 di-

2105 4168 2253 4239 ligit,
2285 4169 2553 4243 seipsum
2583 4169 2794 4238 diligit.
2830 4174 3014 4227 Nemo
3047 4171 3207 4226 enim
3237 4185 3508 4242 unquam
3532 4185 3775 4225 carnem

2111 4275 2288 4315 suam
2315 4257 2456 4314 odio
2486 4259 2717 4327 habuit,
2753 4260 2859 4315 sed
2880 4260 3062 4316 nutrit
3099 4265 3156 4315 et
3185 4259 3344 4316 fovet
3371 4275 3526 4328 eam,
3559 4259 3777 4315 sicutet

2112 4350 2377 4406 Christus
2434 4350 2777 4406 Ecclesium.
2837 4350 3082 4420 (Ephes.
3122 4367 3180 4421 v,
3214 4355 3306 4418 29)
3357 4349 3500 4420 Filii,
3537 4349 3776 4407 obedite

2111 4438 2462 4511 parentibus
2490 4439 2702 4495 vestris
2725 4439 2786 4494 in
2808 4439 3085 4509 Domino,
3101 4439 3216 4495 hoc
3234 4439 3394 4495 enim
3411 4440 3644 4512 justum
3667 4442 3773 4494 est.

2113 4528 2351 4599 (Ephes.
2393 4545 2471 4598 v1,
2509 4529 2555 4592 1)
2587 4531 2652 4584 Et
2680 4545 2789 4584 vos
2820 4533 3046 4601 patres,
3070 4529 3252 4586 nolite
3279 4529 3358 4585 ad
3388 4528 3768 4587 iracundiam

2110 4633 2440 4690 provocare
2469 4618 2624 4673 ﬁlios
2653 4622 2904 4689 vestros,
2930 4619 3035 4674 sed
3065 4619 3314 4676 educate
3347 4617 3476 4675 illos
3508 4619 3569 4675 in
3605 4619 3780 4675 disci-

2111 4706 2278 4778 plina
2305 4709 2361 4762 et
2400 4706 2774 4779 correptione
2806 4708 3062 4763 Domini.
3103 4707 3266 4764 Servi
3297 4707 3534 4764 obedite
3566 4707 3766 4763 domi-

2112 4795 2205 4850 nis
2233 4795 2577 4852 carnalibus
2608 4812 2748 4852 cum
2789 4797 2955 4853 omni
2986 4797 3218 4864 timore,
3271 4802 3327 4854 et
3380 4801 3657 4860 tremore,
3716 4798 3777 4854 in

2113 4884 2430 4957 disciplina
2460 4890 2517 4942 et
2559 4887 2935 4959 correptione
2991 4887 3246 4944 Domini.
3303 4886 3484 4954 Servi,
3539 4886 3776 4943 obedite

2114 4974 2376 5030 dominis
2397 4974 2741 5032 carnalibus
2776 4993 2914 5033 cum
2946 4977 3110 5033 omni
3143 4977 3376 5042 timore,
3405 4979 3461 5033 et
3497 4979 3773 5045 tremore,

2113 5063 2175 5119 in
2203 5064 2578 5137 simplicitate
2608 5065 2821 5122 cordis
2850 5066 3047 5139 vestri,
3081 5066 3232 5124 sicut
3253 5066 3483 5123 Christo
3516 5082 3529 5122 :
3553 5081 3680 5122 non
3700 5067 3776 5122 ad

2114 5153 2358 5210 oculum
2415 5155 2760 5223 servientes,
2818 5155 2997 5229 quasi
3043 5155 3392 5212 hominibus
3449 5154 3773 5229 placentes,

2115 5243 2221 5298 sed
2254 5249 2315 5298 ut
2345 5245 2496 5298 servi
2529 5244 2761 5314 Christi,
2809 5243 3093 5301 facientes
3121 5245 3495 5301 voluntatem
3541 5244 3642 5300 Dei
3700 5259 3769 5300 ex

2116 5333 2340 5402 animo,
2367 5350 2506 5389 cum
2522 5333 2684 5389 bona
2702 5335 3026 5391 voluntate.
3046 5337 3112 5391 Et
3134 5351 3259 5407 vos,
3284 5334 3535 5404 domini,
3561 5333 3773 5390 eadem

2114 5421 2289 5495 facite
2347 5423 2483 5495 illis,
2576 5424 2945 5481 remittentes
3007 5424 3243 5481 minas:
3305 5424 3558 5481 scientes
3612 5423 3777 5497 quod

2117 5517 2172 5570 et
2200 5511 2460 5580 illorum,
2490 5516 2547 5569 et
2575 5517 2768 5569 vester
2792 5515 3080 5570 Dominus
3111 5517 3200 5571 est
3246 5515 3307 5570 in
3339 5514 3528 5580 caelis,
3557 5518 3614 5572 et
3645 5530 3777 5588 per-

2115 5617 2404 5658 sonarum
2435 5601 2704 5674 acceptio
2737 5603 2902 5675 apud
2925 5604 3111 5659 Deum
3144 5618 3266 5660 non
3289 5607 3395 5660 est.

2189 5712 2273 5764 An
2299 5712 2722 5767 PHILIPPENSES.
2753 5710 3004 5781 (Philip.
3041 5728 3102 5780 ιι,
3137 5715 3190 5779 3)
3219 5709 3369 5767 Nihil
3407 5727 3514 5784 per
3534 5714 3775 5768 conten-

2118 5799 2363 5865 tionem,
2385 5815 2581 5872 neque
2602 5816 2708 5874 per
2729 5802 2975 5858 inanem
3000 5800 3274 5874 gloriam,
3301 5799 3406 5860 sed
3446 5800 3507 5856 in
3533 5797 3775 5873 humili-

2121 5889 2241 5947 tate
2273 5887 2611 5960 superiores
2630 5890 2743 5948 sibi
2770 5890 3027 5969 invicem
3057 5891 3434 5974 arbitrantes,
3483 5906 3608 5949 non
3640 5906 3776 5972 quae
