3950 6390
158 302 302 366 M37

1217 303 1691 360 FLORILEGIUM
1729 301 1816 356 ιιι
1853 299 2087 357 ςιοιιΑ
2129 303 2540 362 SCRIPPURA.

3458 313 3594 373 1438

149 440 275 490 ρας
301 428 446 486 sunt
493 424 714 494 singuli
750 424 1219 494 considerantes,
1253 428 1354 484 sed
1398 443 1472 483 ea
1514 442 1652 499 quas
1681 425 1828 484 aliow
1856 428 1902 482 Α
1939 431 2246 486 seniorem
2277 445 2354 486 ne
2377 431 2804 505 increpaveris,
2828 434 2934 490 sed
2963 435 3217 493 obsecra
3243 441 3309 494 ut
3327 441 3594 511 patrem;

149 529 317 579 rum.
343 515 541 586 (Ibid..
567 531 601 574 υ
631 517 715 581 lt)
744 515 960 572 Omnia.
985 521 1188 573 autem
1214 517 1388 574 tacite
1412 517 1540 573 sine
1563 531 1830 574 murmu-

149 603 517 675 rationibus,
545 608 605 662 et
623 605 1118 674 hmsitationibus,
1148 612 1213 663 ut
1243 607 1372 663 sitis
1401 607 1530 663 sine
1559 605 1826 679 querela,

148 696 214 758 et
245 693 550 768 simplices
579 694 684 753 filii
716 695 836 762 Dei,
869 696 997 752 sine
1026 697 1510 769 reprehensione.

229 792 314 844 AD
329 783 744 844 Comsssxsss.
773 785 926 854 (σοι.
950 803 1008 851 v,
1024 791 1054 842 5
1078 792 1131 842 et
1151 788 1298 860 seq.)
1322 787 1658 845 Mortiﬁcate
1679 801 1825 856 ergo

151 873 439 938 membra
471 879 694 940 vestra.
719 891 861 947 qum
894 881 1036 934 sunt
1060 893 1242 949 super
1275 883 1497 934 terram
1524 896 1537 945 ;
1569 877 1825 933 fornicao

153 962 406 1030 donem,
460 963 933 1034 immunditiam,
992 964 1327 1034 libidinem,
1395 967 1826 1038 concupiscet].

153 1052 306 1116 tiam
344 1053 594 1122 malam,
617 1059 675 1112 et
696 1055 1035 1125 avaritiam,
1068 1071 1202 1128 quae
1243 1063 1331 1114 est
1360 1057 1822 1113 simulacrorum

151 1142 437 1204 servitus.
464 1147 630 1201 Nunc
653 1149 856 1201 autem
878 1144 1159 1217 deponite
1179 1150 1238 1202 et
1265 1163 1369 1203 vos
1396 1147 1623 1218 omnia,
1645 1147 1820 1214 iram,

149 1230 662 1301 indignationem,
707 1233 1022 1305 malitiam,
1071 1235 1536 1308 blasphemiam,
1586 1241 1824 1309 turpem

145 1336 504 1383 semonem
543 1322 619 1380 de
663 1338 766 1380 ore
808 1327 1044 1392 vestro;
1076 1324 1256 1380 nolite
1285 1327 1520 1382 mentiri
1547 1327 1822 1394 invicem,

151 1409 532 1482 expoliantes
585 1427 690 1468 vos
730 1416 992 1470 veterem
1045 1414 1357 1471 hominem
1401 1431 1540 1472 cum
1595 1415 1826 1472 actibus

155 1499 316 1568 ejus,
350 1503 408 1554 et
446 1499 764 1558 induentes
795 1518 1042 1571 novum,
1067 1503 1173 1582 qui
1201 1509 1523 1564 renovatur
1565 1506 1624 1561 in
1658 1504 1824 1574 agni~

151 1585 407 1658 tionem,
469 1587 804 1652 secundum
854 1589 1184 1661 imaginem
1237 1591 1388 1664 ejus,
1447 1593 1552 1667 qui
1605 1593 1827 1656 creavit

153 1691 334 1744 eum;
366 1675 600 1740 induite
643 1693 748 1734 vos
795 1694 937 1748 ergo
984 1679 1138 1740 sicut
1177 1680 1348 1736 electi
1392 1683 1514 1752 Dei,
1555 1683 1746 1739 sancti
1773 1686 1829 1738 et

1931 524 2183 595 juvenes
2212 525 2278 582 ut
2308 520 2558 592 fratres;
2589 537 2743 578 anus
2775 528 2840 580 ut
2867 529 3090 582 matres
3114 541 3130 593 ς
3153 527 3512 599 juvenculas
3533 531 3599 586 ut

1937 627 2173 668 sorores
2212 611 2273 665 in
2327 611 2493 667 omni
2547 613 2838 668 castitate.
2881 613 3101 672 Viduas
3151 615 3407 686 honora,
3458 631 3596 692 quae

1931 717 2070 758 vere
2099 699 2299 756 viduae
2332 703 2494 770 sunt,
2537 699 2589 756 si
2616 716 2740 773 qua
2764 705 2967 759 autem
2994 702 3181 761 vidua
3197 704 3351 762 ﬁlios
3371 711 3476 764 aut
3495 723 3598 765 ne-

1933 789 2106 858 potes
2137 783 2340 850 habet,
2365 783 2558 843 discat
2585 785 2851 856 primum
2881 787 3136 846 domum
3166 805 3346 848 suam
3367 805 3595 864 regem,

1931 877 1991 936 et
2012 877 2291 934 mutuam
2345 873 2540 931 vicem
2579 874 2831 934 reddere
2874 877 3261 948 parentibus:
3292 879 3410 935 hoc
3433 881 3596 938 enim

1930 968 2249 1035 acceptum
2279 964 2367 1021 est
2395 978 2601 1020 coram
2631 964 2770 1019 Deo.
2803 967 2953 1021 Nam
2977 981 3114 1039 qua
3143 966 3206 1023 in
3233 967 3461 1024 deliciis
3486 973 3595 1040 est,

1888 1097 1890 1099 .
1931 1052 2138 1112 vivens
2177 1055 2418 1110 mortua
2451 1056 2578 1120 est;
2611 1052 2801 1110 ethoc
2827 1054 3106 1128 praecipe,
3134 1060 3200 1113 ut
3226 1055 3596 1130 irreprehen-

1932 1140 2134 1200 sibilos
2182 1141 2317 1198 sint.
2367 1139 2425 1196 Si
2475 1141 2614 1212 quis
2667 1145 2872 1199 autem
2925 1157 3197 1213 suorum,
3239 1149 3298 1202 et
3333 1147 3596 1203 maxime

1931 1230 2404 1288 domesticorum
2453 1245 2662 1290 curam
2702 1246 2826 1288 non
2872 1233 3075 1302 habet,
3103 1233 3290 1292 tidem
3337 1235 3596 1306 negavit,

1933 1325 1992 1380 et
2020 1326 2108 1378 est
2136 1320 2365 1378 infideli
2409 1319 2685 1378 deterior.
2717 1322 2910 1379 Vidua
2939 1323 3193 1394 eligatur
3235 1340 3358 1382 non
3396 1327 3598 1384 minus

1936 1411 2252 1480 sexaginta
2299 1426 2625 1481 annorum,
2659 1427 2793 1483 quae
2839 1411 3016 1469 fuerit
3062 1413 3242 1470 unius
3289 1415 3399 1471 viri
3425 1429 3598 1482 uxor,

1932 1500 1996 1559 in
2047 1501 2333 1572 operibus
2380 1499 2557 1555 bonis
2602 1499 3014 1557 testimonium
3067 1503 3320 1574 habens,
3354 1504 3402 1559 si
3443 1504 3598 1561 ﬁlios

1935 1589 2236 1656 educavit,
2261 1588 2312 1646 si
2363 1589 2625 1661 hospitio
2672 1591 2916 1663 recepit,
2944 1591 2993 1647 si
3023 1596 3370 1651 sanctorum
3415 1593 3600 1666 pedes

1933 1678 2102 1747 lavit,
2134 1677 2186 1734 si
2208 1678 2657 1736 tribulationem
2698 1680 3066 1751 patientibus
3105 1681 3597 1749 subministravit,

153 1764 380 1833 dilecti,
412 1766 642 1822 viscera
665 1767 1116 1838 misericordiae,
1144 1768 1597 1841 benignitatem,
1628 1771 1826 1827 humi-
1857 1786 1899 1842 Β
1937 1768 1988 1825 si
2025 1783 2207 1826 omne
2247 1783 2402 1839 opus
2424 1767 2678 1842 bonum
2731 1770 3054 1826 subsecuta
3091 1774 3198 1827 est.
3247 1769 3602 1827 Adolescear

152 1853 407 1923 litatem,
442 1855 827 1926 modestiam,
859 1858 1211 1929 patientiam
1239 1876 1251 1914 :
1282 1865 1705 1931 supportantes
1737 1860 1827 1915 in-

155 1944 354 2000 vicem
380 1948 436 2002 et
467 1945 762 2001 donantes
793 1946 1255 2018 vobismetipsis,
1290 1949 1342 2004 si
1371 1950 1506 2024 quis
1537 1949 1828 2008 adversus

155 2031 428 2105 aliquem
495 2033 679 2090 habet
743 2035 1072 2107 querelam.
1133 2037 1313 2100 [bid.,
1371 2053 1423 2093 v.
1500 2038 1584 2109 17)
1639 2041 1827 2095 Omne

156 2121 570 2196 quodcunque
601 2123 793 2179 facitis
823 2123 885 2178 in
916 2123 1124 2194 verbo,
1158 2130 1263 2181 aut
1291 2126 1352 2180 in
1385 2142 1586 2198 opere,
1622 2129 1828 2184 omnia

153 2211 219 2266 in
245 2213 494 2267 nomine
517 2212 754 2268 Domini
781 2215 917 2268 lesu
939 2213 1169 2280 Christi,
1196 2215 1417 2283 gratias
1440 2219 1683 2284 agentes
1707 2217 1826 2272 Deo

154 2304 214 2357 et
245 2301 400 2356 Patri
420 2317 527 2373 per
563 2301 787 2374 ipsum.
820 2303 971 2374 (Col.
999 2318 1074 2375 ιν,
1108 2303 1156 2374 6)
1194 2306 1399 2360 Sermo
1430 2309 1624 2361 vester
1667 2321 1824 2367 sem-

152 2405 265 2464 per
295 2389 500 2460 gratiaa
545 2390 665 2446 sale
717 2391 793 2450 sit
834 2391 1130 2460 conditus,
1161 2397 1225 2450 ut
1270 2393 1470 2450 sciatis
1512 2393 1824 2468 quomodo

153 2483 431 2553 oporteat
456 2496 564 2536 vos
589 2479 916 2553 unicuique
947 2482 1332 2553 respondere.

223 2573 309 2625 Ac
338 2572 900 2626 Tusssxmmcsasss
937 2574 975 2626 l.
1011 2573 1062 2642 (Ι
1116 2572 1316 2628 Thess.
1351 2589 1407 2641 ιι,
1438 2574 1488 2644 4)
1519 2577 1824 2644 Rogamus

161 2664 368 2714 autem
396 2675 525 2726 vos,
559 2659 791 2728 fratres;
821 2664 886 2715 ut
915 2659 1237 2717 abundetis
1269 2663 1461 2734 magis
1493 2669 1549 2718 et
1574 2681 1825 2736 operam

153 2746 328 2816 detis,
353 2752 419 2803 ut
449 2747 635 2821 quieti
661 2748 803 2817 sitis,
835 2752 891 2808 et
912 2753 976 2805 ut
1002 2754 1270 2807 vestrum
1319 2752 1630 2822 negotium
1676 2768 1826 2822 aga-

155 2836 250 2904 tis,
283 2840 341 2893 et
370 2836 706 2909 operamini
744 2836 1028 2893 manibus
1075 2839 1305 2910 vestris,
1336 2839 1488 2896 sicut
1535 2842 1824 2914 praecepi-

155 2942 294 2981 mus
337 2926 533 2995 vobis,
565 2931 620 2981 et
673 2929 739 2981 ut
788 2927 1037 2982 honeste
1095 2927 1415 2984 ambuletis
1463 2929 1544 2985 ad
1582 2945 1686 2987 eos
1715 2930 1822 3002 qui

155 3015 299 3072 foris
334 3020 496 3085 sunt,
521 3020 577 3071 et
600 3015 822 3071 nullius
843 3015 1072 3087 aliquid
1099 3017 1469 3074 desideretis.

223 3108 312 3160 Αι)
359 3107 912 3160 Tnsssuommssses
941 3108 1007 3161 ll.
1043 3106 1127 3176 (II
1154 3106 1350 3162 Thess.
1384 3123 1464 3172 ιιι,
1498 3109 1552 3180 6)
1578 3109 1816 3163 Denun-

155 3193 381 3249 tiamus
436 3196 638 3248 autem
693 3192 885 3261 vobis,
917 3191 1146 3262 fratres,
1177 3193 1238 3249 in
1288 3194 1531 3251 nomine
1587 3196 1822 3252 Domini

153 3282 342 3339 nostri
383 3285 525 3338 Jesu
570 3282 805 3352 Christi,
859 3287 920 3338 ut
969 3282 1334 3340 subtrahatis
1379 3301 1484 3340 vos
1534 3284 1612 3342 ab
1658 3286 1825 3343 omni

153 3369 335 3428 fratre
383 3371 732 3428 ambulante
791 3370 1149 3432 inordinate.
1210 3373 1390 3444 Ibid.,
1441 3389 1495 3429 υ.
1561 3375 1643 3445 10)
1675 3377 1823 3432 Cum

155 3479 428 3519 essemus
483 3462 647 3536 apud
701 3478 830 3534 vos,
875 3461 991 3518 hoc
1039 3461 1551 3519 denuntiabamns
1598 3465 1823 3524 vobis:

153 3553 448 3624 quoniam
484 3552 535 3608 si
564 3552 701 3626 quis
730 3567 855 3608 non
883 3551 1010 3610 vult
1033 3552 1290 3628 operari,
1323 3570 1433 3610 nec
1455 3553 1783 3616 manducet
1808 3575 1822 3626 ;

153 3642 498 3698 audivimus
537 3641 697 3698 enim
739 3640 891 3698 inter
926 3658 1036 3698 vos
1084 3642 1387 3718 quosdam
1423 3641 1735 3702 ambulare
1761 3645 1826 3702 in

150 3731 371 3804 quiete,
423 3731 570 3788 nihil
623 3735 962 3804 operantes,
998 3731 1103 3787 sed
1161 3733 1392 3788 curiose
1445 3738 1708 3804 agentes.
1744 3734 1824 3791 Jis

155 3825 380 3893 autem,
417 3821 523 3894 qui
558 3821 858 3894 ejusmodi
889 3826 1045 3894 sunt,
1080 3821 1532 3898 denuntiamus,
1567 3828 1623 3880 et
1647 3825 1825 3884 obse-

155 3927 401 3968 cramus
450 3912 512 3967 in
546 3911 799 3967 Domino
843 3913 983 3967 Jesu
1033 3910 1283 3984 Christo,
1320 3916 1384 3968 ut
1412 3928 1553 3968 cum
1593 3913 1825 3970 silentio

153 4005 495 4074 operantes,
527 4017 707 4057 suum
753 4016 978 4073 panem
1035 4001 1424 4056 manducent.
1457 4003 1572 4056 Vos
1599 4006 1822 4074 autem,

155 4089 388 4161 fratres,
421 4091 603 4148 nolite
647 4090 903 4147 deﬁcere
956 4089 1396 4147 benefacientes
1418 4102 1442 4130 α
1480 4089 1562 4157 (in
1594 4091 1824 4148 Christo

155 4183 290 4238 Jesu
317 4183 575 4238 Domino
605 4181 854 4252 nostro).
1538 4187 1542 4190 '

222 4275 306 4328 Ab
355 4271 846 4340 Tmorasus.l([
877 4271 1024 4326 Tim.
1057 4284 1131 4340 ιι,
1158 4273 1212 4335 0)
1260 4267 1536 4327 Similiter
1585 4273 1642 4324 et
1687 4284 1824 4325 mu-

153 4359 324 4418 lieres
365 4363 433 4419 in
469 4361 683 4418 habitu
731 4365 962 4423 ornato,
1012 4375 1152 4416 cum
1209 4359 1593 4428 verecundia,
1623 4365 1680 4416 et
1727 4375 1822 4416 so-

155 4449 401 4510 brietate
455 4454 740 4509 ornantes
787 4467 850 4508 se
897 4465 1022 4506 non
1071 4449 1132 4505 in
1177 4449 1342 4506 tortis
1391 4449 1682 4514 crinibus,
1718 4454 1822 4506 aut

159 4505 1036 4612 aurojvau—tmmagaritiﬁs,vel
1108 4505 1271 4595 veste
1339 4539 1601 4611 pretiosa
1646 4505 1678 4595 ι’
1853 4505 1899 4558 D

159 4631 323 4700 quod
368 4633 543 4689 decet
597 4629 900 4697 mulieres,
932 4628 1348 4701 promittentes
1406 4627 1690 4700 pietatem
1716 4643 1824 4701 per

159 4732 340 4791 opera
377 4723 543 4780 bona
573 4740 587 4791 ;
615 4719 830 4777 mulier
858 4719 922 4776 in
965 4719 1198 4776 silentio
1237 4718 1433 4775 discat
1474 4734 1616 4776 cum
1651 4721 1820 4779 omni

159 4805 526 4876 subiectione
553 4823 566 4862 :
597 4805 814 4864 docere
861 4809 1064 4862 autem
1095 4803 1328 4862 mulieri
1358 4820 1484 4860 non
1515 4804 1823 4877 permitto,

162 4907 353 4966 neque
398 4896 701 4954 dominari
750 4896 810 4954 in
859 4895 1077 4963 virum,
1123 4893 1230 4951 sed
1277 4909 1407 4950 esse
1455 4893 1517 4948 in
1570 4893 1820 4950 silentio.

163 4982 202 5051 (1
259 4987 402 5043 Tim.
476 5003 556 5055 ιιι,
617 4987 700 5056 11)
765 4985 1032 5042 Mulieres
1099 4982 1283 5042 simul
1355 4982 1632 5056 pudicas,
1699 4998 1823 5040 non

165 5071 560 5148 detrahentes,
593 5075 856 5147 sobrias,
886 5073 1092 5129 ﬁdeles
1142 5073 1202 5128 in
1249 5071 1554 5128 omnibus.
1590 5074 1629 5145 (Ι
1677 5073 1820 5128 Tim.

166 5177 243 5229 ιν,
287 5169 339 5235 7)
388 5170 626 5240 Ineptas
680 5169 737 5221 et
795 5164 982 5220 aniles
1041 5163 1278 5219 fabulas
1336 5161 1555 5230 devita,
1616 5176 1824 5217 exerce

166 5256 358 5310 autem
383 5257 645 5330 teipsum
681 5254 760 5310 ad
781 5254 1083 5327 pietatem.
1115 5255 1262 5308 Nam
1295 5250 1630 5323 corporalis
1658 5265 1825 5306 exer-

172 5339 363 5400 citatio
425 5346 505 5403 ad
572 5344 882 5404 modicum
957 5343 1114 5400 utilis
1185 5347 1292 5410 est,
1356 5341 1826 5415 promissionem

163 5427 386 5491 habens
415 5437 572 5509 vitm,
595 5451 732 5510 quas
761 5450 924 5492 nunc
955 5439 1062 5498 est,
1088 5438 1144 5515 et
1173 5433 1406 5490 futurae.
1433 5437 1477 5502 (i
1517 5435 1665 5490 Tim.
1688 5449 1744 5504 v,
1776 5433 1826 5505 l)

231 5588 256 5653 ι
316 5582 446 5637 Haec
477 5581 711 5639 addidit
733 5579 994 5653 Scriptor
1022 5583 1247 5653 noster,
1278 5577 1357 5636 ad
1378 5577 1553 5653 hunc
1566 5576 1824 5653 modum

169 5643 578 5774 iﬁgerpretans,
605 5669 743 5730 quae
771 5643 909 5728 post
949 5643 1313 5710 versiculum
1350 5653 1412 5709 i3
1441 5648 1648 5712 scribit
1677 5651 1824 5708 Pau-

232 5789 260 5829 δ
289 5794 534 5867 Vulgata
568 5814 579 5850 :
613 5794 918 5867 alligabts.

1937 1856 2116 1913 tiores
2147 1860 2350 1914 autem
2402 1839 2615 1913 viduas
2645 1857 2847 1914 devita
2877 1877 2888 1926 ;
2922 1874 3060 1914 cum
3087 1859 3249 1915 enim
3285 1858 3599 1916 luxuriata:

1936 1944 2155 2000 fuerint
2180 1945 2242 2008 in
2272 1945 2522 2014 Christo,
2568 1946 2796 2007 nubere
2828 1947 3038 2014 volunt
3069 1965 3082 2005 :
3111 1947 3402 2006 habentes
3429 1947 3599 2002 dam-

1936 2033 2246 2090 nationem
2274 2033 2442 2106 quod
2476 2034 2737 2107 primam
2772 2035 2960 2098 ﬁdem
3009 2035 3235 2098 irritam
3281 2035 3551 2095 fecerunt
3582 2053 3597 2104 ;

1937 2122 2117 2178 simul
2161 2126 2386 2191 autem,
2414 2127 2470 2178 et
2508 2125 2710 2179 otiosa:
2759 2123 2998 2180 discunt
3045 2124 3290 2180 circuire
3337 2125 3595 2180 domos:

1936 2230 2060 2269 non
2109 2213 2304 2269 solum
2357 2213 2587 2284 otiosae,
2637 2213 2745 2269 sed
2793 2218 2850 2270 et
2903 2214 3196 2282 verbosas,
3239 2218 3296 2271 et
3325 2214 3596 2282 curiosae,

1932 2301 2250 2376 loquentes
2309 2318 2444 2376 quae
2497 2318 2622 2364 non
2694 2307 2945 2376 oportet.
3002 2304 3196 2373 (lbid.,
3249 2319 3302 2358 v.
3355 2303 3441 2370 l7)
3489 2303 3600 2368 Qui

1933 2391 2089 2450 bene
2147 2397 2413 2465 przesunt
2473 2391 2830 2468 presbyteri,
2876 2393 3101 2466 duplici
3148 2393 3378 2449 honore
3435 2392 3602 2465 digni

1934 2480 2254 2553 habentur,
2284 2482 2548 2538 maxime
2595 2481 2700 2555 qui
2733 2481 3012 2539 laborant
3039 2483 3100 2538 in
3130 2483 3338 2548 verbo,
3372 2488 3428 2540 et
3457 2482 3601 2538 doc-

1933 2572 2091 2636 trina
2121 2591 2135 2640 ;
2168 2573 2311 2628 dicit
2365 2572 2526 2630 enim
2579 2573 2919 2644 Scriptura:
2948 2588 3072 2629 non
3101 2573 3129 2614 b
3157 2572 3486 2630 infrenabis
3532 2589 3602 2629 os

1932 2661 2076 2718 bovi
2128 2661 2445 2729 trituranti,
2480 2666 2536 2718 et
2565 2661 2785 2732 dignus
2819 2665 2906 2718 est
2955 2667 3270 2735 operarius
3326 2661 3602 2718 mercede

1933 2766 2067 2812 sua.
2100 2753 2295 2822 (lbid.,
2329 2766 2384 2808 υ.
2426 2752 2516 2824 20)
2546 2751 2869 2812 Peccantes
2912 2767 3121 2808 coram
3168 2751 3454 2808 omnibus
3505 2767 3600 2806 ar-

1936 2855 2071 2909 gue,
2106 2845 2172 2896 ut
2202 2845 2259 2896 et
2289 2840 2484 2896 caeteri
2532 2840 2810 2896 timorem
2858 2839 3142 2896 habeant.
3177 2841 3222 2911 (Ι
3247 2843 3393 2896 Tim.
3427 2855 3504 2908 v1,
3549 2838 3602 2908 1)

1937 2930 2313 3001 Quicumque
2357 2933 2498 2985 sunt
2555 2929 2672 2984 sub
2710 2931 2859 3000 jugo
2916 2931 3090 3000 servi,
3136 2929 3416 2986 dominos
3456 2945 3600 2984 suos

1932 3017 2103 3072 omni
2125 3018 2350 3072 honore
2383 3017 2599 3088 dignos
2630 3017 3011 3074 arbitrentur.
3048 3018 3241 3088 (Ibid.,
3283 3033 3337 3072 υ.
3363 3021 3418 3086 7)
3449 3016 3602 3072 Nihil

1937 3107 2096 3162 enim
2150 3106 2461 3162 intulimus
2492 3107 2552 3162 in
2597 3108 2760 3163 hunc
2806 3107 3058 3162 modum
3093 3124 3106 3175 ;
3140 3107 3307 3161 haud
3344 3105 3600 3161 dubium

1935 3195 2102 3270 quod
2129 3212 2238 3252 nec
2268 3195 2500 3252 auferre
2526 3195 2676 3268 quid
2702 3211 3052 3268 possumus,
3076 3195 3368 3251 habentes
3399 3199 3600 3250 autem

1934 3286 2236 3357 alimenta,
2269 3290 2326 3346 et
2371 3285 2596 3360 quibus
2626 3291 2923 3357 tegamur,
2953 3285 3046 3342 his
3077 3284 3342 3346 contenti
3389 3284 3596 3340 simus.

1934 3379 2085 3433 Nam
2132 3375 2236 3455 qui
2287 3375 2498 3431 volunt
2535 3375 2744 3432 divites
2794 3374 2939 3442 fieri,
3000 3373 3273 3431 incidunt
3317 3373 3378 3428 in
3412 3377 3602 3439 tenta-

1934 3465 2180 3537 tionem,
2228 3469 2284 3525 et
2321 3463 2611 3544 laqueum
2674 3463 2920 3534 diaboli,
2971 3467 3029 3522 et
3077 3463 3374 3522 desideria
3412 3462 3603 3528 multa

1932 3553 2182 3625 inutilia,
2211 3557 2269 3610 et
2297 3554 2534 3622 nociva,
2559 3570 2695 3629 quae
2717 3555 2999 3625 mergunt
3019 3551 3295 3617 homines
3317 3551 3378 3607 in
3405 3549 3600 3616 interi-

1933 3647 2063 3700 tum
2095 3648 2149 3700 et
2176 3643 2601 3720 perditionem.

2010 3738 2090 3789 AD
2144 3737 2471 3791 Τιιιοιιιευιι
2503 3737 2569 3790 ll.
2606 3734 2672 3806 (Ii
2732 3734 2878 3790 Tim.
2915 3739 2972 3803 ιι,
3005 3732 3058 3812 4)
3105 3733 3290 3788 Nemo
3337 3729 3603 3790 militans

1936 3827 2056 3887 Deo
2078 3823 2348 3896 implicat
2376 3839 2439 3877 se
2469 3822 2724 3893 negotiis
2757 3820 3173 3890 saecularibus,
3199 3822 3265 3875 ut
3291 3819 3344 3882 ei
3372 3819 3606 3894 placeat

1938 3913 2032 3969 cui
2065 3929 2126 3970 se
2165 3912 2462 3985 probavit.
2497 3911 2689 3982 (lbid.,
2719 3927 2772 3966 υ.
2829 3912 2911 3981 ti)
2947 3909 3071 3964 Noli
3116 3907 3315 3965 verbis
3365 3912 3605 3974 conten-

1936 4001 2077 4056 dere
2114 4018 2126 4052 :
2158 4000 2237 4055 ad
2265 3999 2415 4054 nihil
2445 3999 2583 4054 utile
2616 4002 2721 4061 est,
2754 3997 2870 4055 nisi
2906 3996 2985 4053 ad
3014 3995 3469 4051 subversionem
3495 4011 3603 4051 au-

1936 4087 2249 4143 dientium.
2271 4091 2289 4114 °
2317 4085 2505 4142 Radix
2537 4084 2812 4140 omnium
2841 4083 3142 4139 malorum
3171 4086 3262 4138 est
3283 4082 3601 4156 cupiditas.

1933 4174 1956 4207 ⁴
1982 4175 2242 4232 Profana
2269 4177 2469 4231 autem
2503 4178 2558 4230 et
2588 4173 2792 4230 inania
2821 4171 3166 4241 vaniloquia
3203 4170 3421 4229 devita.

2007 4269 2089 4320 Αο
2119 4268 2313 4321 Τιτυιι.
2346 4265 2484 4335 (Tit.
2519 4279 2576 4332 ιι,
2624 4264 2669 4334 1)
2705 4262 2796 4318 Τιι
2826 4267 3027 4319 autem
3055 4260 3301 4335 loquere
3332 4277 3469 4334 qua:
3500 4259 3604 4317 de-

1939 4359 2073 4411 cent
2098 4370 2312 4411 sanam
2335 4353 2693 4410 doctrinam.
2720 4357 2901 4410 Senes
2926 4357 2989 4408 ut
3005 4351 3188 4408 sobrii
3219 4351 3356 4422 sint,
3379 4351 3603 4424 pudici,

1935 4444 2286 4518 prudentes,
2312 4443 2441 4500 sani
2479 4442 2543 4498 in
2578 4441 2718 4510 ﬁde,
2738 4443 2799 4496 in
2839 4441 3177 4512 dilectione,
3209 4440 3270 4496 in
3291 4439 3602 4511 patientia.

1938 4541 2102 4592 Anus
2134 4535 2400 4591 similiter
2422 4535 2485 4590 in
2509 4533 2719 4590 habitu
2743 4537 2973 4604 sancto,
2995 4545 3121 4588 non
3150 4530 3601 4598 criminatrices,

1937 4642 2063 4683 non
2120 4626 2263 4682 vino
2313 4624 2573 4681 multum
2622 4623 2964 4688 servientes,
2997 4622 3151 4676 bene
3202 4620 3508 4688 docentes,
3541 4623 3608 4676 ut

1937 4715 2326 4789 prudentiam
2352 4714 2613 4770 doceant
2651 4709 3155 4779 adolescentulas,
3185 4713 3250 4765 ut
3275 4709 3433 4764 viros
3463 4724 3605 4765 suos

1935 4810 2162 4872 ament,
2194 4804 2348 4864 ﬁlios
2380 4821 2524 4866 suos
2569 4803 2858 4873 diligant;
2887 4800 3236 4876 prudentes,
3268 4802 3490 4870 castas,
3512 4815 3605 4854 so-

1936 4895 2347 4966 brias,domus
2388 4910 2598 4950 curam
2643 4892 2956 4958 habentes,
2993 4889 3310 4962 benignas,
3331 4887 3604 4954 subditas

1936 4985 2060 5040 suis
2085 4984 2262 5052 viris;
2293 4985 2544 5055 juvenes
2577 4981 2842 5044 similiter
2874 4981 3111 5037 hortare
3135 4983 3200 5034 ut
3221 4977 3406 5033 sobrii
3440 4977 3556 5033 sint
3589 5013 3602 5063 ς

1935 5075 2076 5150 (Tit.
2095 5091 2174 5145 ιιι,
2193 5073 2520 5152 1)ειᾱιιιοιιθ
2541 5071 2694 5144 illos,
2724 5069 3118 5145 principibus,
3134 5073 3192 5124 et
3207 5065 3604 5140 potestatibus

1935 5163 2207 5220 subditos
2239 5162 2566 5233 esse,dicto
2598 5157 2957 5228 obedire,ad
2987 5173 3166 5215 omne
3187 5173 3342 5230 opus
3368 5154 3604 5211 bonum

1932 5257 2177 5327 paratos
2194 5269 2348 5308 esse.
2367 5251 2678 5313 Neminem
2695 5250 3144 5322 blasphemare,
3161 5260 3284 5302 non
3308 5242 3604 5313 litigiosos

1934 5359 2081 5409 esse,
2109 5343 2214 5398 sed
2237 5341 2564 5412 modestos,
2589 5356 2834 5397 omnem
2856 5338 3237 5395 ostendentes
3262 5337 3607 5390 mansuetu-

1933 5432 2138 5489 dinem
2151 5432 2229 5488 ad
2240 5447 2452 5488 omnes
2475 5429 2772 5486 homines.
2795 5429 2986 5498 (lbid.,
3019 5428 3131 5498 v.9)
3159 5423 3378 5483 Stultas
3401 5423 3602 5480 autem

2001 5581 2059 5632 οι
2089 5576 2236 5632 Tim.
2260 5592 2340 5645 γι,
2367 5579 2451 5632 10.
2482 5572 2847 5644 Allegandus
2885 5572 3090 5644 itaque
3131 5571 3258 5625 erat
3282 5566 3450 5624 locus
3497 5565 3606 5623 iste

1933 5652 2276 5776 an‘tfl‘li.'l‘im.
2296 5735 2356 5790 ιι,
2385 5723 2468 5775 16.
2495 5717 2697 5774 Codex
2714 5713 2898 5772 habet
2915 5719 2970 5790 et.
3001 5711 3173 5769 ίηαηί
3194 5709 3453 5784 loquela’
3498 5725 3606 5788 per

1941 5785 2572 5864 manifestum'utique
2602 5785 3004 5850 Amanuensis
3037 5797 3319 5845 errorem.
