3950 6378
350 305 489 362 M39
1327 299 1683 357 EXCERPTA
1720 300 1764 354 Ε
1800 293 2241 352 PONTIFICALI
2277 294 2334 350 S.
2376 291 2785 349 PRUDENTII.
3651 290 3817 346 1440

349 427 738 501 quaestiones,
761 429 819 482 et
846 425 1250 496 genealogias,
1284 427 1342 482 et
1364 423 1796 490 contentiones,
1825 424 1882 478 et
1908 434 2012 493 pu-
2040 425 2087 478 Α
2125 417 2217 474 tis.
2235 416 2434 489 (Ibid.,
2458 416 2831 489 v.ll)Omnis
2853 418 3056 472 autem
3078 412 3396 486 disciplina
3415 412 3477 468 in
3511 417 3825 486 presenti

354 533 505 588 gnas
531 516 680 587 legis
705 515 905 572 devita
928 533 942 583 ;
964 513 1315 571 haereticum
1331 513 1643 570 hominem
1672 515 1810 586 post
1825 525 2013 567 unam
2123 506 2373 579 quidem
2397 506 2634 563 videtur
2655 521 2778 562 non
2801 520 2938 561 esse
2956 502 3179 574 gaudii,
3195 501 3300 559 sed
3317 503 3601 558 maeroris
3627 520 3643 572 ;
3668 518 3826 576 pos-

354 611 413 664 et
441 604 770 665 secundam
797 604 1234 678 correptionem
1262 603 1483 660 devita.
2127 600 2226 652 tea
2264 599 2469 652 autem
2509 595 2772 651 fructum
2803 592 3264 668 pacatissimum
3302 591 3655 648 exercitatis
3699 609 3822 666 per

427 707 513 760 An
533 707 827 760 Hanaaos.
847 703 1141 774 (Hebmn,
1160 702 1248 774 t2)
1266 702 1489 778 Videte,
1513 702 1742 769 fratres,
1758 715 1836 756 ne
1867 699 1987 756 fort

2260 728 2282 754 ,
2304 683 2515 741 reddet
2528 683 2793 756 justitiae.
2821 683 3023 751 (Ibid,
3048 698 3102 738 v.
3128 681 3214 753 14)
3237 683 3450 737 Pacem
3472 681 3820 754 sequimini

356 795 432 850 sit
448 793 508 850 in
529 792 732 865 aliquo
757 771 1026 848 vestrum
1048 771 1153 848 cor
1176 771 1408 848 malum
1423 789 1877 856 incredulitatis,
1896 789 2018 846 dis-
2126 789 2267 865 eum
2286 773 2594 865 omnibus;
2624 777 2683 865 ei
2701 771 3190 865 ειωοίίῐηίξξλίθοφ,
3223 773 3350 865 sine
3363 786 3495 865 (Ιυᾶ-
3509 786 3709 865 πιθφο
3735 771 3824 827 νί-

356 880 608 939 cedendi
626 860 665 936 5
685 881 803 936 Deo
823 879 959 936 vivo
983 898 998 948 ;
1021 880 1125 952 [Et
1139 885 1272 950 post
1283 880 1712 953 ptura](Hebr.
1726 896 1787 942 x,
1803 879 1891 950 35)
1906 893 2017 934 no-
2126 863 2294 920 ἀθῦίι
2309 867 2518 953 Deum}
2544 864 2751 934 (Ηεῦνο
2775 860 3651 953 XlllyQChMim?frat‘frfiitfiti?
3681 877 3820 919 ma'

355 970 452 1027 lite
478 969 678 1043 itaque
691 969 963 1026 amittere
983 949 1410 1026 conﬁdentiam
1429 949 1708 1035 vestram,
1730 949 1878 1041 quas
1893 982 2022 1024 ma-
2127 957 2270 1012 neat
2284 953 2346 1008 in
2365 951 2540 1043 vobis
2551 957 2627 1043 ,et
2654 951 3124 1043 hospitalitatem
3144 949 3323 1007 nolite
3342 949 3638 1043 oblivisci
3656 969 3671 1043 ξ
3703 967 3821 1024 per

356 1073 541 1130 gnam
551 1057 738 1114 habet
755 1057 1303 1115 remunerationem
1321 1075 1336 1126 ;
1359 1057 1646 1130 patientia
1666 1037 1829 1113 enim
1847 1073 1916 1113 vo

2260 1058 2288 1098 c
2317 1040 2480 1098 enim
2509 1041 2868 1114 placuerunt
2887 1040 3165 1114 quidam.
3185 1039 3413 1110 angelis
3435 1037 3717 1112 hospitio
3730 1056 3820 1095 re-

356 1127 698 1205 necessaria
721 1151 903 1217 est,ut
928 1147 1302 1204 voluntatem
1328 1127 1429 1202 Dei
1453 1146 1736 1203 facientes
1756 1161 1916 1219 repOI

2261 1130 2564 1202 is.(Ibid.,
2591 1147 2644 1187 υ.
2691 1129 3032 1202 t7)Obedite
3080 1127 3415 1202 praepositis
3455 1127 3701 1197 vestris,
3764 1134 3821 1184 et

360 1237 434 1296 tis
475 1234 1011 1308 repromissionem
1040 1235 1248 1303 (Hebr.
1277 1251 1378 1305 xu,
1403 1236 1475 1307 5).
1503 1234 1604 1290 Fili
1649 1234 1752 1300 mi,
1778 1217 1901 1290 ηὸιί
1923 1249 2025 1289 ne-
2135 1221 2268 1292 subj
2279 1224 2442 1278 acete
2461 1219 2581 1276 eis:
2606 1220 2722 1293 ipsi
2743 1219 2906 1276 enim
2924 1219 3286 1292 pervigilant
3309 1217 3484 1291 quasi
3504 1217 3819 1274 rationem

362 1325 584 1397 gligere
614 1325 1004 1398 disciplinam
1041 1325 1298 1396 Domini,
1329 1339 1527 1397 neque
1556 1323 1842 1393 fatigaris,
1876 1323 2026 1379 dum
2135 1310 2584 1385 proanimabus
2603 1310 2816 1366 vestris
2845 1309 3161 1376 reddituri,
3183 1313 3249 1365 ut
3265 1324 3403 1364 cum
3437 1309 3668 1379 gaudio
3697 1309 3822 1365 hoc

363 1415 443 1472 ab
471 1430 544 1471 eo
572 1414 843 1484 argueris
868 1430 883 1470 :
911 1428 1096 1487 quem
1125 1414 1287 1470 enim
1306 1413 1500 1483 diligit
1533 1413 1842 1483 Dominus,
1858 1411 2031 1470 casti-
2145 1401 2386 1470 ἴαοίθοῐιῑ,
2417 1404 2474 1456 ei
2499 1415 2624 1456 non
2651 1404 2981 1470 gementes-

365 1507 513 1606 .831}.
527 1502 791 1606 ﬂafg‘iuat
813 1507 1018 1560 antem
1059 1517 1306 1606 omium?
1354 1502 1564 1566 ﬁlium’
1799 1500 2027 1606 τξδίξίΡίξ·
2213 1537 2533 1589 Ludovicus
2559 1535 2752 1589 Caesar
2780 1538 2968 1590 factus
2996 1538 3311 1589 cor-ouante
3343 1534 3666 1606 Stephano.

369 1596 435 1648 In
454 1591 779 1663 disciplina
820 1595 1200 1664 perseverate
1225 1610 1237 1647 :
1275 1595 1566 1663 tanquam
1597 1590 1730 1646 ﬁliis
1755 1590 1929 1646 vobis
1949 1589 2034 1645 of-
2214 1607 2335 1661 Hoc
2363 1608 2420 1659 in
2445 1609 2577 1660 sede
2597 1625 2748 1679 papa
2778 1589 2985 1676 ωεηο
3008 1605 3386 1679 ιηηοι-Εεεδο
3414 1589 3705 1676 p‘ontife'x.

370 1680 484 1737 fert
505 1695 568 1736 se
589 1681 776 1747 Deus;
801 1680 938 1753 quis
986 1679 1149 1736 enim
1188 1679 1364 1747 ﬁlius,
1390 1695 1574 1752 quem
1619 1695 1742 1735 non
1790 1679 2036 1751 corripit
2215 1677 2928 1753 Eundamenta'renovavit
2958 1682 3165 1753 cuncta
3187 1677 3297 1753 loci
3325 1678 3516 1753 istius.

371 1768 580 1841 pater?
593 1767 766 1833 Quod
799 1748 848 1823 si
878 1770 1046 1823 extra
1068 1748 1454 1840 disciplinam
1477 1767 1634 1822 estis.
1659 1768 1834 1838 cujus
1854 1783 1931 1839 pa

2215 1749 2390 1803 Urbis
2412 1753 2551 1820 jura
2580 1750 2689 1803 ibi
2721 1750 2973 1804 subdens
2996 1748 3217 1804 Praesul
3252 1749 3417 1803 auxit
3447 1750 3667 1804 omnia.

371 1872 516 1930 ceps
532 1856 670 1913 facti
689 1857 833 1912 estis
853 1872 1066 1913 omnes
1092 1873 1105 1911 :
1131 1871 1272 1927 ergo
1303 1855 1579 1923 adulteri,
1606 1860 1662 1912 et
1681 1871 1804 1912 non
1823 1855 1925 1912 ﬁlii
1945 1872 2039 1912 es-

478 1985 497 2010 '
520 1983 792 2036 Fortasse
812 1981 1104 2054 Eusebius
1139 1997 1151 2033 :
1181 1979 1295 2036 Sed
1321 1980 1495 2054 cujus
1548 1979 1798 2037 civitatis
1831 1979 2173 2054 episcopus,
2206 1995 2311 2036 seu
2341 1980 2605 2053 pontifex
2653 1979 2846 2051 fuerit,
2879 1979 3174 2036 Eusebius
3198 1980 3326 2048 iste,
3359 1977 3464 2052 qui
3490 1977 3694 2036 eadem
3734 1996 3824 2036 sa-

374 2067 542 2107 cram
570 2052 902 2120 renovavit,
935 2052 1217 2123 ignorare
1252 2068 1351 2108 me
1373 2052 1584 2109 fateor.

953 2341 1511 2494 EXGERPTA
1566 2343 1702 2492 EX
1756 2339 2427 2494 PONTIFIGAL|
2485 2341 2572 2493 S.
2636 2339 3245 2515 PRUDENTII,

1989 2576 2191 2645 SIVE

1058 2750 1518 2845 ANTIQUI
1558 2749 1884 2831 RITUS
1927 2749 2472 2830 ECCLESI/E
2511 2748 3138 2831 TRECENSIS.

1420 2912 1620 2987 (Apud
1650 2915 1919 2978 Martem,
1944 2912 2021 2970 de
2051 2916 2182 2970 Ant.
2217 2914 2368 2970 Eccl.
2402 2915 2537 2984 Rit.,
2571 2919 2718 2972 tom.
2753 2916 2824 2987 Ι.)

1205 3187 1256 3266 ι
2089 3171 2132 3226 C

2089 3171 2132 3226 Ο
2919 3172 3083 3229 Alia.

621 3319 811 3375 ORDO
850 3320 942 3373 AD
981 3319 1412 3374 VISlTANDUM
1453 3315 1826 3373 INFIRMUM.
2244 3316 2490 3372 Domine
2514 3320 2737 3384 sancte,
2768 3317 2936 3373 Pater
2966 3312 3374 3386 omnipotens,
3406 3315 3627 3368 aeterne
3657 3314 3832 3374 Deus,

472 3428 622 3485 Cum
666 3424 1011 3495 ingreditur
1054 3423 1330 3479 sacerdos
1378 3423 1460 3478 ad
1489 3421 1856 3478 uisitandum
1887 3421 2061 3490 inﬁr-
2171 3409 2281 3461 ϐίοι

392 3531 554 3572 mum
578 3514 848 3582 primum
874 3511 1034 3566 dicat
1061 3526 1074 3565 ε
1103 3513 1223 3565 Pax
1255 3509 1394 3565 huic
1429 3509 1638 3564 domui
1669 3512 1760 3564 lll.
1792 3509 1868 3563 Et
1900 3523 2056 3578 resp.
2242 3514 2458 3569 Postea
2474 3514 2635 3570 dicat
2653 3513 2734 3569 ad
2749 3513 3055 3582 inﬁrmum
3085 3529 3098 3566 ε
3130 3509 3282 3576 Quid
3301 3524 3399 3565 me
3419 3523 3600 3564 vocas
3615 3507 3834 3564 frater?

395 3605 461 3676 Et
487 3617 626 3656 cum
653 3599 926 3672 spiritUO-
960 3599 1186 3654 Deinde
1206 3598 1441 3668 antiph.
1479 3597 1751 3665 BenediC,
1793 3596 2061 3661 Domine.
2171 3604 2505 3672 Respondet
2535 3604 2677 3659 ille:
2706 3607 2770 3658 ut
2800 3601 2948 3658 mihi
2989 3598 3408 3674 paenitentiam
3450 3596 3674 3653 tradas.
3705 3599 3835 3654 Res-

397 3689 651 3746 domum
679 3688 876 3744 istam.
911 3688 991 3742 Et
1019 3692 1383 3757 aspergatur
1407 3701 1568 3758 aqua
1597 3685 1903 3742 benedicta
1927 3701 1957 3741 c

2271 3693 2392 3749 idet
2414 3693 2689 3749 sacerdos
2720 3708 2732 3746 :
2767 3694 2871 3748 Det
2903 3690 3010 3748 tibi
3047 3689 3336 3746 Dominus
3365 3689 3503 3742 Jesu
3571 3685 3831 3741 Christus

397 3781 579 3837 odore
609 3778 856 3834 incensi.
879 3778 1094 3832 Postea
1121 3777 1285 3832 dicat
1317 3775 1667 3832 Orationes:
2173 3781 2434 3837 veniam.
2456 3784 2679 3837 Tamen
2718 3780 2767 3836 si
2811 3779 3098 3835 Dominus
3141 3774 3484 3850 respexerit,
3541 3773 3833 3830 custodies

467 3867 720 3925 Domine
746 3869 920 3934 Deus,
948 3865 1054 3938 qui
1081 3880 1190 3938 per
1219 3863 1566 3937 apostolum
1609 3867 1781 3920 tuum
1829 3861 2066 3918 locutus
2174 3868 2340 3924 illam
2364 3870 2392 3924 ?
2419 3869 2789 3938 Respondet:
2820 3867 3187 3923 Custodiam.

399 3975 484 4025 es,
506 3961 618 4014 etc.
1178 4043 1183 4044 γ
2257 3976 2423 4030 Tunc
2451 3975 2728 4031 sacerdos
2746 3974 2933 4044 faciet
2955 3987 3192 4030 crucem
3214 3986 3244 4027 e
3274 3971 3473 4028 cinere
3503 3983 3682 4038 super
3707 3983 3833 4039 pec'

1147 4043 1313 4100 Alia-
2179 4069 2274 4120 tus
2317 4066 2464 4134 ejus,
2497 4069 2554 4120 et
2603 4043 2865 4130 imponet
2903 4063 3168 4118 cilicium
3218 4074 3398 4130 super
3453 4064 3638 4128 caput
3686 4060 3828 4128 ejus-

473 4154 796 4211 Dominum
824 4155 1026 4208 Iesum
1056 4152 1354 4208 Christum
1405 4168 1544 4207 cum
1575 4150 1742 4207 omni
1768 4149 2068 4224 supplica-
2178 4155 2322 4210 Post
2355 4154 2480 4210 hac
2509 4154 2781 4224 sequitur
2796 4153 3020 4208 oratio:

404 4246 586 4311 tione’
617 4258 926 4313 rogemus’
955 4247 1063 4298 δίο·
2257 4262 2444 4315 Deum
2476 4258 2952 4331 omnipotentem
2989 4272 3060 4313 ac
3089 4252 3563 4320 misericordem,
3592 4251 3693 4325 qui
3720 4266 3832 4306 non

1151 4330 1314 4386 Αίία·
2180 4348 2308 4405 vult
2349 4353 2605 4405 mortem
2639 4330 3048 4420 peccatorum,
3082 4344 3188 4401 sed
3238 4349 3303 4400 ut
3343 4344 3767 4399 convertantur
3786 4343 3836 4394 et

487 4443 800 4507 Succurre,
835 4437 1352 4507 Domine,intirmo
1380 4436 1654 4506 istiN.,et
1676 4436 1914 4494 medica
1931 4450 2072 4491 enm
2179 4439 2408 4502 vivant.
2439 4438 2652 4494 fratres
2699 4437 3053 4504 charissimi,
3080 4433 3382 4508 supplices
3431 4431 3833 4504 deprecemur,

407 4529 654 4605 spiritali
686 4527 1108 4597 medicamine,
1136 4526 1472 4599 utpristinaa
1505 4526 1748 4583 sanitati
1768 4525 2074 4582 restitutus
2181 4533 2245 4586 ut
2276 4544 2636 4585 conversum
2652 4527 2733 4583 ad
2751 4526 2992 4582 veniam
3020 4529 3244 4581 rectam
3266 4520 3559 4579 famulum
3582 4535 3757 4574 suum
3773 4522 3830 4573 Ν.

406 4620 734 4692 gratiarum
759 4617 864 4674 tibi
889 4633 1073 4675 sanus
1097 4616 1316 4672 referat
1339 4616 1625 4673 actiones.
1655 4618 1780 4671 Per.
2181 4617 2607 4674 misericordiae
2639 4633 2762 4672 suae
2792 4616 3032 4671 veniam
3062 4611 3419 4686 propitiatus
3439 4607 3763 4678 indulgeat,
3785 4610 3835 4662 et

1159 4723 1316 4778 Atia.
2185 4707 2236 4764 si
2261 4723 2387 4780 qua
2412 4711 2551 4763 sunt
2577 4705 2893 4779 culparum
2943 4720 3196 4760 suarum
3222 4701 3494 4767 vulnera,
3523 4713 3656 4771 quas
3701 4699 3836 4768 post

2187 4799 2340 4856 sacri
2373 4797 2600 4854 lavacri
2642 4795 2874 4852 undam
2931 4794 3209 4861 attraxit;
3233 4791 3317 4848 ita
3362 4791 3424 4846 in
3465 4789 3579 4844 hac
3607 4785 3836 4859 publica

482 4838 638 4891 Deus
673 4833 774 4903 qui
819 4830 1048 4889 famulo
1074 4835 1179 4887 tuo
1210 4829 1469 4885 Ezechiae
1495 4832 1583 4884 ter
1621 4827 1843 4901 quinos
1879 4841 2076 4884 annos
2187 4827 2340 4903 “cf:
2374 4827 2619 4903 “fw”,
3609 4827 3811 4903 ξ

2188 4889 2564 4946 confessione
2584 4887 2800 4944 delicta
2819 4890 3129 4953 sanentur,
3161 4888 3226 4940 ut
3245 4881 3413 4939 nulla
3435 4881 3498 4936 in
3523 4894 3594 4935 eo
3623 4881 3836 4933 cicatri-

413 4924 492 4982 ad
516 4923 728 4990 vitam,
756 4926 866 4978 etc.

1164 5009 1328 5065 Αιία,
2190 4997 2330 5037 cum
2369 4979 2546 5050 signa
2573 4981 2946 5034 remaneant.
2974 4978 3099 5032 Per.

485 5119 753 5192 Respice,
788 5117 1060 5188 Domine,
1092 5115 1390 5172 famulum
1438 5118 1609 5172 tuum
1647 5115 1709 5170 in
1739 5112 2082 5170 inﬁrmitate
2939 5119 3102 5175 Alia.

418 5209 510 5265 δαί
540 5207 828 5281 corporis,
857 5209 968 5262 θίαν
1190 5295 1204 5306 ι
1233 5294 1272 5306 Η
2266 5234 2420 5290 Deus
2439 5233 2742 5304 justorum
2770 5227 2980 5299 gloria,
3014 5221 3428 5282 misericordia
3450 5221 3832 5293 peccatorum,

1167 5295 1330 5350 Αίία·
2194 5323 2276 5380 da
2299 5295 2687 5379 huic-famulo
2707 5295 2811 5375 tuo
2838 5320 2904 5372 Ν.
2922 5315 3168 5389 plenam
3187 5308 3575 5383 indulgentiae
3595 5306 3832 5366 veniam.

492 5408 648 5461 Deus
689 5402 796 5476 (ἰαί
834 5402 1105 5459 humano
1154 5401 1434 5472 εθηθνίθι
1461 5401 1668 5458 Salutis
1727 5398 2086 5469 remedium.
2194 5411 2561 5486 poenitentiae
2589 5408 2723 5466 loco
2753 5409 3034 5463 exoratus
3057 5401 3406 5472 indulge,ut
3434 5397 3538 5472 qui
3561 5394 3834 5469 praeterita

422 5498 532 5552 δίο·
2198 5506 2448 5576 peccata
2485 5499 2778 5573 deplorat,
2809 5496 3011 5552 futura
3039 5493 3205 5550 mala
3247 5506 3371 5548 non
3400 5487 3634 5576 sentiat,
3662 5497 3833 5576 neque

1173 5581 1339 5636 Αίία-
2355 5571 2602 5646 ulterius
2623 5585 2889 5656 lugendo
2919 5583 3274 5640 committat.
3327 5577 3564 5634 Dimitte
3586 5575 3636 5631 ei
3655 5571 3834 5630 omnia

497 5687 794 5742 Virtutum
828 5685 1160 5742 caelestium
1189 5687 1364 5758 Deus,
1391 5687 1495 5758 qui
1528 5688 1605 5744 ab
1654 5685 1940 5743 humanis
1966 5699 2093 5742 cor-
2202 5680 2472 5747 crimina,
2506 5683 2563 5733 et
2581 5679 2641 5733 in
2670 5675 2894 5732 semitis
2913 5689 3054 5730 eum
3071 5671 3314 5744 justitiae
3337 5667 3611 5740 placatus
3630 5667 3830 5758 restau-

431 5771 708 5842 POribus,
739 5777 851 5828 etc.
1347 5754 1356 5758 ⁷
1411 5754 1433 5758 “
2203 5788 2310 5828 ra:
2345 5772 2409 5828 ut
2433 5783 2681 5826 securus
2708 5767 3010 5823 mereatur
3040 5761 3326 5834 deinceps
3365 5759 3518 5816 inter
3542 5760 3674 5812 tuos
3701 5754 3830 5812 bene
