3950 6394
124 267 269 322 1641

116 477 286 535 nire.
316 479 441 534 Per.

885 568 1049 625 Alia.

205 657 458 714 Domine
485 660 639 714 Deus
667 658 1564 734 omnipotens,sempiternc,qui
1594 675 1803 733 pecca-

117 751 340 804 torum
369 747 813 819 indulgentiam
844 749 905 805 in
924 750 1306 808 confessione
1332 751 1507 808 celeri
1527 751 1800 824 posuisti,

118 853 421 895 succurre
447 837 655 912 lapsis,
687 854 972 896 miserere
995 840 1187 911 fessis,
1247 845 1314 897 ut
1353 856 1512 914 quos
1561 841 1803 897 delicto-

116 943 277 983 rum
305 931 520 985 catena
548 927 924 1000 constringit,
956 929 1262 987 miseratio
1291 934 1408 987 tuae
1433 929 1672 1003 pietatis
1694 929 1803 986 ab-

129 1015 364 1074 solvat.
396 1017 525 1074 Per.

213 1108 387 1164 Tunc
414 1106 692 1176 inﬁrmus
735 1107 899 1165 dicat
948 1109 1279 1166 orationem
1334 1109 1706 1166 Dominicam
1750 1114 1806 1166 et

116 1196 476 1268 symbolum
524 1213 658 1253 cum
690 1198 1007 1268 signaculo
1035 1204 1258 1256 sancta
1319 1200 1650 1256 Trinitatis.
1702 1200 1805 1254 In-

117 1291 406 1357 terroget
433 1286 712 1344 sacerdos
731 1287 856 1342 ita:

203 1375 315 1430 Vis
331 1374 643 1434 .dimittere
667 1375 782 1444 his,
811 1376 917 1450 qui
947 1376 1008 1432 in
1060 1381 1116 1433 te
1145 1381 1568 1450 peccaverunt,
1601 1377 1808 1434 omnia

116 1469 194 1522 ut
224 1468 290 1520 et
326 1465 482 1520 Deus
512 1464 772 1522 dimittat
803 1465 906 1522 tibi
936 1466 1142 1522 omnia
1194 1471 1442 1539 peccata
1501 1471 1622 1536 tua,
1675 1467 1807 1539 ipso

118 1553 376 1610 dicente
401 1569 414 1606 :
458 1553 517 1609 Si
546 1568 670 1610 non
689 1554 1034 1610 remiseritis
1061 1555 1412 1611 hominibus
1441 1559 1689 1628 peccata
1712 1571 1810 1612 eo-

118 1659 300 1713 rum,
331 1659 442 1700 nec
472 1643 646 1700 Pater
672 1648 871 1700 vester
901 1645 1155 1701 ccelestis
1185 1644 1441 1702 dimittet
1467 1645 1641 1702 vobis
1669 1661 1808 1718 pec-

1155 265 1507 322 EXCERPTA
1536 268 1578 320 E
1605 262 2045 323 PONTIFICALI
2073 268 2128 323 S.
2164 264 2543 324 PRUDENTII

117 386 362 446 meritis
391 401 647 458 currere,
673 389 730 444 et
757 387 837 444 ad
866 388 1036 462 pacis
1069 393 1291 448 (eterna
1310 389 1560 462 prmmia
1588 405 1796 464 perve-
1826 393 1874 446 Α

3431 278 3569 333 1142

1984 481 2303 540 Benedicat
2332 485 2386 539 te
2405 483 2565 540 Deus
2586 393 3110 555 P::;?.custodiat
3136 489 3380 545 teJesus
3407 490 3572 548 Chri-

1911 573 2058 628 stus.
2089 576 2200 628 etc.

1967 587 2038 627 us
2089 576 2146 629 et
2187 615 2200 628 .

1984 589 2300 720 Benedicat
2326 666 2382 719 te
2437 663 2592 720 Deus
2652 666 2842 736 Pater,
2911 669 3086 723 sanet
3131 671 3187 724 te
3219 666 3321 724 Dei
3371 667 3569 740 Filius,

1912 752 2022 807 etc.

2675 843 2722 898 A
2737 843 2824 900 lia

1983 927 2376 1002 Omnipotens
2404 930 2766 1004 sempiterne
2779 932 2934 990 Deus
2953 933 3061 1006 qui
3081 934 3364 992 subvenis
3385 935 3448 994 in
3467 952 3573 1010 pe-

1874 1099 1876 1101 ,
1913 1014 2135 1082 riculis,
2165 1021 2275 1074 etc.

2227 1107 2680 1164 Benedictiones
2709 1124 2886 1180 super
2931 1111 3262 1180 inﬁrmum.

1988 1193 2281 1250 Dominus
2305 1195 2482 1252 Jesus
2508 1195 2774 1254 Christus
2804 1198 2970 1271 apud
2992 1203 3050 1256 te
3067 1200 3162 1270 sit,
3192 1205 3258 1258 ut
3285 1205 3340 1258 te
3369 1201 3574 1259 defen-

1915 1281 2041 1351 dat,
2069 1287 2180 1340 ctc.

1990 1371 2308 1430 Benedicat
2332 1377 2387 1430 te
2417 1374 2574 1429 Deus
2604 1374 2758 1444 coeli,
2793 1379 2904 1433 etc.

1990 1460 2312 1518 Benedicat
2336 1466 2390 1518 te
2421 1465 2580 1518 Deus
2621 1465 2808 1534 Pater,
2843 1464 3032 1538 quiin
3062 1466 3359 1540 principio
3398 1481 3580 1526 cunc-

1918 1553 1980 1606 ta
2019 1551 2258 1622 creavit,
2281 1556 2396 1608 etc.

1992 1641 2148 1694 Deus
2181 1641 2371 1708 Pater,
2403 1643 2560 1696 Deus
2602 1640 2802 1711 Filius,
2835 1644 2990 1699 Deus
3022 1644 3274 1717 Spiritus
3312 1651 3578 1718 sanctus,

122 1736 276 1790 cata
296 1735 495 1789 vestra
514 1732 543 1788 ‘I
573 1733 644 1789 Si
666 1748 787 1789 non
822 1735 950 1789 vult
1001 1734 1320 1802 dimittere,
1364 1750 1486 1792 non
1514 1736 1805 1805 suscipias
1835 1748 1880 1802 Β
1921 1731 2030 1784 etc-

123 1825 268 1894 ejus
303 1822 750 1892 confessionem.
784 1824 858 1878 El
892 1824 1132 1895 require
1185 1839 1319 1881 eum
1375 1825 1701 1896 diligenter
1754 1824 1808 1880 si

123 1919 217 1970 est
249 1913 665 1984 incestunsus;
691 1917 746 1969 et
776 1913 830 1968 si
850 1913 981 1968 vult
1019 1913 1319 1970 dimittere
1366 1915 1496 1982 ipsa
1555 1915 1804 1984 incesta,

123 2001 212 2058 da
241 2001 304 2056 ei
320 2001 764 2072 paenitentiam;
792 2007 846 2057 et
866 2001 920 2057 si
947 2017 1067 2058 non
1091 2003 1240 2070 vult,
1275 2004 1404 2058 noli
1425 2003 1574 2059 dare
1601 2004 1659 2058 ei
1676 2017 1805 2072 pte-

122 2091 478 2148 nitentiam.
507 2090 583 2145 Et
608 2095 744 2160 post
774 2091 900 2148 hwc
921 2092 1284 2160 conﬁteatur
1308 2092 1512 2148 omnia
1556 2097 1808 2162 peccata

123 2194 246 2238 sua
288 2184 584 2250 quantum
617 2179 932 2236 recordari
952 2185 1183 2250 potest:
1240 2187 1295 2237 et
1322 2187 1456 2251 post
1489 2179 1614 2236 hanc
1643 2181 1807 2237 dicat

126 2267 265 2326 haec
292 2268 518 2324 verba:
567 2267 746 2325 Multa
776 2272 938 2338 sunt,
967 2268 1240 2332 Domine,
1298 2274 1549 2342 peccata
1578 2284 1716 2325 mea
1743 2269 1802 2326 in

125 2355 364 2424 verbis,
395 2355 456 2411 in
487 2355 681 2428 factis,
707 2356 769 2413 in
804 2357 1290 2427 cogitationibus.
1319 2359 1399 2414 Et
1443 2359 1693 2416 inclinet
1748 2374 1809 2417 se

126 2447 217 2504 ad
243 2461 453 2518 genua
478 2446 826 2504 sacerdotis.
853 2448 1018 2505 Tunc
1065 2448 1228 2505 dicat
1277 2448 1554 2506 sacerdos
1593 2450 1810 2506 oratio-

129 2551 270 2593 nem
296 2541 439 2606 post
462 2535 930 2606 confessionem:

206 2624 470 2682 Domine
549 2629 776 2693 sancte,
855 2628 1026 2683 Pater
1111 2627 1516 2700 omnipotens,
1589 2630 1808 2684 esterno

129 2715 321 2786 Deus,
356 2717 590 2771 creator
619 2718 678 2771 et
721 2719 1106 2772 conservator
1128 2715 1380 2773 humani
1412 2716 1673 2788 generis,
1703 2716 1810 2790 qui

130 2803 527 2878 peccantium
567 2803 983 2878 paenitentiam
1028 2805 1120 2861 vis
1159 2805 1360 2878 potius
1410 2821 1599 2879 quam
1653 2821 1811 2862 mor-

133 2897 256 2950 tem
287 2911 302 2962 ;
332 2892 499 2948 hunc
531 2908 774 2949 servum
825 2897 1018 2960 tuum,
1068 2893 1173 2966 qui
1233 2893 1447 2950 mundi
1507 2893 1810 2950 erroribus

131 2982 374 3055 lapsus,
413 2985 595 3054 atque
627 2980 851 3037 diaboli
871 2981 1249 3038 infestatione
1297 2982 1608 3054 deceptus,
1640 2997 1808 3054 pros-

136 3075 337 3127 tratus
356 3069 553 3141 jacet:
585 3073 722 3163 ante
769 3073 1170 3163 conspectum
1210 3070 1544 3163 maiestatis
1573 3074 1713 3163 tute,
1745 3075 1808 3126 tu
1839 3108 1880 3163 ο

133 3161 243 3235 qui
268 3159 418 3234 pius
449 3174 513 3215 es
544 3162 602 3215 et
625 3159 984 3229 misericors,
1014 3159 1263 3232 respice,
1292 3163 1351 3216 et
1380 3161 1539 3230 erige
1565 3159 1804 3228 elisum,

138 3249 308 3306 solve
351 3248 786 3322 compeditum,
847 3247 1122 3304 illumina
1169 3265 1419 3319 caecum,
1482 3252 1539 3306 et
1594 3265 1809 3305 revoca

136 3355 281 3396 eum
311 3337 397 3395 ad
428 3336 704 3394 salutem.
739 3336 831 3393 Tu
857 3336 1018 3392 enim
1048 3352 1156 3410 per
1178 3336 1537 3410 prophetam
1569 3336 1805 3394 dixisti:

139 3426 289 3484 Nolo
313 3429 576 3482 mortem
601 3424 958 3498 peccatoris,
994 3423 1102 3480 sed
1134 3429 1195 3480 ut
1226 3429 1610 3482 convertatur
1638 3429 1695 3482 et
1721 3424 1811 3480 vi-

139 3520 241 3572 vat
275 3533 289 3571 :
327 3513 596 3572 concede
627 3513 830 3582 etiam,
861 3513 1129 3582 Domine,
1160 3518 1223 3570 ut
1252 3513 1514 3570 fructum
1558 3513 1812 3585 dignum

141 3603 520 3678 poenitentiae
551 3607 822 3677 peragat,
855 3606 912 3659 et
937 3607 1292 3676 perpetuam
1337 3603 1579 3660 veniam
1629 3603 1815 3677 perci-

146 3710 292 3767 pere
332 3697 659 3750 mereatur.
691 3696 757 3748 Et
793 3691 1067 3749 Ecclesiae
1114 3695 1234 3750 tuae
1275 3696 1498 3751 sancta:
1530 3693 1816 3764 conjunc-

146 3787 241 3840 tus
264 3783 624 3855 gratuletur.
649 3784 773 3838 Per.

153 3932 156 3934 γ
912 3872 1058 3928 Alia

217 3965 306 4020 Da
334 3961 542 4030 nobis,
580 3961 849 4029 Domine,
880 3965 946 4016 ut
984 3961 1138 4018 sicut
1174 3960 1484 4033 publicani
1534 3959 1815 4034 precibus

148 4056 204 4108 et
227 4051 615 4110 confessione
644 4049 920 4122 placatus
947 4064 1035 4116 es,
1069 4048 1154 4104 ita
1179 4053 1237 4104 et
1275 4049 1415 4104 huic
1444 4047 1674 4104 famulo
1705 4052 1809 4104 tuo

150 4143 211 4197 N.
267 4141 540 4216 placare,
573 4138 844 4210 Domine,
897 4141 954 4194 et
999 4137 1280 4210 precibus
1333 4138 1465 4209 ejus
1510 4136 1812 4207 benignus

149 4232 370 4303 aspira,
404 4235 468 4287 ut
493 4229 556 4286 in
578 4228 953 4295 confessione
973 4227 1156 4282 ﬂebili
1176 4241 1565 4299 permanens,
1589 4230 1646 4282 et
1668 4226 1814 4298 peti-

149 4317 306 4375 tione
335 4323 638 4393 perpetua
653 4316 1033 4374 clementiam
1047 4319 1216 4372 tuam
1241 4314 1563 4371 clementer
1586 4319 1812 4384 exoret,

150 4408 455 4482 sacrisque
490 4406 781 4464 altaribus
815 4409 873 4462 et
900 4404 1292 4461 sacramentis
1315 4402 1646 4473 restitutus,
1680 4419 1812 4460 rur-

149 4511 248 4552 sus
278 4497 508 4554 caelesti
547 4495 750 4569 gloria:
779 4494 1178 4567 mancipetur.
1221 4495 1345 4550 Per.

919 4587 1062 4643 Alia

223 4679 619 4752 Omnipotens
651 4679 710 4733 et
756 4675 1094 4732 misericors
1143 4675 1320 4742 Deus,
1354 4671 1657 4730 conﬁtenti
1706 4673 1812 4730 tibi

153 4764 289 4823 huic
316 4766 549 4824 famulo
581 4770 685 4822 tuo
715 4768 778 4822 N.
803 4763 1019 4820 delicta
1054 4779 1166 4836 pro
1196 4767 1300 4820 tua
1336 4762 1557 4835 pietate
1585 4761 1812 4830 relaxa,

159 4856 217 4908 ut
250 4871 372 4912 non
421 4856 561 4928 plus
589 4853 644 4910 ei
682 4857 898 4910 noceat
924 4851 1303 4908 conscientiae
1346 4855 1548 4907 reatus
1578 4849 1659 4906 ad
1687 4866 1814 4923 poe-

155 4956 314 5015 nam,
345 4961 536 5018 quam
561 4942 935 5014 indulgentia
963 4945 1081 4999 tuae
1128 4939 1368 5014 pietatis
1421 4939 1501 4997 ad
1542 4939 1804 4997 veniam.

155 5030 274 5088 Per.

913 5123 963 5179 A
975 5123 1059 5180 lia

222 5209 486 5285 Respice,
510 5212 782 5282 Domine,
804 5211 1098 5286 propitius
1122 5225 1302 5284 super
1313 5209 1477 5267 hunc
1507 5207 1810 5266 famulum

157 5297 318 5356 tuum
343 5304 432 5371 N.,
464 5307 576 5361 etc.

467 5394 800 5452 Conversus
832 5393 914 5450 ad
942 5393 1248 5462 inﬁrmum
1285 5391 1440 5447 dicet
1469 5406 1490 5446 .·

220 5477 554 5540 Misereatur
581 5483 666 5540 tui
690 5481 1076 5554 omnipotens
1108 5483 1289 5548 Deus,
1321 5484 1378 5536 et
1419 5478 1680 5536 dimittat
1707 5477 1813 5536 tibi

161 5559 438 5625 Dominus
468 5577 719 5644 peccata
746 5576 870 5639 tua,
904 5571 1112 5626 liberet
1165 5575 1216 5626 te
1266 5570 1344 5625 ab
1401 5570 1567 5626 omni
1626 5568 1812 5639 malo,

159 5667 466 5724 conservet
493 5663 554 5720 in
583 5664 750 5721 omni
775 5663 961 5734 bono,
1003 5667 1060 5718 et
1105 5661 1400 5734 perducat
1442 5664 1498 5717 te
1526 5659 1588 5717 in
1631 5659 1815 5718 vitam

160 5746 454 5809 aeternam.
487 5756 696 5812 Amen.

2116 1815 2322 1873 Oratio
2345 1817 2427 1873 ad
2455 1819 3020 1877 communicandum
3054 1822 3382 1890 inﬁrmum.

1991 1903 2267 1962 Salvator
2287 1909 2491 1962 noster
2505 1906 2989 1982 Redemptorque
3013 1911 3309 1981 omnium,
3331 1912 3436 1986 qui
3457 1928 3582 1970 non

1918 1992 2113 2050 solum
2151 1994 2606 2067 paenitentibus,
2636 1997 2742 2053 sed
2779 1997 2959 2055 etiam
3003 1998 3098 2054 his
3146 2001 3253 2073 qui
3277 2017 3388 2058 nec
3415 2002 3494 2061 ad
3526 2006 3581 2058 to

1916 2081 2118 2138 venire
2167 2083 2438 2156 cupiunt,
2479 2085 2718 2141 veniam
2773 2084 3103 2156 ultroneus,
3161 2104 3232 2145 ac
3284 2089 3580 2163 propitius

1919 2171 2232 2228 miserator
2272 2171 2570 2243 indulges,
2624 2178 2678 2230 te
2735 2174 3038 2248 supplices
3084 2193 3464 2250 quaesumus,
3515 2183 3584 2236 ut

1917 2259 2079 2317 hunc
2100 2261 2398 2318 famulum
2418 2266 2482 2319 N.
2503 2262 2582 2319 ad
2599 2264 2868 2336 corporis
2893 2269 2949 2321 et
2979 2267 3292 2336 sanguinis
3315 2267 3400 2324 tui
3419 2284 3581 2324 com-

1917 2349 2272 2407 munionem
2301 2350 2536 2409 indulta
2556 2352 2732 2410 venia
2759 2352 2984 2411 caelesti
3011 2354 3432 2414 benedictione
3452 2373 3581 2430 per-

1917 2439 2126 2498 ducas.
2160 2441 2289 2498 Per.

2670 2533 2828 2591 Alia.

1993 2619 2223 2677 Exaudi
2249 2635 2382 2690 nos,
2415 2620 2668 2678 Domine
2696 2623 2854 2678 Deus
2900 2627 3124 2697 noster,
3156 2628 3214 2682 et
3267 2630 3490 2698 praesta
3516 2628 3584 2683 ut

1920 2723 2027 2782 per
2055 2725 2278 2766 manus
2303 2709 2756 2783 impositionem
2787 2717 3004 2769 nostrae
3042 2714 3373 2772 descendat
3403 2731 3585 2789 super

1919 2797 2084 2855 hunc
2111 2797 2409 2856 famulum
2429 2803 2600 2857 tuum
2630 2800 2970 2858 idoneitatis
2986 2803 3298 2874 auxilium,
3325 2805 3430 2879 qui
3449 2821 3582 2863 om-

1920 2887 2102 2943 nibus
2127 2887 2315 2961 lapsis
2341 2889 2590 2945 veniam
2619 2889 2874 2947 libenter
2897 2892 3181 2964 ignoscis,
3230 2900 3288 2951 ct
3313 2895 3582 2952 satisfac-

1922 2976 2148 3032 tionem
2176 2975 2492 3033 contentus
2516 2977 2596 3034 ad
2619 2982 2672 3034 te
2702 2979 3115 3051 complecteris
3156 2983 3393 3051 reverti,
3421 2983 3502 3040 da
3529 2983 3585 3040 ei

1924 3067 1990 3120 ut
2017 3064 2466 3121 communionis
2487 3070 2728 3139 recepta
2751 3067 2965 3139 gratia,
2983 3068 3202 3126 referat
3229 3069 3305 3126 de
3337 3070 3584 3127 saevien-

1926 3156 1981 3212 te
2005 3153 2176 3210 hoste
2203 3152 2540 3226 victoriam,
2560 3158 2862 3227 quatenus
2882 3155 3102 3213 divinis
3129 3157 3400 3216 redditus
3418 3174 3585 3217 men-

1927 3242 2030 3310 sis,
2057 3241 2283 3299 cmlesti
2309 3258 2468 3316 pane
2500 3247 2816 3300 saturetur.
2849 3247 2979 3302 Per.

1998 3334 2163 3389 Tunc
2183 3333 2398 3403 jubeat
2427 3334 2703 3391 sacerdos
2732 3337 2989 3393 recitare
3039 3336 3211 3395 Pater
3239 3343 3478 3409 noster;
3527 3344 3584 3398 et

1924 3436 2060 3479 cum
2085 3423 2404 3493 perfecerit
2437 3424 2601 3480 dicat
2627 3425 2940 3482 collectam
2973 3433 3330 3498 sequentem.

1997 3510 2216 3567 Humili
2245 3516 2464 3580 mente,
2499 3512 2906 3588 charitateque
2935 3514 3174 3585 devota,
3215 3516 3586 3579 immensum

1925 3604 2104 3674 atque
2195 3601 2552 3659 clementem
2621 3603 2811 3660 Deum
2882 3604 3245 3664 invisibilem
3301 3608 3584 3681 petimus,

1927 3694 1992 3746 ut
2032 3689 2346 3763 lapsorum
2399 3691 2656 3762 gemitus
2705 3697 2886 3765 atque
2935 3693 3380 3753 obsecrationes
3407 3713 3588 3754 exau-

1927 3778 2072 3850 diat,
2099 3779 2390 3837 oblivioni
2439 3779 2639 3837 tradat
2677 3781 2951 3853 priorum
2983 3787 3230 3840 actuum
3284 3785 3583 3853 maculas,

1925 3873 1993 3925 ut
2019 3869 2304 3925 eumdem
2356 3872 2420 3924 N.
2479 3869 2593 3926 sub
2639 3869 3016 3940 indulgentia
3043 3872 3280 3945 pietatis
3327 3891 3452 3931 sua:
3504 3875 3585 3932 ad

1927 3973 2113 4014 sacrae
2173 3957 2622 4015 communionis
2681 3959 3202 4032 participationem
3274 3962 3584 4035 perducat.

1929 4049 2052 4103 Per.

2032 4137 2196 4192 Hinc
2218 4136 2396 4193 detur
2424 4137 2787 4206 sacriﬁcium
2817 4138 3058 4208 inﬁrmo
3087 4140 3176 4197 ita
3204 4141 3473 4200 dicendo.

1998 4227 2228 4298 Corpus
2267 4227 2325 4282 et
2367 4225 2614 4297 sanguis
2642 4226 2878 4283 Domini
2935 4229 3124 4286 nostri
3177 4231 3324 4288 Jesu
3376 4231 3587 4290 Christi

1927 4313 2046 4370 sint
2075 4313 2181 4371 tibi
2211 4313 2290 4371 ad
2318 4318 2677 4388 perpetuam
2704 4315 2962 4375 salutem
2992 4318 3088 4376 hic
3110 4318 3243 4378 etin
3269 4326 3584 4380 aeternum.

1923 4407 2134 4461 Amen.

2315 4495 2462 4553 Post
2494 4495 2621 4554 haec
2652 4499 2926 4571 sequitur
2964 4501 3159 4557 oratio

1994 4583 2246 4641 Domine
2276 4589 2502 4654 sancte,
2534 4588 2705 4643 Pater
2733 4587 3143 4661 omnipotens,
3177 4592 3394 4647 aeterne
3407 4589 3585 4662 Deus,

1923 4676 1980 4730 te
2005 4672 2260 4730 ﬁdeliter
2287 4673 2706 4748 deprecamur,
2734 4680 2801 4732 ut
2837 4675 3156 4748 accipienti
3183 4677 3349 4734 fratri
3378 4685 3585 4737 nostro

1924 4765 1988 4819 N.
2024 4769 2478 4820 sacrosanctum
2509 4781 2730 4839 corpus
2747 4769 2804 4821 et
2828 4765 3186 4835 sanguinem
3215 4767 3453 4824 Domini
3474 4785 3584 4825 no-

1924 4851 2028 4908 stri
2056 4855 2198 4908 Jesu
2224 4853 2437 4910 Christi
2465 4853 2588 4910 Filii
2618 4854 2725 4922 tui,
2765 4858 2889 4912 tam
2930 4855 3220 4928 corporis,
3241 4873 3430 4930 quam
3454 4859 3584 4917 ani-

1924 4955 2041 4998 ma:
2071 4941 2146 4998 sit
2173 4941 2355 4998 salus.
2396 4943 2508 4999 Per
2530 4943 2814 5000 eumdem
2839 4943 3185 5002 Dominum.

2164 5033 2594 5090 Reconciliatio
2621 5035 2964 5105 paenitentis
2988 5035 3070 5093 ad
3096 5041 3366 5095 mortem.

1997 5120 2154 5178 Deus
2175 5121 2542 5192 misericors,
2574 5125 2731 5181 Deus
2759 5123 3046 5193 clemens,
3076 5127 3186 5183 etc.

1993 5212 2112 5269 Hic
2139 5212 2454 5284 ungendus
2485 5218 2568 5270 est
2594 5213 2872 5284 inﬁrmus
2892 5215 2966 5272 de
2995 5215 3123 5273 oleo
3150 5220 3377 5274 sancto.
3420 5217 3583 5274 Tunc

1923 5301 1976 5358 si
2003 5303 2312 5372 episcopus
2338 5303 2604 5373 affuerit,
2630 5304 2901 5375 imponat
2941 5305 3064 5362 sive
3088 5305 3436 5375 sacerdotis,
3462 5309 3585 5364 sive

1925 5391 2337 5463 cujuscunque
2425 5391 2656 5461 inﬁrmi
2707 5394 2896 5464 capiti
2938 5409 3185 5452 manum
3233 5413 3247 5453 :
3304 5394 3578 5467 alioquin

1915 5479 2234 5550 presbyter
2302 5481 2699 5538 reconcilians
2743 5483 3093 5553 presbytero
3139 5485 3380 5554 inﬁrmo
3459 5499 3584 5542 ma-

1926 5587 2068 5626 num
2097 5585 2499 5640 superponere
2536 5588 2656 5627 non
2698 5572 2885 5629 debet.
2931 5575 3175 5630 Caeleris
3224 5589 3363 5631 vero
3415 5577 3582 5643 inﬁr-

1925 5661 2037 5717 mis
2085 5667 2454 5732 superponat
2513 5677 2760 5720 manum
2825 5669 2881 5720 et
2941 5663 3105 5722 dicat
3169 5665 3328 5723 hanc
3369 5666 3585 5726 oratio-

1930 5763 2102 5810 nem:
