3950 6368
384 248 520 323 ιω

453 373 845 448 Omnipotens
890 376 1066 442 Deus,
1094 373 1199 447 qui
1224 373 1287 433 in
1312 372 1558 430 nomine
1597 371 1894 443 Unigeniti
1943 370 2037 426 sui
2069 371 2122 427 Δ

380 463 545 525 misit
564 462 851 537 Spiritum
877 467 1179 528 sanetum,
1202 468 1317 536 etc.

553 572 770 629 Postea
792 576 1039 641 accepta
1068 571 1344 641 ampulla
1365 585 1497 627 cum
1528 570 1656 627 oleo
1686 570 1869 627 άὶωεε

455 663 570 719 Per
584 661 767 718 istem
784 660 1135 717 unctionem
1158 661 1221 717 et
1244 660 1346 716 Dei
1365 659 1847 717 benedictionem
1872 667 2045 715 mun-

387 748 606 806 dentur
652 749 733 806 ab
761 748 929 806 omni
980 749 1157 807 sorde
1186 748 1438 822 peccati,
1493 753 1550 806 et
1599 748 2047 806 sanctiﬁcentur

383 852 629 909 manus,
652 841 710 896 et
737 854 830 910 os,
870 853 975 895 cor
1003 850 1270 912 quoque,
1300 841 1521 907 tactus,
1571 838 1884 906 odoratus,
1908 852 2043 893 sen-

383 942 512 996 sus,
540 926 732 997 visus,
761 926 1005 985 auditu
1031 932 1092 985 et
1117 930 1353 998 gustus,
1375 930 1568 987 totum
1588 937 1811 1001 corpus
1836 929 1895 984 et
1915 926 2043 983 ani-

380 1032 486 1076 ma
528 1020 652 1086 tua,
695 1021 760 1074 ut
805 1016 1061 1075 idoneus
1104 1017 1381 1075 eﬂiciaris
1410 1018 1489 1075 ad
1539 1017 1953 1074 invocantium
1980 1015 2045 1071 in

382 1105 631 1163 nomine
657 1105 934 1178 ejusdem
978 1106 1081 1163 Dei
1110 1107 1325 1165 nostri.
1358 1102 1592 1163 Reddat
1616 1104 1724 1163 tibi
1756 1106 2046 1165 Dominus

376 1193 649 1253 iustitiam
690 1194 969 1252 salutaris
990 1194 1105 1260 sui,
1128 1199 1187 1252 et
1228 1195 1443 1268 spiritu
1472 1194 1795 1269 principali
1827 1193 2041 1251 conﬁr-

383 1287 510 1341 met
536 1287 593 1341 te
615 1301 632 1355 ;
656 1284 944 1357 Spiritum
974 1288 1253 1341 sanctum
1307 1285 1556 1341 innovet
1604 1284 1669 1340 in
1716 1283 2048 1340 visceribus

381 1372 520 1441 tuis,
551 1376 713 1430 etne
745 1371 979 1431 auferat
1005 1372 1176 1430 illum
1212 1384 1253 1431 a
1305 1376 1383 1441 te,
1417 1371 1526 1430 sed
1577 1362 1916 1429 benedictio
1944 1368 2047 1426 Dei

385 1462 600 1535 Patris,
627 1465 686 1519 et
710 1462 860 1532 Filii,
887 1466 951 1519 et
977 1462 1231 1536 Spiritus
1257 1462 1451 1520 sancti
1490 1460 1824 1520 descendat
1867 1468 2049 1533 super

387 1554 466 1623 te,
493 1567 633 1623 quae
663 1550 911 1624 copiosa
964 1567 1151 1624 supra
1179 1551 1424 1621 deﬂuat,
1458 1554 1516 1608 et
1560 1551 1623 1607 in
1669 1553 1937 1607 extrema
1965 1551 2049 1604 too

382 1640 503 1697 tius
529 1640 800 1713 corporis
825 1640 911 1698 tui
957 1640 1305 1709 descendat,
1362 1639 1613 1697 interius
1667 1636 2047 1711 exteriusque

1343 248 1700 309 EMMA
1743 250 1787 304 Β
1831 241 2283 303 ΡΟΝΤΙῘὩᾹΜ
2342 244 2398 300 S.
2453 242 2831 301 PIUDINTII

3670 242 3826 302 MM

2831 369 2924 424 Ad
2957 369 3137 438 pedes

2223 478 2391 545 Ungo
2419 475 2531 532 hos
2560 475 2746 548 pedes
2779 475 2853 531 de
2885 475 3018 532 oleo
3047 474 3385 544 benedicto,
3418 479 3483 532 ut
3511 466 3828 550 quidquid

2152 564 2459 637 superﬂuo
2488 564 2583 620 vel
2634 580 2833 621 nocuo
2882 565 3125 621 incessu
3179 563 3639 634 commiserunt,
3697 566 3826 623 ista

2151 652 2391 711 abolent
2419 653 2751 726 perunctio.
2786 654 2916 714 Per.

2222 743 2453 800 Deinde
2481 747 2750 814 ungatur
2770 744 2833 801 in
2864 746 3128 815 gutture,
3161 740 3225 799 tu
3256 742 3434 817 collo,
3465 732 3529 801 in
3551 735 3825 816 scapulis

2152 833 2217 889 in
2241 831 2542 901 umbilico,
2594 848 2693 889 seu
2720 834 2784 889 in
2835 834 2963 890 loco
2992 832 3097 889 ubi
3131 830 3271 903 plus
3294 829 3470 889 dolor
3492 832 3828 892 imminent

2146 927 2558 993 perungalur.
2582 923 2713 979 Hoc
2740 923 2896 979 enim
2922 922 3187 995 faciunt,
3202 925 3271 977 ut
3298 921 3353 977 si
3374 922 3586 995 aliqua
3610 932 3818 980 macu-

2158 1012 2219 1068 la
2250 1011 2528 1080 adhaesit,
2556 1010 2715 1069 hanc
2732 1013 3030 1068 medicina
3054 1012 3168 1068 Dei
3189 1017 3461 1078 sanetur,
3485 1012 3540 1070 et
3563 1018 3709 1070 tunc
3728 1012 3821 1069 di-

2155 1106 2377 1159 tantur
2402 1103 2533 1158 istae
2560 1103 2863 1159 orationes
2899 1108 3084 1172 super
3110 1108 3263 1159 eum.

2229 1188 2460 1262 inungo
2488 1194 2544 1248 te
2573 1180 2649 1247 de
2678 1190 2812 1248 o‘leo
2867 1193 3077 1248 sancto
3119 1191 3182 1247 in
3229 1191 3476 1249 nomine
3523 1182 3730 1261 Patris,
3767 1188 3823 1249 et

2157 1280 2299 1350 Filii,
2322 1284 2379 1337 et
2412 1280 2660 1354 Spiritus
2689 1281 2900 1348 sancti,
2932 1286 2995 1337 ut
3023 1282 3148 1339 non
3178 1270 3361 1339 lateat
3392 1278 3533 1340 inte
3571 1274 3822 1357 Spiritus

2153 1369 2526 1440 immundus,
2566 1380 2762 1444 neque
2791 1370 2852 1427 in
2880 1367 3193 1443 membris,
3224 1376 3424 1446 neque
3455 1370 3517 1428 ni
3544 1371 3823 1428 medullis

2154 1472 2354 1533 neque
2380 1460 2441 1516 in
2471 1459 2593 1517 ulla
2631 1460 2996 1534 compagine
3025 1456 3464 1531 membrorum,
3518 1462 3622 1518 sed
3674 1460 3737 1518 in
3768 1466 3823 1519 te

2159 1550 2389 1608 habitet
2410 1550 2601 1609 virtus
2633 1550 2845 1608 Christi
2886 1551 3161 1609 altissimi
3187 1548 3245 1609 et
3303 1546 3553 1626 Spiritus
3610 1550 3821 1620 sancti,

2165 1643 2468 1713 quatenus
2519 1646 2628 1713 per
2664 1639 2847 1712 hujus
2900 1639 3236 1698 Orationem
3283 1636 3569 1717 mysterii,
3603 1645 3660 1698 et
3713 1656 3821 1715 per

384 1730 444 1784 te
471 1728 699 1801 repleat
726 1732 906 1802 atque
945 1728 1296 1799 circumdet,
1328 1732 1384 1785 et
1433 1725 1507 1785 sit
1558 1744 1797 1801 semper
1826 1733 2044 1785 tecum.
2085 1730 2130 1785 Β
2166 1731 2324 1787 lianc
2347 1730 2567 1787 saerati
2588 1730 2702 1786 olei
2732 1730 3078 1787 unctionem
3108 1735 3289 1804 atque
3314 1730 3581 1788 nostram
3611 1729 3823 1804 depre-

381 1820 595 1874 Amen.

383 1924 488 1983 Sic
512 1924 771 1998 deniqitc
788 1931 982 1997 ungat
1011 1926 1321 1997 aegrotum,
1354 1920 1557 1984 dicens
1612 1918 1721 1983 has
1750 1924 2049 1983 orationes

1086 2016 1342 2083 vicissim
1354 2059 1366 2073 .

457 2125 525 2179 In
545 2122 793 2180 nomine
822 2122 1027 2193 Patris,
1061 2126 1119 2181 et
1146 2118 1292 2194 Filii,
1339 2120 1397 2181 et
1440 2118 1692 2198 Spiritus
1735 2122 1950 2195 sancti,
1977 2123 2053 2181 sit

386 2210 493 2269 tibi
519 2212 646 2268 haec
676 2210 988 2283 perunctio
1008 2212 1125 2269 olei
1146 2212 1637 2271 sanctiﬁcationis
1667 2213 1747 2272 ad
1772 2211 2054 2288 puriﬁca-

386 2301 616 2360 tionem
647 2303 865 2360 mentis
885 2306 942 2359 et
964 2300 1253 2377 corporis.

1132 2413 1304 2468 Item.

461 2522 526 2574 1n
555 2516 802 2574 nomine
822 2516 1030 2588 Patris,
1061 2520 1118 2573 et
1142 2517 1286 2589 Filii,
1335 2520 1393 2574 et
1423 2517 1673 2590 Spiritus
1700 2519 1914 2590 sancti,
1947 2534 2054 2575 un-

390 2622 469 2680 go
496 2610 553 2664 te
581 2606 716 2665 oleo
736 2610 947 2664 sancto
968 2606 1033 2663 in
1058 2605 1477 2664 remissionem
1504 2611 1748 2664 tuorum
1777 2608 2054 2665 omnium

390 2700 783 2771 peccatorum
810 2696 874 2752 in
901 2695 1092 2753 vitam
1104 2700 1415 2755 aeternam.
1440 2698 1657 2754 Amen.

461 2784 619 2844 Dum
647 2786 970 2857 inungitur
994 2791 1275 2857 muretus,
1301 2786 1547 2845 dicatur
1559 2786 1897 2857 anttphona
1915 2788 2055 2844 εδδ-ι

390 2891 476 2935 na
501 2892 622 2946 me,
662 2875 937 2946 Domine,
969 2879 1080 2933 etc.
1140 2875 1492 2946 Sequuntur
1532 2882 1664 2933 octo
1714 2875 1937 2946 psalmi
1973 2877 2056 2933 ad

389 2967 781 3025 imitationem
801 2970 931 3022 octo
954 2965 1410 3035 beatitudinum,
1438 2966 1563 3023 sive
1590 2965 1674 3024 ad
1698 2980 1863 3037 spem
1890 2972 2056 3023 θεία-ι

392 3056 624 3148 vacdiei
649 3056 1124 3148 resurrectionis.
1155 3055 1430 3148 Domine,
1449 3070 1529 3112 ne
1561 3055 1628 3112 in
1656 3054 1861 3148 lurore
1880 3060 1929 3112 4.
1964 3055 2055 3112 Ad
2083 3092 2127 3148 ο

389 3150 451 3205 te
474 3145 691 3207 levavi.
711 3145 873 3204 Beati
898 3157 1185 3219 quorum.
1223 3146 1499 3215 Domine,
1527 3160 1606 3203 ne
1648 3146 1713 3202 in
1768 3146 1970 3204 fluore
1996 3150 2053 3202 2.

391 3235 660 3305 Domine,
696 3232 918 3290 exaudi
951 3238 1000 3289 1.
1035 3235 1117 3288 De
1145 3232 1484 3306 profundis.
1531 3233 1808 3302 Domine,
1835 3232 2057 3290 exaudi

389 3326 446 3382 ι.
476 3322 654 3395 Kyrie
675 3322 921 3379 eleison.
957 3325 1126 3379 Pater
1143 3327 1369 3380 noster.
1404 3322 1716 3392 Capitula:
1759 3324 1885 3393 Ego
1911 3321 2054 3394 dixi,

391 3412 666 3479 Domine,
704 3411 989 3469 miserere
1020 3412 1160 3468 mei.
1212 3415 1588 3481 Convertere,
1618 3411 1893 3470 Domine;
1926 3411 2055 3469 Sale

397 3515 541 3577 vum
587 3499 683 3556 fac
728 3514 968 3557 servum
1008 3503 1202 3557 tuum.
1247 3501 1500 3557 Domine
1548 3514 1839 3560 conserva
1890 3508 2054 3560 eum.

393 3587 667 3655 Domine,
696 3602 880 3660 opem
905 3588 995 3644 fer
1023 3588 1079 3645 ei
1108 3604 1294 3661 super
1343 3588 1589 3647 lectum.
1638 3590 1791 3647 Mitte
1840 3591 1917 3660 ei,
1943 3592 2057 3648 Do-

392 3676 578 3737 mine.
609 3676 767 3733 Nihil
791 3676 1087 3750 proﬁciat.

718 3783 926 3841 Oratio
943 3784 1009 3840 in
1031 3786 1373 3855 superciliis
1401 3786 1732 3843 oculorum.

464 3895 635 3964 Ungo
667 3892 876 3955 oculos
905 3893 1043 3950 tuos
1075 3889 1150 3949 de
1181 3886 1314 3950 oleo
1341 3894 1734 3964 sanctiﬁcato,
1774 3894 1861 3965 ut,
1882 3893 2056 3971 quid-

392 3980 542 4054 quid
569 3979 773 4039 illicito
800 3982 932 4039 visu
959 3980 1282 4055 deliquisﬂ,
1303 3982 1487 4057 hujus
1507 3976 1621 4042 olei
1644 3980 1925 4043 unctione
1951 4001 2053 4041 ex-

391 4070 606 4143 pietur.
637 4073 744 4129 Per
765 4071 1111 4130 Dominum.

926 4176 1027 4238 Ad
1050 4182 1226 4237 aures
1255 4174 1515 4238 deintus.

469 4286 640 4359 Ungo
666 4303 845 4345 aures
873 4288 1093 4347 sacrati
1119 4288 1237 4346 olei
1271 4288 1349 4347 de
1373 4290 1631 4364 liquore,
1657 4293 1725 4349 ut
1753 4290 2054 4364 quidquid

393 4368 785 4435 delectatione
818 4392 1020 4434 nocua
1041 4377 1286 4435 auditus
1311 4378 1649 4436 admissum
1672 4384 1782 4444 est,
1809 4379 2054 4439 modiolo

391 4482 475 4526 na
502 4465 781 4525 salutaris
804 4470 1077 4525 evacuet.
1097 4468 1231 4526 Per.

824 4575 925 4633 Ad
945 4588 1126 4634 nares
1168 4576 1234 4634 in
1258 4577 1622 4635 sumitate.

463 4683 634 4754 Ungo
659 4679 776 4738 has
822 4694 1004 4739 nares
1054 4681 1133 4739 de
1183 4681 1319 4739 oleo
1370 4686 1629 4748 sacrato,
1659 4685 1727 4739 ut
1754 4680 2054 4756 quidquid

390 4770 569 4829 noxis
642 4772 1021 4829 contactum
1090 4776 1182 4829 est
1246 4771 1504 4828 odoratu
1554 4770 1883 4845 superﬂuo,
1940 4772 2055 4830 ista

392 4859 681 4918 smundat
702 4860 1043 4920 medieatio.
1075 4863 1203 4917 Per.

925 4964 1028 5025 Ad
1049 4962 1214 5024 labia
1233 4967 1517 5024 exterius.

464 5076 635 5145 Ungo
658 5068 824 5132 labia
851 5072 967 5132 ista
988 5074 1325 5132 cens‘ecrati
1353 5074 1470 5133 olei
1494 5073 1962 5149 medicamento,
1989 5080 2055 5134 ut

390 5164 691 5238 quidquid
720 5164 912 5221 otiosa
939 5162 1035 5221 vel
1066 5164 1392 5223 criminosa
1441 5164 1707 5240 peccasti
1752 5163 2054 5224 locutione

390 5250 591 5312 divina
614 5252 933 5311 clementia
956 5250 1280 5313 miserante
1301 5255 1572 5329 expietur
1600 5246 1717 5314 hac
1748 5256 2050 5316 unctione.

388 5345 498 5401 Per
521 5336 870 5402 Dominum.

888 5438 989 5513 Ad
1010 5468 1227 5511 manus
1264 5452 1548 5512 exterius.

463 5559 636 5629 Ungo
657 5557 771 5615 has
797 5574 1019 5618 manus
1048 5559 1125 5618 de
1165 5559 1300 5619 oleo
1340 5564 1712 5633 consecrato,
1762 5563 1831 5617 ut
1877 5561 2053 5633 quid-

391 5642 543 5716 quid
554 5643 758 5704 illicito
779 5648 878 5705 vel
895 5648 1077 5707 noxio
1095 5664 1279 5723 opere
1319 5653 1701 5723 peregerunt,
1732 5665 1842 5723 per
1889 5649 2051 5708 hanc

391 5731 741 5791 unctionem
768 5741 1105 5795 evacuetur.
1136 5738 1267 5795 Per.

2166 1820 2467 1877 sationem
2498 1820 2707 1876 virtute
2734 1819 2957 1877 sancite
2980 1814 3276 1878 Trinitatis
3305 1812 3661 1892 medicatus,
3701 1821 3822 1878 sive

2157 1908 2336 1981 fetus,
2364 1909 2683 1982 pristinam
2724 1914 2783 1967 et
2841 1908 3220 1967 melioratum
3251 1908 3514 1985 recipere
3544 1910 3824 1968 merearis

2162 1999 2501 2057 sanitatem.
2532 2000 2645 2055 Per
2678 1999 3003 2057 Dominum
3032 2004 3329 2058 nostrum.

2535 2125 2741 2184 Oratio
2770 2133 2905 2197 post
2934 2128 3277 2185 unctionem
3314 2127 3451 2186 olei.

2232 2234 2395 2301 Jesu,
2417 2234 2688 2291 Salvator
2709 2238 2913 2291 noster
2936 2238 2996 2292 et
3020 2235 3290 2304 Domine,
3321 2234 3426 2308 qui
3451 2250 3518 2292 es
3547 2249 3686 2291 vera
3718 2249 3817 2292 eos

2159 2321 2274 2391 ius,
2309 2328 2369 2379 et
2390 2323 2719 2393 medicina,
2748 2328 2859 2381 etc.

2230 2414 2345 2471 His
2370 2414 2624 2483 expletis
2653 2414 3051 2472 comunieet
3079 2424 3232 2472 eum.

2487 2539 2796 2595 Orationes
2821 2545 2957 2609 post
3002 2538 3495 2597 commuttionem.

2200 2654 2589 2810 tPropitietur
2618 2654 2908 2722 Dominus
2951 2665 3181 2722 cunctis
3233 2665 3648 2739 iniquitatibus
3684 2665 3821 2735 tuin,

2223 2764 2275 2809 c.

2163 2764 2275 2810 etc.

2233 2837 2408 2912 Deus,
2441 2826 2548 2915 qui
2573 2840 2995 2900 conﬁtentium
3024 2843 3131 2901 tibi
3152 2844 3345 2902 corda
3370 2844 3679 2918 puriﬁcas,
3708 2849 3819 2902 etc.

2237 2930 2630 3004 Omnipotens
2657 2932 3019 3007 sempiterna
3059 2935 3243 2999 Deus,
3280 2933 3387 3007 qui
3439 2934 3822 3005 aegritudines

2164 3019 2528 3088 animarum,
2552 3024 2663 3077 etc.

2236 3109 2562 3167 Dominum
2586 3115 2863 3167 nostrum
2891 3113 3095 3169 Jesum
3147 3112 3444 3171 Christum
3473 3128 3615 3171 cum
3656 3113 3824 3171 omni

2163 3198 2625 3281 supplicatione,
2657 3204 2771 3257 etc.

2182 3370 2187 3373 ς
2232 3289 2513 3373 Sequitur
2539 3290 2720 3347 missa
2732 3305 2849 3360 pro
2874 3291 3134 3360 inﬁrmo.
3172 3294 3319 3350 Item
3348 3293 3478 3351 alia
3501 3296 3682 3353 missa
3702 3308 3821 3364 pro

2162 3379 2403 3449 inﬁrmo
2429 3380 2534 3452 qui
2553 3395 2874 3450 proximus
2905 3385 2991 3439 est
3020 3383 3223 3439 morti.

2924 3509 3013 3608 ΙΙ

2234 3677 2335 3736 Ad
2350 3686 2508 3736 noct.
2542 3686 2713 3738 scala
2740 3681 2998 3740 Sabbatt
3023 3683 3118 3739 vel
3138 3674 3393 3753 septinia
3416 3680 3668 3740 sabbati
3692 3688 3812 3741 non

2160 3771 2449 3839 pulsatur
2472 3772 2736 3843 signum,
2769 3787 2958 3843 neque
2981 3772 3064 3828 ad
3089 3784 3302 3829 cursus
3338 3774 3452 3844 per
3495 3772 3670 3838 diem,
3719 3767 3821 3832 sed

2165 3864 2507 3930 tanguntur
2537 3861 2783 3918 tabulae.
2814 3863 2879 3917 In
2895 3863 3248 3932 Parascere,
3272 3862 3384 3919 hoc
3410 3868 3494 3921 est
3510 3864 3671 3935 feria
3696 3880 3824 3921 sea:-

2169 3953 2253 4017 ια,
2271 3948 2354 4005 ad
2383 3949 2655 4019 ofﬁcium
2674 3946 2878 4007 statim
2909 3951 3162 4020 incipiat
3185 3951 3409 4007 lector:
3443 3952 3639 4008 Lectio
3661 3952 3819 4009 οεθω

2161 4036 2495 4109 prophetae.
2517 4034 2654 4093 Haec
2691 4035 2834 4095 dicit
2866 4038 3159 4095 Dominus
3179 4039 3336 4095 Deus
3359 4039 3422 4096 in
3447 4039 3820 4097 tribulatione

2162 4140 2294 4183 sua.
2324 4126 2380 4196 ἡ.
2413 4125 2687 4196 Domine,
2717 4125 2943 4197 audivi,
2977 4130 3087 4183 etc.
3129 4127 3323 4187 Lectio
3350 4115 3488 4185 libri
3520 4127 3725 4186 Exodi.
3759 4128 3819 4184 In

2160 4213 2377 4271 diebus
2399 4214 2517 4270 illis
2557 4214 2710 4272 dixit
2756 4215 3050 4272 Dominus
3099 4216 3181 4273 ad
3222 4219 3470 4291 Moysen
3515 4218 3573 4274 et
3602 4221 3816 4274 aet-on.

2162 4304 2364 4361 Tract.
2424 4302 2596 4376 Eripe
2638 4315 2758 4374 me,
2809 4304 3081 4363 Domine.
3136 4305 3339 4363 Passio
3391 4305 3629 4363 Domini
3682 4306 3818 4363 Iesu

2160 4391 2379 4449 Christi
2403 4392 2740 4449 secundum
2766 4395 3085 4451 Joannem.
3116 4397 3182 4452 In
3209 4394 3314 4453 illo
3333 4398 3602 4470 tempore
3627 4406 3821 4468 egres-

2180 4498 2283 4538 sus
2311 4486 2400 4537 est
2415 4484 2585 4538 Jesus
2613 4486 2779 4540 trans
2799 4486 3143 4554 torrentem,
3174 4488 3285 4541 etc.

2229 4572 2438 4628 Finita
2492 4574 2787 4644 passione,
2837 4575 3128 4631 dicuntur
3170 4578 3470 4634 orationes
3498 4592 3610 4648 pro
3654 4577 3824 4633 omni

2157 4661 2432 4719 Ecclesia
2456 4666 2514 4719 et
2540 4665 2669 4734 ejus
2698 4663 3043 4720 ordinibus:
3076 4664 3290 4737 quibus
3333 4666 3651 4737 perorata,
3695 4678 3821 4723 cor-

2152 4766 2272 4822 pus
2304 4751 2623 4809 Dominum
2642 4754 2844 4824 pridie
2867 4758 3280 4813 consecratum
3324 4757 3531 4827 fertur
3560 4758 3623 4813 in
3670 4756 3820 4814 tate-

2160 4854 2264 4912 na,
2287 4846 2344 4899 et
2363 4844 2616 4911 ponitur
2641 4856 2826 4914 super
2853 4845 3070 4902 altare.
3122 4845 3415 4903 Sacerdos
3465 4854 3603 4904 vero
3654 4854 3821 4904 aerea

2160 4932 2306 4989 dens
2330 4932 2413 4989 ad
2433 4934 2633 4991 altare
2662 4934 2844 4992 dicat.
2880 4936 3151 5007 Oremus,
3200 4935 3518 5010 praeceptis
3551 4933 3821 4994 salutaria

2160 5021 2276 5079 bus
2304 5023 2539 5093 moniti,
2562 5027 2672 5081 etc.
2695 5025 2777 5081 Et
2803 5040 2938 5082 cum
2967 5026 3226 5083 dixerit:
3261 5029 3368 5083 Per
3397 5026 3605 5084 omnia
3633 5034 3820 5083 saecu-

2160 5111 2220 5169 la
2241 5111 2623 5182 szeculorum,
2650 5116 2832 5171 sumit
2848 5115 2923 5172 de
2941 5121 3175 5184 sancta,
3203 5120 3260 5172 et
3281 5118 3459 5186 ponit
3483 5117 3546 5173 in
3576 5118 3821 5174 calicem

2160 5198 2322 5258 nihil
2337 5202 2540 5260 dicens
2574 5219 2588 5259 :
2614 5205 2759 5275 quia
2779 5205 2909 5275 ipso
2937 5204 3035 5262 die
3060 5214 3180 5261 non
3202 5202 3553 5262 conceditur
3580 5206 3634 5263 ei
3660 5200 3821 5263 salu-

2160 5296 2293 5348 tare
2310 5293 2621 5361 poculum.
2656 5296 2745 5350 Ita
2768 5294 2927 5364 ﬁunt
2943 5295 3145 5351 omnia
3181 5310 3291 5365 per
3314 5296 3604 5364 ordinem,
3629 5308 3821 5367 quan-

2157 5382 2234 5439 do
2256 5382 2449 5451 ﬁnitae
2471 5384 2709 5453 fuerint
2731 5384 3031 5442 orationes
3054 5386 3181 5442 istae
3209 5389 3247 5443 α
3290 5372 3615 5455 sacerdote,
3671 5387 3823 5443 sicut

2156 5480 2347 5542 supra
2374 5472 2675 5543 scriptum
2715 5478 2840 5531 est:
2901 5476 3177 5546 Oremus,
3210 5473 3582 5532 dilectissimi
3619 5473 3817 5541 nobis,

2156 5574 2270 5635 pro
2300 5561 2562 5619 Ecclesia
2593 5566 2802 5620 sancta
2824 5562 2947 5636 Dei,
2980 5568 3089 5621 etc.

2228 5652 2470 5709 Interea
2478 5654 2816 5723 procedunt
2832 5654 2953 5710 duo
2965 5660 3241 5713 cantores
3255 5658 3571 5726 portantes
3588 5664 3820 5713 crucem

2148 5741 2339 5810 juxta
2340 5741 2698 5811 positionem
2710 5742 2827 5800 loci
2836 5747 2998 5800 retro
3010 5745 3291 5815 altare,et
3306 5744 3514 5804 dicunt
3525 5756 3663 5802 cum
3681 5740 3823 5803 leni-
