3950 6406
163 246 327 301 1465

135 1173 341 1229 Psal.
378 1175 537 1232 Beati
565 1177 959 1237 immaculati.

223 1263 533 1322 Sacerdos
563 1273 761 1325 autem
793 1269 1116 1329 descendat
1144 1257 1490 1332 reverenter
1516 1289 1650 1334 cum
1682 1292 1837 1335 cem-

129 1354 533 1424 presbyteris
564 1362 621 1413 et
658 1358 1030 1431 diaeonibus,
1062 1367 1119 1420 et
1161 1364 1481 1422 adoratam
1525 1367 1833 1425 deoscula-

130 1446 265 1498 τω·
299 1458 535 1501 crucem
561 1460 576 1501 :
608 1447 887 1506 similiter
921 1443 1244 1524 et'reliqui
1257 1459 1397 1523 post
1420 1457 1577 1525 ipsos
1607 1456 1832 1513 ordini-

135 1529 266 1586 bus
301 1532 444 1588 suis.
477 1534 735 1606 Indeque
772 1540 1161 1597 reascendens
1199 1544 1474 1600 sacerdos
1504 1545 1586 1603 ad
1610 1546 1847 1615 altare.

1172 256 1527 318 EXCERPTA
1565 261 1610 316 E
1646 260 2083 321 PONTIFICALI
2122 265 2179 323 S.
2221 269 2617 330 PRUDENTII.

154 373 306 425 tate
334 370 532 429 vocis:
561 371 790 445 Popule
820 389 1018 447 meus,
1050 379 1162 434 etc.
1195 368 1495 441 Similiter
1537 390 1693 443 stent
1723 386 1842 442 duo
1876 393 1923 443 Δ

150 464 321 515 ante
345 475 582 517 crucem
602 477 625 517 .·
647 465 1049 533 respondeant
1078 469 1142 523 in
1172 471 1375 528 eadem
1399 488 1537 537 voce
1573 476 1847 544 antipho-

146 562 319 603 nam
336 548 537 619 Agios,
553 554 665 607 etc.
681 553 895 610 Graeca
910 555 1135 627 Greece,
1147 559 1361 616 Latine
1381 563 1560 619 etiam
1580 564 1844 621 eamdem

147 639 369 694 omnis
402 641 577 697 tertio
606 644 887 715 reincipit
935 640 1154 703 chorus
1187 665 1200 703 :
1236 650 1489 708 Sanctus
1522 655 1697 721 Deus,
1732 656 1842 709 etc.

143 725 319 781 Post
375 729 601 786 trinam
658 742 796 788 vero
847 733 1349 805 decantationem,
1387 740 1661 798 nudatur
1688 756 1847 798 erue:

144 816 450 884 syndone
497 833 616 890 quo
665 822 996 891 tegebatur,
1029 830 1088 880 et
1132 827 1515 895 respiciant“
1562 831 1668 902 qui
1713 844 1840 888 eam

132 906 492 973 psallendo
513 909 875 967 deduxerint
907 913 971 968 in
1000 917 1314 988 populum,
1343 919 1642 990 incipiunt
1680 922 1842 978 anti-s

136 994 436 1063 phonam
489 998 649 1055 hanc
695 1001 827 1058 alta
878 1016 1052 1060 voce:
1084 1005 1233 1062 Ecce
1259 1006 1494 1075 lignum
1533 1012 1747 1079 crucis,
1775 1010 1841 1066 in

136 1094 297 1154 quo
348 1084 515 1141 salus
565 1088 780 1145 mundi
827 1092 1159 1163 pependit:
1210 1096 1430 1165 venite,
1489 1097 1838 1156 adoremus.
1918 1101 1921 1103 ’

3481 291 3617 348 M46

2530 399 2730 469 Super
2763 404 3045 472 feminas.

2028 495 2182 553 Deus
2211 500 2363 570 cceli,
2400 506 2553 561 Deus
2586 509 2776 578 terrae,
2808 514 2945 580 etc.,
2969 512 3110 570 ibid.

2508 627 2703 703 Super
2730 637 3047 694 masculos.

2024 751 2200 819 Deus,
2231 750 2572 813 immortale
2602 760 2975 833 praesidium,
3006 768 3119 823 etc.

2021 838 2197 908 Audi,
2227 842 2546 909 maledicta
2581 848 2821 919 Satana,
2853 855 2965 910 etc.

2023 929 2178 985 Deus
2200 929 2528 1005 Abraham,
2549 936 2707 994 Deus
2729 942 2917 1009 Isaac,
2943 944 3099 1000 Deus
3127 943 3338 1002 Jacob.

2509 1061 2707 1133 Super
2734 1069 3048 1125 masculos.

2021 1183 2300 1241 Exorcizo
2325 1190 2398 1254 te,
2430 1187 2746 1249 immunde
2770 1194 3033 1269 spiritus,
3065 1201 3174 1256 etc.

2445 1319 2586 1374 Item
2613 1332 2797 1390 super
2822 1323 3104 1392 feminas.

2014 1434 2293 1493 Exorcizo
2323 1440 2398 1508 te,
2425 1439 2741 1501 immunde
2767 1446 3031 1519 spiritus,
3058 1453 3168 1506 etc.

2012 1521 2155 1580 Inde
2180 1531 2393 1597 tangat
2422 1544 2598 1587 aures
2644 1531 2717 1589 de
2762 1542 2959 1609 sputo,
2989 1542 3044 1594 et
3089 1538 3255 1598 dicat
3274 1540 3330 1599 ei
3350 1548 3375 1598 .‘
3412 1534 3600 1604 Eﬂ'eta

130 1621 564 1677 communicat
592 1628 646 1678 et
678 1628 868 1681 omnis
898 1628 1093 1682 clerus
1129 1636 1263 1698 post
1294 1631 1487 1700 ipsum
1508 1648 1535 1703 ,.
1558 1638 1615 1689 et
1640 1648 1830 1704 ρορυ,
1936 1613 2105 1704 quod
2125 1620 2214 1672 est
2237 1616 2572 1693 adaperire,
2595 1618 2655 1676 in
2673 1623 2919 1681 odorem
2942 1628 3270 1687 suavitatis.
3290 1632 3374 1687 Tu
3395 1626 3598 1691 autem

134 1708 272 1763 lus.
328 1708 679 1780 Sequuntur
748 1715 1095 1784 antipltonze
1148 1724 1202 1773 et
1262 1735 1475 1778 rursus
1506 1701 1521 1778 ὲ
1577 1701 1827 1785 Crucem
1856 1744 1900 1801 Β
1939 1701 2226 1801 θῆξὲξλνίῇ
2259 1706 2522 1801 ἀίθδίῨῙβι
2546 1713 3062 1801 51131301313““abit
3084 1718 3382 1789 jUdiCium
3406 1723 3524 1780 Dei-

129 1800 330 1854 tuam
360 1797 712 1871 adoramus,
739 1808 805 1859 ut
834 1804 898 1859 in
915 1806 1085 1862 Alias.
1117 1808 1285 1865 Rom.

212 1890 436 1957 Agnus
458 1888 559 1944 Dei
585 1906 705 1946 non
729 1900 977 1959 canunt,
993 1910 1183 1967 neque
1202 1900 1703 1973 communionem;
1723 1902 1827 1959 sed

125 1979 738 2038 communicantibus
787 1983 1083 2054 omnibus,
1127 1988 1371 2057 expleta
1415 1996 1559 2048 sunt
1597 1992 1819 2049 omnia.

203 2222 484 2286 Sabbato
521 2235 724 2288 soncto
761 2214 1015 2290 Pascha?
1045 2236 1253 2307 agitur
1290 2239 1559 2308 primum
1601 2236 1820 2299 litania

122 2322 397 2387 septena
434 2326 687 2390 propter
727 2323 1134 2393 septiformem
1161 2325 1428 2395 Spiritus
1454 2331 1652 2386 sancti
1671 2348 1815 2402 gra-

123 2408 315 2463 tiam.
350 2409 557 2477 Agnus
584 2409 684 2465 Dei
713 2426 835 2467 non
861 2413 1127 2484 canitur,
1149 2415 1269 2471 nisi
1292 2417 1353 2472 in
1377 2420 1552 2475 terna
1573 2420 1813 2489 litania,

119 2510 269 2566 quae
298 2496 389 2551 ad
416 2492 730 2556 introitum
760 2500 1024 2558 canitur.

119 2602 336 2661 ORDO
394 2602 840 2664 BAPTISTERII
891 2608 1239 2667 DICENDUS
1290 2613 1402 2669 UBI
1452 2604 1809 2685 EVENERIT,

195 2710 402 2767 Prius
440 2712 637 2771 tribus
669 2714 894 2772 vicibus
923 2717 1223 2789 insufﬂat,
1263 2724 1319 2778 et
1346 2720 1495 2777 dicit
1540 2722 1703 2793 quod
1730 2737 1814 2781 se-

116 2801 353 2872 quitur
385 2816 400 2856 :
434 2800 537 2857 Exi
560 2801 641 2859 ab
670 2818 763 2873 eo,
796 2803 1037 2877 spiritus
1059 2806 1396 2882 immtmde,
1426 2814 1483 2868 et
1501 2810 1581 2867 da
1607 2810 1814 2870 locum

122 2888 391 2962 Spiritui
415 2894 627 2949 sancto
653 2893 948 2965 paraclito
974 2894 1039 2951 in
1078 2897 1325 2955 nomine
1354 2899 1545 2957 Patris
1580 2904 1640 2957 et
1661 2900 1811 2968 Filii,

118 2982 183 3036 et
210 2978 487 3052 Spiritus
516 2981 732 3039 sancti.

190 3068 432 3140 Accipe
483 3068 725 3138 signum
775 3072 969 3128 crucis
1014 3076 1138 3130 tam
1180 3074 1243 3131 in
1286 3076 1500 3145 fronte,
1526 3093 1716 3150 quam
1744 3079 1809 3137 in
1835 3099 1877 3157 ο

117 3157 337 3223 corde,
373 3160 512 3226 etc.,
546 3164 614 3214 ut
633 3159 697 3215 in
732 3161 833 3217 lib.
856 3161 1041 3220 Sane.
1073 3164 1136 3220 S.
1161 3164 1409 3236 Gregor.

186 3248 426 3304 Postea
467 3246 663 3317 facies
692 3264 932 3309 crucem
976 3252 1039 3308 in
1080 3254 1307 3323 fronte,
1348 3260 1403 3312 ‘et
1433 3256 1496 3311 in
1516 3263 1805 3327 pectore:

115 3335 386 3406 Signum
411 3335 605 3392 crucis
632 3340 690 3395 et
710 3338 1033 3397 Salvatoris
1055 3342 1293 3400 Domini
1309 3345 1500 3401 nostri
1527 3345 1589 3401 in
1611 3346 1804 3406 fronte

116 3427 227 3480 tua
256 3439 455 3497 pono.
492 3425 744 3496 Signum
774 3428 967 3485 crucis
997 3430 1321 3488 Salvatoris
1347 3433 1585 3490 Domini
1613 3436 1798 3493 nostri

112 3514 259 3569 Jesu
292 3513 522 3571 Christi
547 3514 610 3573 in
659 3520 898 3589 pectore
925 3523 1029 3576 tuo
1075 3536 1261 3593 pono.
1312 3522 1563 3594 Signum
1606 3524 1800 3581 crucis

117 3601 461 3662 Salvatoris
500 3605 734 3664 Domini
777 3608 967 3666 nostri
1011 3610 1156 3667 Jesu
1207 3611 1423 3669 Christi
1452 3612 1515 3669 in
1557 3619 1800 3687 pectore

117 3694 223 3749 tuo
252 3708 452 3766 pono.

188 3783 432 3838 Deinde
460 3783 619 3841 dices
644 3788 976 3867 orationem
1006 3805 1019 3845 :
1057 3789 1450 3864 Omnipotens
1490 3794 1800 3866 sempiter-

114 3886 192 3928 ne
223 3873 414 3943 Deus,
449 3875 620 3931 Pater
648 3876 887 3934 Domini
928 3879 1121 3937 nostri
1161 3883 1302 3939 Jesu
1345 3882 1584 3957 Christi,
1609 3880 1799 3959 respi-

117 3975 251 4017 cere
284 3962 568 4035 dig‘nare,
598 3967 710 4022 etc.

877 4070 1045 4128 Alia.

185 4169 404 4226 Preces
436 4171 698 4239 nostras,
741 4186 1117 4247 qutesumus,
1166 4176 1439 4248 Domine,
1471 4178 1800 4237 clementer

115 4258 339 4317 exaudi
367 4262 432 4318 et
452 4258 622 4318 hunc
649 4260 929 4332 electum,
962 4266 1074 4322 etc.

878 4373 1046 4431 Alia.

2006 1794 2235 1851 Deinde
2262 1803 2389 1852 oret
2410 1798 2502 1854 Itis
2523 1800 2717 1857 verbis
2741 1819 2755 1857 ε
2779 1807 2898 1859 Nec
2933 1809 2991 1861 te
3019 1805 3182 1875 latet,
3213 1812 3459 1880 Satana,
3481 1816 3590 1870 etc.

2003 1882 2219 1940 Postea
2250 1900 2386 1941 vero
2418 1892 2630 1959 tangat
2655 1897 2865 1960 pectus
2895 1900 2951 1949 et
2998 1896 3157 1953 inter
3196 1900 3475 1968 scapulas
3520 1901 3597 1960 de

1932 1970 2060 2027 oleo
2107 1975 2446 2032 exoreieato
2478 1990 2716 2036 crucem
2741 1981 3023 2050 faciendo
3077 1999 3213 2042 cum
3262 1989 3504 2058 pollice,
3537 1996 3592 2046 et

1930 2068 2139 2117 vocato
2166 2065 2407 2122 nomine
2433 2069 2561 2138 ejus
2588 2068 2777 2126 dicat'
2799 2072 2856 2128 ei
2889 2072 3323 2147 interrogando
3343 2091 3368 2134 .'
3408 2078 3593 2137 Abte-

1931 2151 2171 2208 nuntias
2202 2154 2437 2212 Satanm
2457 2158 2485 2213 ?
2516 2153 2582 2229 ᾖ).
2614 2158 3006 2220 Abrenuntio.
3036 2222 3047 2233 κ

2000 2243 2290 2314 Interrog.
2326 2246 2393 2301 Et
2435 2246 2725 2304 omnibus
2779 2251 3067 2323 operibus
3102 2254 3286 2326 ejus?
3309 2257 3367 2326 ἡ.
3402 2257 3587 2315 Abre-

1926 2330 2157 2387 nunﬁo.

1997 2420 2657 2493 Interrog.Etomnibus
2673 2430 2915 2502 pompis
2926 2430 2976 2502 ej
2986 2432 3094 2488 us?
3112 2434 3174 2510 ﬁ).
3190 2433 3584 2495 Abrenuntio.

1999 2511 2061 2565 Et
2088 2526 2202 2581 ego
2229 2511 2374 2569 linio
2405 2517 2460 2569 te
2484 2524 2511 2551 ⁸
2538 2515 2746 2573 salutis
2774 2518 2838 2574 in
2884 2519 3115 2579 Christo
3138 2524 3168 2577 J
3175 2539 3282 2580 esu
3330 2527 3583 2585 Domino

1921 2601 2097 2654 notro
2126 2599 2188 2656 in
2211 2601 2398 2659 vitam
2427 2607 2734 2663 aeternam.
2764 2609 2884 2665 Pax
2917 2608 3043 2667 tibi.

1990 2688 2124 2746 Hoc
2160 2692 2419 2765 expleto,
2447 2709 2585 2751 cum
2626 2696 2846 2754 litania
2871 2698 3194 2758 descendat
3229 2703 3312 2760 ad
3347 2705 3611 2775 fontenr

1922 2777 2407 2851 benedicendum,
2437 2788 2492 2838 et
2520 2778 2733 2842 dicat:
2768 2787 3059 2844 Dominus
3085 2790 3427 2850 vobiscum.
3444 2795 3581 2852 Om-

1920 2865 2200 2937 nipotens
2230 2868 2590 2942 sempiterno
2620 2872 2796 2946 Deus,
2828 2874 3038 2934 adesto
3063 2894 3326 2959 magnae,
3355 2885 3491 2955 etc.,
3513 2888 3581 2940 ut

1917 2952 1982 3008 in
2022 2954 2125 3010 lib.
2166 2954 2227 3011 S.
2273 2957 2452 3028 (ἔνθα.
2478 2961 2586 3015 Per
2611 2961 2822 3019 omnia
2864 2964 3105 3024 secula.
3158 2954 3270 3034 Qui
3292 2952 3583 3031 invisibili

1916 3042 2202 3114 potentia,
2236 3047 2349 3103 etc.
2382 3047 2580 3104 Gratia
2606 3048 2683 3105 de
2709 3050 2931 3124 Spiritu
2961 3057 3191 3112 sancto.
3221 3057 3338 3114 Hie
3365 3058 3581 3116 dividi-

1917 3136 2019 3187 tur
2047 3148 2208 3205 aqua
2236 3136 2301 3193 in
2328 3136 2568 3194 modum
2596 3141 2811 3197 crucis.
2858 3142 2970 3209 Qui
3012 3143 3174 3200 hanc
3209 3161 3438 3219 aquam
3483 3164 3579 3206 re-

1916 3223 2277 3291 generandis
2306 3224 2657 3282 hominibus
2704 3235 3132 3303 praeparatam,
3165 3237 3276 3292 etc.
3306 3236 3427 3294 Hic
3450 3254 3579 3296 mu-

1914 3317 2004 3367 tat
2034 3327 2228 3369 vocem
2256 3314 2411 3371 sicut
2443 3316 2751 3376 lectionem
2784 3320 2982 3390 legens
3007 3340 3020 3379 :
3055 3325 3189 3380 Haec
3215 3324 3392 3382 nobis
3419 3343 3575 3400 prea-

1913 3405 2087 3474 cepta
2114 3403 2517 3477 servantibus,
2536 3410 2645 3463 etc.
2679 3409 2797 3465 Hic
2825 3425 2946 3466 non
2977 3413 3251 3482 sufﬂare,
3283 3415 3387 3471 sed
3411 3420 3573 3487 aspi-

1909 3506 2052 3548 rare
2076 3491 2246 3550 debes
2282 3511 2295 3549 :
2330 3494 2421 3549 Tu
2447 3493 2559 3551 has
2589 3493 2890 3571 simplices
2914 3508 3128 3573 aquas,
3173 3502 3280 3559 etc.
3332 3500 3450 3562 Hic
3479 3505 3575 3562 de-

1904 3585 2219 3651 ponantur
2246 3582 2364 3638 duo
2396 3586 2551 3641 cerei
2595 3585 2659 3642 in
2697 3598 2894 3659 aqua:
2928 3582 3264 3649 Descendat
3299 3590 3363 3650 in
3412 3584 3574 3653 hanc

1907 3665 2346 3740 plenitudinem
2381 3670 2583 3739 fontis,
2616 3679 2724 3731 etc.
2774 3678 2998 3734 Deinde
3038 3680 3337 3751 accipiens
3380 3690 3574 3742 sacer-

1909 3757 2014 3813 dos
2045 3773 2148 3816 vas
2178 3776 2313 3817 cum
2344 3761 2667 3821 thrismate
2691 3762 2919 3835 fundat
2946 3778 3023 3824 ex
3053 3782 3123 3826 ea
3173 3772 3237 3826 in
3267 3776 3446 3830 cruce
3474 3787 3571 3830 su-

1904 3860 2017 3915 per
2044 3849 2257 3917 ipsam,
2285 3855 2341 3906 et
2369 3850 2572 3907 dicat:
2606 3846 2672 3907 In
2702 3855 2947 3937 nomine
2976 3855 3226 3930 Spiritus
3255 3861 3443 3918 Sancti
3464 3865 3572 3937 pa;

1906 3935 2098 3992 racliti
2125 3938 2527 3996 sanctiﬁcetur
2555 3945 2612 3998 et
2641 3932 2994 4001 febundetur
3023 3945 3158 4002 fons
3185 3947 3317 4005 iste.
3352 3949 3432 4007 Et
3464 3932 3570 4010 ini-

1907 4039 2076 4080 scens
2104 4041 2173 4083 ea
2203 4042 2389 4084 manu
2419 4044 2530 4087 sua
2558 4042 2691 4087 cum
2724 4044 2905 4106 aqua,
2935 4038 3219 4106 aspergat
3240 4040 3364 4095 tam
3388 4048 3571 4112 super

1903 4114 2153 4187 fontem,
2182 4133 2363 4189 quam
2392 4135 2575 4190 super
2601 4119 2894 4191 populum
2920 4120 3428 4187 circitmstan‘tem.

1978 4198 2179 4261 Credis
2203 4205 2267 4262 in
2297 4205 2486 4265 Deum
2536 4208 2773 4267 Patrem
2812 4213 3311 4288 omnipotentem,
3343 4222 3567 4278 creato-

1902 4309 2034 4350 rem
2063 4293 2195 4351 cceli
2226 4298 2282 4352 et
2313 4297 2526 4354 terrai?
2554 4299 2592 4370 ii
2620 4298 2829 4359 Credo.

1976 4384 2267 4473 Interrog.
2291 4376 2493 4444 Credis
2523 4388 2585 4445 in
2612 4389 2819 4447 Iesum
2846 4386 3167 4467 Christum,
3193 4386 3404 4457 Filium
3430 4400 3562 4473 ejus

189 4473 375 4547 Deus,
405 4471 515 4548 qui
533 4470 789 4532 humani
817 4477 1055 4547 generis
1077 4476 1163 4535 ita
1190 4491 1254 4535 es
1280 4480 1574 4553 conditor,
1605 4485 1716 4539 etc,
1820 4456 1867 4512 D
1907 4472 2174 4562 unicum,
2214 4456 2550 4535 Dominum
2591 4481 2867 4538 nostrum
2914 4474 3126 4541 natum
3153 4456 3214 4543 et
3258 4456 3509 4562 passum
3533 4488 3569 4547 7

244 4583 603 4642 Benedictio
627 4583 777 4643 salis
807 4582 889 4644 ad
917 4585 1189 4646 dandum
1219 4576 1663 4650 catechumeno.

190 4686 478 4748 Exoreizo
505 4694 582 4761 te,
615 4695 890 4752 creatura
935 4692 1096 4760 salis,
1141 4698 1276 4767 etc.,
1311 4701 1377 4754 ut
1404 4696 1469 4755 in
1515 4698 1684 4759 Sacr.
1727 4699 1787 4756 S.

125 4954 252 5013 dem
281 4961 493 5033 sale,et
507 4968 704 5033 ponat
734 4965 798 5020 in
829 4979 930 5023 ore
956 4966 1210 5037 infantis
1237 4966 1489 5026 dicendo
1512 4971 1643 5028 illi:
1673 4973 1789 5029 Ac-

124 5042 251 5117 cipe
280 5047 372 5105 sal
399 5049 713 5124 sapientiae
750 5046 1110 5127 propitiatus
1154 5054 1217 5111 in
1260 5055 1447 5114 vitam
1473 5060 1781 5117 teternam.

842 5162 1068 5221 Oratio.

191 5255 345 5315 Deus
376 5263 622 5320 Patrum
650 5268 1019 5332 nostrorum,
1053 5271 1164 5326 etc.
1197 5274 1267 5328 ut
1284 5271 1349 5327 in
1384 5266 1485 5327 lib.
1517 5260 1691 5330 Sacr.
1719 5272 1782 5333 S.

126 5338 296 5417 Greg.
315 5364 496 5423 papa
908 5366 911 5369 ‘

680 5445 881 5518 Super
905 5449 1224 5507 masculos.

195 5520 348 5615 Deus
378 5526 707 5605 Abraham,
730 5530 887 5592 Deus
912 5534 1101 5609 Isaac,
1129 5540 1266 5609 etc.,
1286 5534 1431 5599 ibid.
1455 5539 1635 5615 Ergo,
1655 5558 1783 5602 ma-

126 5602 354 5688 ledicte,
383 5615 528 5678 ibid.

200 5720 219 5744 ‘
235 5719 406 5783 Adde
427 5726 582 5789 oleo.

1903 4561 1966 4634 ﬁ).
1999 4562 2208 4621 Credo.

1973 4654 2263 4726 Interrog.
2298 4648 2500 4713 Credis
2529 4658 2587 4714 et
2629 4644 2690 4715 in
2737 4659 3023 4733 Spiritum
3054 4666 3352 4735 sanctum,
3386 4674 3561 4726 sanc-

1899 4741 2023 4795 tam
2048 4742 2376 4800 Ecclesiam
2402 4745 2785 4822 catholicam,
2809 4753 3158 4809 sanctorum
3188 4755 3561 4815 communio-

1896 4840 2037 4886 nem
2080 4832 2498 4892 remissionem
2544 4842 2953 4913 peccatorum,
2987 4842 3185 4898 carnis
3227 4856 3560 4905 ressurre'c-

1898 4916 2143 4990 tionem,
2173 4921 2360 5006 vitam
2388 4928 2674 4984 aeternam
2696 4926 2724 4983 7
2753 4931 2964 4986 Amen.
2999 4933 3060 5006 ﬁ}.
3093 4928 3303 4992 Credo.

1968 5007 2259 5084 Interrog.
2294 5004 2391 5068 Vis
2419 5012 2762 5089 baptizari?
2783 5010 2819 5089 ἢ
2843 5004 3033 5076 νΟΙοζ
3228 5095 3233 5101 ν

1966 5098 2045 5157 Et
2077 5102 2375 5172 accipiens
2398 5119 2529 5161 eum
2574 5121 2613 5163 a
2640 5108 3000 5178 parentibus
3024 5098 3301 5169 sacerdos
3325 5108 3563 5186 mergat

1891 5188 2001 5246 sub
2023 5193 2188 5250 trina
2217 5193 2529 5267 mersione,
2559 5198 2833 5258 sanctam
2863 5199 3216 5259 Trinitatem
3255 5192 3438 5262 semel
3460 5219 3552 5262 vo-

1893 5296 2058 5351 cans,
2082 5283 2169 5340 ita
2200 5280 2452 5341 dicendo
2480 5300 2504 5343 .'

1965 5371 2204 5446 Baptizo
2234 5364 2311 5440 te,
2341 5369 2405 5427 in
2430 5373 2677 5431 nomine
2704 5366 2916 5450 Patris,
2943 5383 3002 5437 et
3041 5376 3183 5451 Filii,
3213 5380 3271 5437 ει
3302 5372 3554 5456 Spiritus

1891 5456 2100 5515 sancti.
2139 5457 2214 5514 Ut
2237 5460 2437 5514 autem
2458 5460 2795 5516 surrexerit
2824 5472 2863 5519 a
2883 5461 3075 5537 fonte,
3094 5458 3295 5538 faciat
3306 5468 3557 5542 presby-

1890 5551 1983 5603 ter
2002 5546 2238 5618 signum
2269 5547 2465 5604 crucis
2494 5546 2569 5605 de
2594 5547 2919 5609 chrismate
2951 5560 3087 5615 cum
3102 5556 3353 5630 pollice,
3379 5563 3435 5616 et
3465 5557 3553 5616 di-

1890 5641 1988 5695 cat
2017 5635 2176 5696 hanc
2200 5635 2531 5695 orationem
2557 5654 2571 5693 :
