3950 6404
131 279 313 337 1449
794 282 849 338 S.
893 280 1265 341 PRUDENTII
1302 284 1680 343 TRECENSIS
1721 284 2035 346 EPISCOI’I
2076 290 2488 347 BREVIARUM
2530 293 2595 346 IN
2635 292 2974 350 PSALMOS.
3477 297 3614 356 I450

121 409 346 461 retur
370 420 588 476 corpus
617 407 892 476 defuncti
921 409 1309 480 quoadusque
1332 425 1444 480 pro
1474 412 1602 480 ejus
1632 410 1839 468 anima
1867 418 1911 470 A
1950 413 2023 469 de
2079 414 2322 471 eeclesia
2380 429 2515 472 cum
2585 415 2922 485 antiphona
2969 416 3203 490 Aperite
3244 417 3328 476 illi
3382 424 3611 494 portas.

121 495 355 552 missa
384 501 662 552 canatur.
1947 503 2114 559 Psal.
2150 502 2527 561 Conﬁtemini
2554 504 2828 562 Domino.
2855 506 2932 561 Et
2954 505 3303 576 deportetur
3322 525 3508 584 usque
3532 513 3615 569 ad

702 586 912 644 Oratio
933 588 1016 644 ad
1043 589 1302 645 missam.
1951 593 2150 649 lacum
2177 593 2462 663 sepulcri.

219 676 585 744 Qassumus,
620 675 890 744 Domine,
920 681 1030 733 etc.
2398 683 2605 740 Oratio
2631 689 2773 740 ante
2796 685 3160 755 sepulcrum.

210 764 386 820 Post
410 763 864 822 celebrationem
877 767 1072 822 missae
1087 771 1199 824 stet
1212 769 1488 825 sacerdos
1501 784 1638 826 cum
1657 770 1836 826 cereis
2019 768 2132 825 Pisa
2150 770 2582 829 recordationis
2611 771 2849 842 affectu,
2873 776 2985 831 etc.
3009 774 3383 847 (Sequuntur
3401 779 3610 849 plures

121 857 194 908 et
221 851 490 910 incenso
501 855 693 923 juxta
704 855 1099 924 feretrum,et
1119 857 1283 913 dicat
1306 856 1464 915 hanc
1483 859 1832 917 orationem.
1946 858 2316 929 antiphonae,
2356 862 2604 932 psalmi,
2638 868 2693 919 et
2737 864 3038 921 orationes
3077 865 3344 924 dicenda:
3373 873 3515 926 ante
3553 875 3611 927 et

891 946 1140 1002 Onemus.
1943 955 2076 1019 post
2132 951 2432 1020 sepultum
2486 967 2726 1024 corpus,
2773 953 2988 1025 quibus
3043 955 3438 1029 subjungitur
3485 958 3610 1016 haec

212 1035 370 1089 Non
402 1032 585 1090 intres
613 1033 676 1090 in
701 1033 1022 1105 judicium,
1045 1039 1154 1092 etc.
1945 1037 2238 1110 rubrica.)

208 1123 532 1196 Sequitur
563 1119 628 1196 ᾗ).
661 1124 1002 1182 Subvenite.
1039 1127 1239 1198 Kyrie,
1277 1126 1367 1182 III.
2017 1128 2123 1184 Die
2169 1135 2367 1185 autem
2419 1131 2730 1188 Dominico
2781 1148 2902 1190 non
2955 1135 3334 1192 celebrentur
3369 1138 3608 1209 agenda

207 1213 395 1268 Deus
441 1213 540 1270 cui
568 1213 777 1270 omnia
803 1213 1032 1285 vivunt,
1060 1220 1116 1272 et
1145 1216 1240 1272 cui
1269 1231 1393 1273 non
1418 1221 1670 1289 pereunt
1709 1233 1835 1273 mo-

115 1301 379 1358 riendo
409 1317 664 1375 corpora
692 1306 918 1374 nostra,
950 1307 1061 1360 etc.

206 1391 545 1463 Sequitur.
581 1394 637 1462 ii.
671 1395 1011 1466 Antequam
1039 1409 1336 1451 nascerer.
1372 1394 1546 1468 Kyrie
1583 1395 1828 1453 eleison.

127 1482 288 1537 Ter.
329 1482 470 1543 Fac,
499 1496 871 1554 quaesumus,
908 1483 1178 1552 Domine,
1211 1484 1370 1541 hanc
1417 1500 1556 1540 cum
1603 1484 1832 1542 famulo

1943 1222 2457 1287 mortuorum,nec
2475 1221 2724 1278 nomina
2747 1236 2950 1280 eorum
2975 1224 3354 1281 celebrentur
3371 1227 3455 1284 ad
3473 1228 3608 1284 mis-

1942 1321 2104 1376 sam;
2131 1307 2236 1365 sed
2264 1313 2500 1366 tantum
2541 1325 2772 1383 regum,
2805 1313 2901 1369 vel
2919 1314 3291 1385 principum,
3324 1320 3379 1374 et
3407 1331 3606 1376 sacer-

1941 1397 2168 1466 dotum,
2202 1399 2296 1455 vel
2313 1415 2427 1470 pro
2457 1402 2623 1457 omni
2640 1403 2867 1472 populo
2900 1403 3248 1463 Christiano
3281 1407 3487 1467 oblata
3512 1413 3608 1468 vel

121 1573 272 1638 tuo,
311 1572 434 1627 etc.

440 1660 607 1717 Tunc
631 1665 801 1731 roget
830 1663 1106 1720 sacerdos
1131 1677 1310 1720 orare
1331 1678 1447 1734 pro
1471 1679 1555 1720 eo.

1942 1492 2080 1545 vota
2109 1487 2468 1546 reddantur.
2500 1491 2939 1561 Defunctorum
2987 1501 3186 1554 autem
3211 1497 3320 1568 qui
3343 1499 3609 1558 moriun-

1942 1581 2044 1632 tur
2067 1576 2164 1633 die
2189 1578 2525 1648 Dominico,
2554 1579 2824 1644 Christus
2848 1582 3044 1640 Filius
3074 1585 3184 1641 Dei
3233 1585 3358 1656 ipse
3397 1589 3497 1645 det
3525 1590 3606 1646 eis

1939 1667 2224 1737 requiem,
2257 1669 2366 1738 qui
2389 1669 2764 1740 semetipsum
2791 1686 2905 1741 pro
2930 1673 3095 1744 ipsis,
3118 1674 3213 1731 vel
3228 1689 3348 1745 pro
3368 1678 3608 1736 univer-

209 1750 408 1806 Pater
436 1751 658 1806 noster.
692 1749 980 1822 Requiem
1014 1754 1322 1808 mternam.
1358 1755 1406 1807 A
1433 1755 1608 1826 porta
1635 1751 1824 1810 inferi.
1860 1780 1898 1836 Β
1937 1769 2000 1810 so
2027 1769 2244 1826 genere
2269 1754 2533 1813 humano
2563 1758 2820 1816 hostiam
2848 1760 3091 1819 obtulit.

727 1838 1017 1912 Sequitur
1044 1842 1260 1898 oratio.

203 1927 482 1996 lnclina,
507 1927 778 1999 Domine,
800 1943 1011 1986 aurem
1036 1932 1227 1998 tuam,
1255 1933 1366 1987 etc.
1391 1931 1570 1988 Etsic
1595 1932 1830 1989 levatur

2007 1844 2190 1902 Missa
2215 1859 2330 1914 pro
2359 1844 2644 1914 defuncto
2674 1847 2739 1904 in
2767 1849 2865 1906 die
2893 1851 3091 1921 tertio,
3122 1853 3372 1925 septimo
3397 1860 3454 1913 et
3497 1858 3606 1914 tri-

1937 1947 2176 2003 gesimo.

985 2280 1668 2403 SANGTI
1786 2284 2261 2405 PRUD
2269 2287 2777 2408 ENTII

1493 2521 1876 2580 TRECENSIS
1916 2523 2256 2582 EPISCOPI.

685 2626 1887 2822 BREVIABIUM
2057 2703 3084 2828 PSALTERII

1376 3067 1704 3138 INCIPIT
1810 3070 2282 3142 PROLOGUS
2335 3111 2390 3152 a.

1825 3228 1832 3232 γ
1854 3227 2010 3234 η-,ιδ-ν
2025 3228 2084 3233 -ον

213 3355 375 3408 Cum
408 3347 700 3420 quaedam
729 3346 949 3405 nobilis
979 3350 1258 3405 matrona
1287 3348 1348 3404 in
1378 3347 1713 3406 civitatibus
1734 3349 1830 3406 vel

138 3440 395 3514 oppidis
427 3455 467 3496 a
498 3437 776 3510 pluribus
818 3437 1027 3494 fuisset
1075 3453 1388 3511 oppressa,
1420 3442 1600 3512 atque
1626 3455 1699 3496 ex
1726 3455 1826 3497 ac-

138 3529 500 3586 cidentibus
547 3527 728 3584 variis
792 3526 1297 3595 tribulationibus,
1333 3532 1398 3585 ut
1425 3527 1695 3601 plerique
1723 3543 1829 3586 no-

137 3623 390 3690 verunt,
415 3616 665 3673 adesset
679 3616 1042 3688 angustiata,
1061 3617 1362 3690 nimisque
1384 3617 1570 3673 taediis
1588 3617 1828 3691 afﬂicta,

140 3709 365 3766 direxit
393 3708 479 3766 ad
522 3723 644 3774 me,
668 3722 892 3779 rogans
936 3707 1158 3765 obnixe
1202 3711 1267 3764 ut
1296 3694 1625 3782 aliquid'ex
1650 3709 1830 3766 laude

142 3799 544 3872 psalmorum
587 3797 668 3854 ad
709 3796 1188 3855 consolationem
1236 3797 1683 3871 compassionis
1710 3814 1829 3854 suae

141 3887 533 3946 brevissimis
566 3886 965 3961 scriptitarem
991 3886 1323 3944 versiculis.
1358 3887 1531 3954 Quod
1556 3903 1669 3958 ego
1707 3903 1831 3944 non

145 3976 350 4034 solum
381 3975 724 4033 condolens
753 3976 1042 4047 petitioni,
1065 3991 1278 4032 verum
1305 3976 1485 4031 etiam
1520 3975 1599 4030 ad
1620 3991 1832 4032 omnes

145 4066 254 4138 qui
274 4081 389 4139 per
401 4065 686 4122 diversas
707 4067 1109 4137 peragrantur
1121 4063 1461 4135 provincias
1475 4069 1832 4138 montesque

148 4170 220 4211 ac
246 4154 464 4219 valles,
493 4167 736 4209 necnon
765 4155 824 4210 et
847 4153 948 4226 qui
981 4167 1089 4224 per
1121 4152 1377 4209 ﬂumina
1405 4152 1749 4209 discurrunt
1777 4157 1834 4208 et

149 4243 366 4312 maria,
411 4243 695 4300 timentes
744 4240 1085 4315 periclitari,
1113 4244 1179 4298 ut
1206 4240 1288 4297 ait
1320 4240 1646 4313 Scriptura,
1678 4241 1832 4318 peri:

150 4330 301 4387 culis
332 4332 398 4388 in
428 4329 707 4400 ﬂumine,
729 4328 1011 4402 periculis
1026 4328 1088 4384 in
1109 4328 1282 4397 mari,
1305 4327 1584 4402 periculis
1606 4328 1669 4384 in
1689 4328 1833 4384 civi-

152 4421 292 4487 tate,
322 4417 616 4493 periculis
645 4417 974 4487 latronum,
996 4416 1279 4491 periculis
1311 4417 1374 4472 in
1403 4415 1748 4489 solitudine,
1779 4421 1837 4472 et

155 4513 392 4582 cratera,
425 4507 742 4583 cupientes
773 4507 941 4581 eripi,
975 4511 1033 4565 et
1061 4523 1099 4564 a
1127 4506 1247 4564 Deo
1281 4506 1682 4579 gubernatore
1723 4506 1836 4562 sal-

157 4599 285 4655 vari
310 4617 324 4666 ;
357 4600 480 4656 hoc
509 4597 878 4672 opusculum
898 4596 1212 4671 parvitatis
1239 4611 1412 4667 meae,
1435 4595 1614 4654 veluti
1634 4612 1706 4653 ex
1727 4596 1835 4652 im-

1883 3360 1904 3408 .f
1935 3351 2114 3426 volvi]
2170 3352 2532 3410 versiculos:
2585 3355 2831 3413 remotis
2882 3356 3132 3430 cunctis,
3162 3358 3225 3415 in
3273 3359 3494 3432 quibus
3525 3377 3598 3418 ex

1934 3446 2102 3515 parte
2128 3443 2478 3500 Judaaorum
2505 3445 2595 3502 vel
2621 3448 2976 3504 caeterorum
3005 3448 3401 3521 perﬁdorum,
3420 3467 3597 3526 aper-

1937 3530 2160 3589 tissime
2186 3531 2505 3606 lucideque
2525 3534 2715 3608 patuli
2743 3540 2993 3593 manent
3019 3537 3328 3609 versiculi;
3360 3543 3425 3597 ut
3443 3542 3603 3613 psal-

1937 3637 2075 3676 mus
2107 3623 2369 3679 continet
2398 3623 2722 3694 secundus,
2744 3625 2839 3682 vel
2864 3627 3088 3700 tertius,
3109 3628 3377 3702 quintus,
3396 3630 3600 3687 tertius

1936 3709 2233 3779 decimus,
2265 3713 2592 3785 vigesimus
2619 3716 2873 3789 primus,
2903 3733 3144 3775 necnon
3179 3723 3237 3776 et
3265 3719 3601 3779 tricesimus

1936 3806 2209 3874 quartus,
2239 3803 2575 3860 tricesimus
2606 3803 2875 3876 quintus.
2909 3810 2967 3862 et
2995 3806 3329 3864 tricesimus
3371 3812 3596 3879 sextus,

1935 3889 2050 3961 vel,
2084 3889 2241 3957 Quid
2264 3892 2553 3962 gloriaris
2575 3891 2693 3965 (Li),
2719 3908 2824 3949 seu
2845 3895 3257 3965 sexagesimu$
3284 3897 3598 3970 septimus,

1937 3973 2352 4043 sexagesimus
2379 3978 2645 4047 octavus,
2669 3980 2725 4033 et
2745 3978 3155 4048 sexagesimus
3174 3994 3398 4052 nonus,
3419 3986 3600 4056 atque

1938 4063 2095 4118 Deus
2138 4062 2374 4120 laudem
2416 4079 2607 4121 meam
2653 4066 2853 4138 (cvm),
2885 4065 2978 4123 vel
3008 4068 3202 4126 caeteri
3231 4070 3337 4142 qui
3364 4069 3500 4128 licet
3536 4072 3600 4128 in

1940 4151 2063 4206 suis
2093 4154 2233 4208 sunt
2261 4154 2510 4224 congrui
2528 4153 2826 4224 sensibus,
2846 4155 3126 4212 tamenin
3146 4156 3240 4214 his
3264 4174 3390 4216 non
3418 4160 3600 4234 perti-

1939 4243 2083 4296 nent
2101 4239 2358 4310 ﬁagitari
2380 4243 2798 4301 anxietatibus.
2818 4245 2932 4302 Sed
2947 4261 3023 4302 ne
3045 4246 3182 4320 quis
3202 4251 3418 4320 totum,
3435 4250 3606 4324 quod

1942 4328 2119 4398 absit,
2151 4328 2365 4401 perdat
2412 4331 2474 4386 in
2501 4332 2684 4388 rebus
2715 4339 3174 4409 praeoccupatus
3203 4338 3432 4411 activis,
3463 4340 3600 4410 hos,

1941 4417 2090 4475 dum
2118 4422 2295 4475 vacat
2322 4422 2380 4476 et
2408 4423 2625 4493 potest,
2652 4437 2777 4479 non
2815 4423 3011 4481 tardet
3053 4427 3329 4484 ornando
3357 4428 3606 4485 recitare

1940 4506 2320 4580 psalmorum
2339 4509 2691 4568 versiculos.
2713 4515 2776 4568 In
2787 4511 2971 4582 his,ut
2983 4514 3272 4587 scriptum
3290 4519 3398 4584 est,
3414 4520 3608 4574 totum

1940 4611 2052 4670 pro
2081 4600 2362 4669 parte,,et
2399 4601 2634 4672 partem
2663 4615 2774 4673 pro
2807 4604 2949 4666 toto,
2982 4606 3198 4676 potest,
3218 4606 3466 4676 juvante
3493 4608 3606 4662 Do-

160 4687 524 4746 manissimo
563 4690 739 4762 prato
777 4685 1130 4744 summatim
1154 4685 1594 4759 breviatimque
1633 4684 1836 4743 studui
1868 4713 1912 4769 D
1942 4686 2108 4743 mino
2130 4686 2378 4757 Christo,
2404 4690 2646 4745 centum
2675 4688 3120 4762 quinquaginta
3139 4691 3424 4764 perﬁcere
3442 4693 3607 4766 psal-

163 4776 548 4847 psalmorum
569 4792 818 4850 carpere
847 4774 1048 4833 ﬂores.
1074 4778 1141 4834 Et
1161 4774 1297 4832 licet
1327 4773 1444 4831 sint
1473 4773 1676 4848 plures
1703 4775 1834 4831 imi-

164 4868 359 4924 tantes
404 4871 760 4927 sanctorum
802 4870 1044 4925 Patrum
1075 4865 1373 4940 exempla,
1405 4865 1573 4940 quod
1601 4867 1834 4940 experi-

168 4959 370 5015 mento
401 4958 750 5028 didicimus,
784 4958 890 5032 qui
912 4956 1080 5015 omni
1113 4955 1386 5014 videlicet
1415 4954 1512 5013 die
1531 4955 1594 5012 in
1614 4955 1834 5011 divinis

167 5041 452 5104 laudibus
479 5051 678 5106 totum
706 5045 1012 5120 complent
1039 5045 1393 5104 Psalterium
1419 5063 1433 5114 ;
1465 5048 1526 5102 et
1548 5048 1751 5104 tamen
1776 5044 1839 5102 hi

171 5133 276 5205 qui
297 5134 415 5193 hoc
433 5140 651 5211 petunt
677 5152 854 5212 opus,
885 5140 944 5195 et
983 5136 1088 5210 qui
1131 5137 1193 5194 in
1242 5133 1490 5193 diversis
1520 5139 1660 5192 sunt
1682 5134 1840 5208 peri-

176 5222 320 5280 culis
363 5227 694 5298 constituti,
721 5243 834 5285 nec
883 5231 1074 5285 totum
1122 5231 1353 5301 queunt
1399 5225 1637 5298 explere
1684 5224 1842 5282 Psal-

180 5313 411 5384 terium,
443 5318 627 5376 etiam
658 5333 770 5375 nec
798 5319 964 5375 horis
983 5317 1185 5375 valent
1214 5316 1472 5390 psallere
1493 5315 1803 5372 canonicis
1829 5334 1842 5384 ;

178 5397 289 5455 hos
320 5420 444 5460 non
470 5407 674 5478 pigeat
709 5407 771 5462 in
800 5405 981 5463 corde
1011 5410 1070 5462 et
1097 5423 1200 5462 ore
1233 5406 1532 5462 revolvere
1567 5405 1719 5476 [ϐοά.
1752 5421 1845 5459 re-

251 5547 956 5631 fEacodiceHVaticano.
981 5550 1166 5631 veteri
1218 5549 1454 5631 sumpsi
1500 5550 1617 5606 hoc
1634 5549 1849 5631 prolo-

1942 4793 2096 4834 mos.
2117 4779 2182 4834 Et
2203 4793 2280 4834 ne
2307 4777 2630 4837 immemor
2651 4779 2743 4850 sit,
2763 4779 2945 4836 ternis
2967 4781 3395 4856 quaternisque
3425 4783 3612 4841 hora-

1943 4881 2080 4922 rum
2110 4866 2506 4937 temporibus,
2537 4867 2754 4942 septies
2803 4868 2866 4924 in
2901 4869 2998 4926 die
3039 4869 3161 4926 Deo
3214 4870 3614 4945 omnipotenti

1943 4954 2293 5028 persolvens
2320 4956 2538 5015 efﬁciat
2574 4957 2786 5016 laudes
2815 4975 2828 5027 ;
2880 4962 2947 5015 ut
2974 4958 3137 5016 idem
3173 4959 3389 5018 beatus
3421 4959 3614 5018 David

1947 5045 2064 5104 ait:
2096 5045 2321 5116 Septies
2346 5047 2412 5104 in
2431 5047 2528 5104 die
2549 5048 2786 5105 laudem
2808 5049 2944 5106 duri
2968 5048 3278 5120 tibi,Deus,
3301 5053 3358 5109 et
3373 5055 3613 5108 caetera.

1952 5133 2066 5195 Sed
2077 5134 2208 5206 jam
2230 5139 2498 5210 coeptum
2520 5135 2845 5209 aggrediar
2865 5153 3040 5210 opus,
3065 5136 3335 5194 inserens
3355 5139 3624 5211 primum

1952 5240 2092 5280 cum
2124 5223 2335 5281 ultimo
2357 5226 2470 5283 ita:
2508 5228 2730 5284 Beatus
2751 5227 2846 5283 vir
2866 5228 2972 5299 qui
2989 5227 3052 5282 in
3085 5227 3212 5297 lege
3234 5229 3477 5284 Domini
3507 5243 3627 5283 me-

1956 5315 2192 5370 ditatur
2207 5315 2303 5371 die
2323 5331 2394 5372 ac
2418 5322 2671 5385 nocte,ct
2692 5320 2866 5388 cujus
2881 5318 3107 5386 spritus
3137 5332 3198 5371 τη
3221 5318 3466 5373 excelsis
3489 5319 3624 5372 lau-

1958 5405 2063 5460 dat
2091 5407 2406 5462 Dominum
2429 5408 2502 5462 de
2528 5409 2731 5477 C(clis;
2762 5423 2900 5463 nam
2930 5407 3119 5462 omnis
3140 5407 3388 5475 spiritus
3411 5407 3626 5462 laudat

1961 5563 2086 5623 non
2098 5549 2400 5621 judicavi;
2429 5566 2569 5607 cum
2592 5549 2740 5606 nihil
2765 5550 2886 5623 fere
2901 5553 3117 5623 praeter
3138 5549 3423 5623 Davidica
3445 5548 3633 5606 verba

358 5618 665 5701 Prudentii
686 5623 961 5701 episcopi
987 5622 1312 5701 Trecensis,
1335 5618 1442 5694 qui
1472 5618 1771 5701 saeculmx
1788 5621 1852 5677 in
2078 5618 2372 5701 occurrat.
2408 5625 2639 5701 MA1.__-—
2667 5623 2740 5677 At
2770 5621 2881 5701 hos
2905 5618 3306 5701 psalmorum
3334 5621 3513 5678 ﬂores
3556 5637 3632 5678 ex

191 5683 375 5760 Gallia
399 5689 611 5766 claruit
640 5712 652 5749 :
682 5683 848 5766 ipsos
867 5683 1080 5766 tamen
1109 5683 1482 5766 psalniof'um
1520 5693 1694 5766 ﬂores
1724 5691 1852 5766 sive
1969 5690 2258 5749 Psalterio
2287 5693 2586 5753 Thomasii
2615 5683 2989 5765 excepimus.
3017 5693 3173 5749 Emr.
3206 5695 3449 5750 PAIBOL.

190 5751 388 5824 ipsum
407 5763 575 5834 quod
591 5751 977 5838 consequitur
992 5751 1853 5837 opu‘sculum,exscribendum

485 5854 730 5912 PATROL.
777 5854 936 5912 CXV.

3284 5857 3353 5912 46
