3950 6370
380 268 504 326 1451

1463 267 1517 321 S.
1564 261 1940 320 PRUDENTII
1981 263 2358 319 TRECENSIS
2402 266 2735 321 EPISCOPI.

3693 264 3844 317 14-32

373 394 715 450 Dominum.
747 391 832 449 Tu
860 393 1061 448 autem
1104 388 1288 462 hujus
1329 387 1551 462 negotii
1581 386 1847 446 utilitatis
1877 402 2034 445 rece—
2066 400 2108 446 A
2149 389 2472 445 versiculos
2495 392 3057 462 consecratos,quos
3084 388 3337 461 supplex
3359 388 3694 444 decantare
3722 403 3836 457 ego

373 481 510 557 ptor
527 476 961 555 receptrixque,
985 476 1204 538 inchoa
1231 479 1500 554 primum
1530 478 1587 536 et
1617 493 1723 536 ora
1749 492 1888 535 cum
1923 481 2033 536 Da-

373 572 479 628 vid
494 572 575 628 ita
593 570 877 627 dicendo:
898 570 1144 638 Deus,in
1166 570 1540 639 adjutorium
1560 581 1753 625 meum
1771 567 2032 631 intende,

373 660 562 717 tribus
598 659 853 726 vicibus,
886 670 1027 713 cum
1053 656 1265 714 Gloria
1293 657 1491 714 Patri.
1527 659 1717 730 Atque
1748 657 2034 729 deinceps

375 751 439 806 ut
452 745 803 821 permisium
823 745 1234 821 insertumque
1254 744 1564 820 repereris,
1584 761 1692 804 ora
1706 743 2033 807 recitando.

375 839 431 895 et
459 838 637 894 ﬂores
667 847 806 894 cum
831 833 1026 909 jubilo
1056 835 1310 894 ﬁdenter
1341 849 1540 910 carpe,
1575 833 1860 893 Davidica
1881 835 2037 908 psal-

375 929 538 985 mata
563 925 860 998 canendo,
893 943 929 983 a
956 925 1152 1000 primo
1181 925 1472 1000 incipiens
1499 923 1737 999 psalmo
1769 925 1868 982 ita.

1089 1032 1318 1072 ORATIO.

447 1105 757 1181 Suscipere
778 1103 1323 1178 digneris,Domine
1346 1106 1500 1161 Deus
1516 1103 2038 1178 omnipotens,hos

2150 479 2328 551 cupio
2350 478 2409 534 in
2435 479 2728 535 honorem
2769 479 3030 533 nominis
3062 478 3164 548 tui,
3197 493 3306 551 pro
3338 492 3434 534 me
3476 477 3711 533 misero
3744 477 3834 532 in-

2150 567 2334 637 digno
2357 572 2689 640 peccatore,
2714 571 2770 624 et
2801 581 2911 639 pro
2934 566 3218 623 omnibus
3249 565 3627 623 facinoribus
3653 566 3830 635 meis,

2151 656 2274 712 sive
2295 658 2465 725 actis,
2491 658 2613 712 sive
2635 658 2828 727 factis,
2862 657 3054 722 dictis,
3081 655 3544 726 cogitationibus
3569 655 3826 729 iniquis,

2153 746 2672 820 concupiscentiis,
2691 748 2811 803 sive
2829 747 3113 803 omnibus
3126 745 3504 818 negligentiis
3525 746 3682 803 meis
3704 763 3833 802 ma-

2152 835 2285 906 gnis
2315 851 2385 893 ac
2417 836 2698 893 minimis.
2737 839 2805 893 Ut
2832 836 2895 893 hi
2915 837 3192 893 versiculi
3222 836 3538 910 proﬁciant
3562 836 3720 892 mihi
3757 836 3830 891 ad

2149 926 2337 982 vitam
2366 932 2672 995 aeternam,
2708 931 2763 982 et
2809 927 2886 983 ad
2918 926 3338 982 remissionem
3365 927 3648 984 omnium
3691 942 3828 998 pec-

2151 1019 2441 1084 catorum,
2467 1020 2524 1072 et
2551 1017 2628 1072 ad
2663 1017 2926 1089 spatium
2958 1016 3109 1072 bene
3141 1015 3396 1086 vivendi,
3430 1019 3486 1072 et
3511 1015 3588 1072 ad
3619 1031 3827 1071 veram

2149 1109 2205 1160 et
2235 1106 2603 1176 condignam
2635 1106 3049 1177 paenitentiam
3081 1105 3405 1175 agendam.
3440 1107 3658 1161 Amen.

2409 1277 2546 1283 ...ο---ν-
2565 1279 2574 1283 ς
2587 1277 2638 1283 ...-
2653 1279 2666 1281 -
2681 1278 2768 1282 κ-..
2783 1280 2786 1281 ν
2803 1278 2880 1283 -.---
2893 1279 2906 1283 .-
2923 1276 3250 1285 -υ-οο--ο--ν-

865 1397 1420 1523 INCIPIT
1511 1399 1943 1520 BREW
1977 1399 2442 1520 .-‘\RIUM
2549 1399 2799 1523 PSA.
2829 1400 3307 1520 LTERE]

1020 1599 1388 1668 Geminam
1411 1617 1633 1665 versus
1661 1595 2097 1664 Psalmorum
2128 1596 2337 1663 verba.
2375 1597 2696 1666 oratio-nis
2729 1598 3165 1665 continentes.

452 1819 645 1876 Verba
692 1830 828 1877 mea
867 1820 1114 1877 auribus
1157 1821 1418 1894 percipe,
1462 1817 1732 1892 Domine,
1784 1818 2042 1888 intellige
2075 1825 2113 1878 Β
2153 1819 2231 1874 ris
2264 1836 2358 1875 me
2382 1821 2442 1875 in
2473 1821 2708 1878 animas
2737 1822 3224 1894 persequentium
3257 1837 3371 1877 me.
3402 1820 3490 1875 Ad
3521 1825 3595 1886 te,
3627 1819 3824 1875 Domi-

381 1909 707 1966 clamorem
736 1927 962 1967 meum.
997 1911 1241 1967 Intende
1271 1911 1403 1968 voci
1429 1910 1714 1968 orationis
1743 1925 1916 1980 meae,
1939 1923 2043 1965 rex

380 2016 552 2056 meus
599 2004 656 2056 et
701 2001 856 2058 Deus
906 2016 1100 2057 meus.
1135 2000 1406 2070 Domine,
1439 2017 1514 2057 ne
1562 2001 1624 2057 in
1671 2001 1760 2057 ira
1797 2005 1897 2056 tua
1947 2015 2042 2055 ar-

379 2106 532 2160 guas
577 2107 693 2160 me,
722 2106 917 2163 neque
957 2091 1018 2147 in
1050 2091 1247 2148 furore
1279 2094 1382 2148 tuo
1423 2091 1710 2164 corripias
1739 2106 1856 2146 me.
1885 2089 2045 2147 Mise-

377 2195 506 2236 rere
537 2180 705 2250 mihi,
739 2180 1007 2243 Domine,
1040 2181 1332 2254 quoniam
1381 2180 1660 2236 inﬁrmus
1695 2197 1850 2236 sum.
1887 2181 2045 2236 Sana

378 2285 498 2338 me,
523 2269 1099 2342 Domine,quoniam
1126 2269 1484 2328 conturbata
1507 2274 1649 2327 sunt
1673 2265 1882 2328 omnia
1906 2281 2045 2326 ossa

379 2374 519 2414 mea
552 2362 609 2415 et
637 2358 841 2416 anima
885 2375 1023 2415 mea
1065 2359 1308 2416 turbata
1343 2363 1431 2416 est
1481 2359 1686 2416 valde:
1736 2363 1792 2416 et
1824 2365 1909 2425 tu,
1944 2361 2046 2414 Do-

380 2447 564 2515 mine,
614 2449 981 2520 usquequo?
1035 2450 1408 2514 Convertere,
1461 2449 1727 2512 Domine,
1777 2453 1834 2505 et
1884 2447 2045 2522 eripe

381 2536 650 2594 animam
680 2552 905 2593 meam.
942 2537 1185 2594 Salvum
1215 2553 1312 2594 me
1359 2537 1453 2594 fac
1501 2553 1572 2594 ex
1603 2538 1885 2594 omnibus
1917 2554 2045 2611 per-

380 2626 771 2699 sequentibus
800 2642 918 2695 me,
952 2631 1009 2683 et
1056 2626 1246 2684 libera
1287 2643 1404 2684 me.
1435 2627 1703 2684 Miserere
1732 2627 1899 2698 mihi,
1930 2629 2041 2684 Do-

377 2715 560 2771 mine.
595 2715 736 2772 Vide
785 2714 1184 2774 humilitatem
1228 2727 1429 2773 meam
1470 2717 1545 2774 de
1587 2715 1842 2773 inimicis
1869 2717 2039 2773 meis.

377 2804 645 2877 Respice,
693 2808 748 2861 et
772 2805 991 2862 exaudi
1031 2822 1151 2877 me,
1185 2807 1434 2861 Domine
1480 2809 1638 2862 Deus
1684 2822 1878 2862 meus.
1915 2806 2042 2862 Illu-

376 2893 545 2950 mina
592 2894 800 2951 oculos
850 2910 1038 2963 meos,
1087 2910 1163 2950 ne
1220 2910 1495 2967 unquam
1551 2895 1934 2952 obdormiam
1981 2895 2040 2950 in

374 2988 586 3042 morte.
618 2985 838 3041 Perﬁce
859 3000 1100 3057 gressus
1121 3001 1291 3041 meos
1323 2985 1384 3040 in
1419 2985 1643 3042 semitis
1671 2986 1810 3052 tuis,
1833 2989 1898 3042 ut
1917 3001 2040 3043 non

372 3077 732 3132 moveantur
776 3075 1028 3145 vestigia
1076 3091 1231 3132 mea.
1268 3078 1387 3147 Ego
1431 3074 1710 3138 clamavi,
1747 3075 2039 3147 quoniam

2154 1923 2246 1969 nc.
2283 1907 2580 1965 clamabo.
2627 1910 2781 1966 Deus
2811 1925 3004 1981 meus,
3047 1923 3120 1966 ne
3161 1909 3333 1965 sileas
3383 1925 3419 1967 a
3465 1921 3583 1974 me,
3618 1912 3676 1964 et
3720 1924 3820 1963 ero

2156 1997 2363 2053 similis
2395 1998 2899 2055 descendentibus
2924 1999 2985 2055 in
3015 1999 3237 2055 lacum.
3269 1999 3515 2065 Exaudi,
3544 1997 3818 2062 Domine,

2153 2103 2365 2142 vocem
2396 2087 2835 2160 deprecationis
2866 2105 3036 2157 meae,
3067 2088 3213 2145 dum
3237 2105 3343 2145 oro
3374 2087 3453 2144 ad
3482 2092 3554 2157 te,
3589 2091 3650 2144 et
3668 2085 3815 2142 dum

2155 2176 2371 2232 extollo
2399 2193 2618 2233 manus
2650 2194 2817 2235 meas
2851 2179 2927 2236 ad
2967 2179 3255 2252 templum
3308 2182 3584 2235 sanctum
3620 2181 3812 2233 tuum.

2156 2265 2234 2323 Ne
2265 2263 2444 2322 simul
2469 2266 2671 2324 tradas
2703 2285 2799 2325 me
2827 2284 2964 2325 cum
2981 2268 3397 2342 peccatoribus
3427 2273 3484 2324 et
3509 2283 3648 2324 cum
3670 2283 3814 2338 ope-

2155 2355 2427 2412 rantibus
2478 2357 2852 2430 iniquitatem
2901 2375 2976 2414 ne
3024 2358 3242 2430 perdas
3287 2374 3401 2414 me.
3439 2357 3684 2414 Salvum
3726 2357 3814 2412 fac

2157 2447 2452 2519 populum
2511 2453 2699 2512 tuum,
2763 2449 3031 2516 Domine,
3088 2453 3145 2504 et
3189 2447 3442 2504 benedic
3484 2446 3816 2504 haereditati

2155 2539 2294 2605 tuae,
2328 2540 2384 2592 et
2430 2551 2568 2605 rege
2612 2553 2734 2606 eos,
2768 2542 2823 2593 et
2875 2537 3088 2594 extolle
3136 2537 3268 2594 illos
3314 2552 3503 2610 usque
3528 2536 3588 2592 in
3624 2551 3812 2591 saecu-

2153 2624 2299 2681 lum.
2335 2627 2400 2680 In
2449 2630 2523 2694 te,
2558 2627 2825 2694 Domine,
2875 2627 3150 2699 speravi:
3195 2642 3318 2683 non
3367 2625 3704 2683 confundar
3755 2626 3812 2680 in

2155 2719 2466 2788 aeternum,
2497 2716 2557 2772 in
2596 2720 2699 2772 tua
2729 2717 2959 2788 justitia
2987 2716 3176 2775 libera
3206 2731 3322 2774 me.
3352 2715 3577 2772 Inclina
3606 2715 3684 2772 ad
3716 2732 3809 2772 me

2153 2821 2363 2862 aurem
2393 2809 2578 2872 tuam,
2607 2806 2874 2863 accelera
2905 2811 2968 2862 ut
3010 2807 3228 2879 eripias
3255 2823 3372 2862 me.
3405 2809 3541 2862 Esto
3571 2805 3720 2862 mihi
3751 2806 3810 2860 in

2155 2897 2341 2950 Deum
2372 2899 2766 2968 protectorem
2798 2899 2854 2952 et
2883 2897 2941 2952 in
2973 2896 3175 2953 locum
3211 2896 3444 2967 refugii,
3479 2899 3544 2952 ut
3575 2893 3811 2951 salvum

2149 2999 2248 3040 me
2278 2984 2482 3041 facias.
2507 2985 2570 3041 In
2597 3001 2816 3041 manus
2842 2989 2994 3053 tuas,
3022 2985 3288 3050 Domine,
3306 2984 3663 3042 commendo
3693 2985 3809 3057 spi-

2151 3073 2330 3131 ritum
2351 3087 2577 3131 meum.
2602 3075 2922 3132 Redemisti
2946 3092 3062 3144 me,
3085 3076 3334 3132 Domine
3353 3078 3504 3131 Deus
3525 3074 3803 3131 veritatis.

373 3164 668 3222 exaudisti
698 3180 818 3234 me,
851 3165 1026 3221 Deus.
1060 3165 1286 3221 Inclina
1318 3179 1528 3220 aurem
1573 3168 1744 3221 tuam
1788 3164 1954 3232 mihi,
1983 3170 2040 3222 et
2071 3185 2110 3240 ρ
2154 3164 2322 3237 Eripe
2363 3181 2459 3221 me
2497 3165 2572 3220 de
2620 3167 2903 3222 manibus
2947 3167 3331 3222 inimicorum
3360 3181 3653 3231 meorum,
3684 3169 3744 3221 et
3773 3181 3808 3221 a

373 3254 590 3311 exaudi
639 3254 827 3312 verba
874 3270 1031 3311 mea.
1093 3254 1333 3310 Miriﬁca
1385 3254 1829 3310 misericordias
1886 3259 2036 3323 tuas,

372 3342 644 3412 Domine,
676 3343 782 3416 qui
831 3341 1027 3399 salvos
1067 3339 1212 3398 facis
1262 3346 1572 3415 sperantes
1600 3342 1661 3398 in
1689 3343 1763 3399 te.
1796 3339 2040 3399 Custodi

369 3445 490 3503 me,
513 3431 868 3502 Domine,ut
887 3425 1178 3504 pupillam
1205 3430 1382 3488 oculi.
1407 3429 1531 3489 Sub
1555 3431 1777 3488 umbra
1803 3429 2038 3489 alarum

370 3524 615 3576 tuarum
643 3521 890 3592 protege
916 3529 1015 3576 me
1045 3533 1082 3576 a
1109 3515 1260 3576 facie
1289 3517 1616 3592 impiorum
1642 3519 1747 3592 qui
1767 3532 1865 3576 me
1887 3515 2036 3576 afﬂi-

370 3610 606 3665 xerunt.
634 3606 724 3664 Ab
755 3607 1001 3664 occultis
1049 3607 1201 3664 meis
1245 3603 1478 3665 munda
1525 3624 1642 3676 me,
1674 3603 1948 3675 Domine,
1981 3612 2037 3668 et

370 3696 449 3756 ab
477 3693 685 3754 alienis
709 3711 889 3772 parce
921 3709 1094 3754 servo
1120 3701 1243 3753 tuo.
1277 3697 1360 3753 Tu
1397 3701 1621 3767 autem,
1657 3698 1924 3770 Domine,
1957 3713 2032 3756 ne

365 3789 547 3858 longe
575 3785 762 3845 facias
789 3783 1208 3844 miserationes
1235 3785 1369 3844 tuas
1399 3800 1436 3843 a
1464 3801 1580 3844 me.
1617 3785 1702 3842 Ad
1734 3787 2029 3844 defensio.

365 3891 507 3934 nem
536 3891 736 3935 meam
767 3879 991 3951 aspice.
1020 3879 1170 3933 Erue
1200 3890 1236 3934 a
1272 3876 1522 3947 framea,
1558 3877 1731 3946 Deus,
1760 3877 2030 3934 animam

364 3981 598 4025 meam:
641 3971 698 4024 et
746 3967 820 4024 de
860 3981 1049 4024 manu
1093 3966 1259 4024 canis
1299 3967 1543 4023 unicam
1585 3982 1806 4024 meam.
1851 3966 2029 4026 Salva

362 4069 461 4113 me
482 4069 553 4112 ex
583 4069 684 4113 ore
713 4054 922 4126 leonis,
955 4061 1012 4113 et
1042 4072 1077 4113 a
1103 4055 1388 4112 cornibus
1420 4053 1803 4112 unicornium
1834 4053 2027 4113 humi-

359 4145 588 4204 litatem
616 4161 835 4203 meam.
867 4145 1004 4202 Vias
1035 4149 1188 4218 tuas,
1217 4143 1493 4218 Domine,
1521 4150 1695 4204 notas
1729 4146 1821 4204 fac
1854 4145 2022 4217 mihi,

361 4239 418 4292 et
457 4235 703 4291 semitas
752 4239 885 4292 tuas
929 4233 1113 4292 edoce
1158 4250 1293 4292 me:
1347 4238 1403 4292 et
1441 4234 1628 4307 dirige
1659 4248 1754 4291 me
1782 4235 1842 4292 in
1873 4235 2022 4294 veri-

360 4326 477 4380 tate
519 4328 644 4380 tua.
677 4321 1070 4380 Reminiscere
1115 4325 1571 4383 miserationum
1617 4328 1876 4395 tuarum,
1910 4323 2020 4383 Do-

357 4413 541 4485 mine,
570 4417 627 4472 et
678 4411 1100 4472 misericordiae
1151 4418 1288 4481 tuae,
1330 4431 1466 4490 quae
1516 4433 1553 4472 a
1606 4416 1807 4474 seculo
1856 4420 2011 4474 sunt.

2149 3254 2649 3327 persequentibus
2698 3272 2814 3313 me.
2850 3255 3121 3312 Illumina
3164 3255 3378 3312 faciem
3419 3259 3584 3312 tuam
3631 3270 3808 3327 super

2150 3357 2386 3400 servum
2419 3348 2614 3413 tuum,
2647 3350 2702 3402 et
2732 3342 2968 3402 salvum
2998 3359 3094 3402 me
3125 3343 3218 3403 fac
3259 3346 3320 3402 in
3346 3349 3449 3402 tua
3475 3345 3806 3401 misericor-

2149 3430 2268 3490 dia.
2311 3433 2581 3503 Domine,
2629 3448 2752 3492 non
2803 3435 3160 3503 confundar,
3204 3435 3493 3507 quoniam
3541 3434 3807 3491 invocavi

2149 3526 2222 3578 te.
2282 3520 2407 3579 Fiat
2461 3519 2870 3582 misericordia
2936 3523 3060 3594 tua,
3118 3523 3386 3590 Domine,
3443 3535 3622 3596 super
3673 3535 3803 3593 nos,

2149 3613 2299 3669 sicut
2343 3613 2721 3686 speravimus
2753 3614 2814 3671 in
2861 3618 2934 3672 te.
2967 3613 3197 3683 iudica,
3227 3613 3497 3683 Domine,
3528 3617 3803 3670 nocentes

2145 3715 2273 3759 me:
2320 3715 2602 3776 expugna
2651 3705 3080 3778 impugnantes
3110 3719 3227 3762 me.
3264 3703 3657 3778 Apprehende
3699 3717 3798 3760 ar-

2143 3807 2246 3849 ma
2282 3795 2339 3848 et
2369 3793 2640 3850 secutum
2687 3798 2740 3850 et
2780 3808 3002 3866 exurge
3033 3793 3093 3850 in
3131 3790 3496 3865 adjutorium
3527 3790 3692 3847 mihi.
3726 3791 3801 3846 Ne

2144 3877 2341 3950 sileas,
2375 3882 2646 3952 Domine,
2680 3898 2754 3939 ne
2785 3883 3060 3942 discedas
3108 3900 3143 3942 a
3165 3896 3282 3940 me.
3319 3883 3572 3954 Exurge,
3603 3879 3796 3936 Domi-

2139 3981 2236 4039 ne,
2272 3969 2514 4025 intende
2545 3969 2841 4040 judicium
2871 3985 3096 4028 meum.
3132 3971 3285 4026 Deus
3315 3985 3488 4025 meus
3519 3971 3575 4025 et
3601 3967 3794 4025 Domi-

2135 4071 2251 4113 nus
2304 4071 2500 4127 meus,
2533 4057 2594 4114 in
2645 4072 2898 4116 causam
2946 4072 3167 4117 meam.
3197 4057 3407 4115 Judica
3446 4071 3543 4115 me
3590 4071 3792 4114 secun-

2135 4145 2283 4205 dum
2337 4147 2811 4208 misericordiam
2863 4155 3054 4220 tuam,
3101 4147 3350 4207 Domine
3405 4150 3558 4205 Deus
3599 4162 3784 4205 meus.

2137 4237 2437 4296 Praetende
2493 4238 2967 4298 misericordiam
3024 4244 3193 4297 tuam
3239 4237 3561 4296 scientibus
3613 4242 3687 4309 te,
3735 4242 3788 4293 et

2128 4328 2420 4400 justitiam
2450 4331 2617 4387 tuam
2658 4329 2751 4387 his
2799 4331 2903 4405 qui
2949 4333 3109 4388 recto
3141 4334 3280 4387 sunt
3306 4328 3503 4387 corde.
3538 4331 3665 4386 Non
3694 4341 3786 4384 ve-

2135 4417 2261 4474 niat
2288 4418 2434 4475 mihi
2486 4435 2597 4494 pes
2627 4418 2943 4493 superbize,
2967 4425 3026 4479 et
3052 4434 3270 4478 manus
3308 4415 3637 4494 peccatoris
3665 4428 3782 4473 non

358 4503 576 4562 Delicta
597 4505 931 4578 juvenlutis
961 4509 1016 4562 et
1045 4505 1395 4577 ignorantire
1425 4521 1576 4563 meae
1616 4515 1691 4562 ne
1722 4503 2012 4563 memine-
2046 4547 2090 4601 Β
2134 4511 2376 4566 moveat
2428 4523 2543 4565 me.
2599 4511 2677 4565 Ne
2730 4509 3112 4584 derelinquas
3159 4523 3276 4578 me,
3338 4506 3586 4565 Domine
3634 4507 3782 4562 Deus

351 4592 453 4650 ris.
487 4593 831 4652 Secundum
857 4609 1147 4667 magnam
1173 4592 1650 4653 misericordiam
1672 4598 1860 4666 tuam,
1890 4611 2014 4654 me-

350 4701 487 4742 mor
530 4689 657 4743 esto
698 4681 839 4742 mei.
869 4683 1118 4759 Propter
1154 4685 1485 4743 bonitatem
1516 4689 1706 4751 tuam,
1740 4685 2010 4756 Domine,

345 4778 593 4848 propter
631 4790 857 4832 nomen
893 4775 1089 4847 tuum,
1118 4775 1390 4839 Domine,
1422 4773 1842 4848 probitiaberis
1870 4791 2010 4849 pec-

347 4869 482 4922 cato
518 4882 675 4923 meo.
713 4864 1035 4941 Copiosum
1079 4869 1166 4922 est
1209 4865 1388 4922 enim.
1423 4865 1566 4923 Vide
1609 4865 2008 4925 humilitatem

344 4971 548 5012 meam
595 4957 650 5013 et
691 4954 967 5014 laborem
1014 4971 1242 5025 meum,
1273 4959 1330 5014 et
1375 4955 1605 5013 dimitte
1645 4958 1852 5016 omnia
1875 4973 2009 5027 pec-

342 5049 479 5102 cata
522 5061 677 5103 mea.
715 5047 794 5103 Nc
824 5042 1044 5120 perdas
1092 5063 1232 5102 cum
1269 5043 1490 5120 impiis,
1526 5048 1704 5116 Deus,
1738 5045 2006 5105 animam

339 5152 562 5207 meam,
614 5141 672 5194 et
726 5152 866 5193 cum
923 5132 1066 5217 viris
1114 5139 1472 5209 sanguinem
1535 5136 1720 5194 vitam
1777 5152 1999 5195 meam.

337 5225 590 5300 Exaudi,
632 5223 903 5293 Domine,
934 5241 1146 5284 vocem
1198 5243 1424 5300 meam,
1455 5243 1581 5302 qua
1622 5227 1881 5286 clamavi
1923 5229 2003 5287 ad

336 5319 438 5374 te:
486 5315 752 5374 Miserere
802 5313 922 5372 mei
969 5318 1025 5374 et
1069 5315 1288 5374 exaudi
1345 5333 1462 5374 me.
1506 5317 1588 5374 Ne
1636 5323 1872 5376 avertas
1918 5316 2003 5378 fa-

333 5405 488 5462 ciem
520 5409 686 5461 tuam
717 5420 753 5460 a
783 5420 900 5474 me,
934 5408 991 5462 et
1009 5423 1085 5462 ne
1115 5406 1377 5463 declines
1405 5405 1464 5462 in
1495 5407 1583 5464 ira
1604 5423 1640 5463 a
1673 5424 1845 5465 servo
1875 5413 1997 5466 tuo.

335 5495 586 5565 Adjutor
635 5505 807 5551 meus
863 5500 1012 5552 esto.
1061 5501 1141 5553 Ne
1193 5497 1580 5570 derelinquas
1630 5515 1754 5570 me,
1802 5513 2000 5573 neque

331 5581 630 5654 despicias
660 5597 777 5654 me,
809 5585 967 5640 Deus
1011 5583 1291 5643 salutaris
1340 5601 1531 5643 meus.
1579 5591 1794 5661 Legem
1843 5601 2003 5662 pone

329 5669 500 5736 mihi,
547 5671 822 5743 Domine,
869 5674 931 5728 in
973 5675 1066 5731 via
1113 5679 1254 5743 tua;
1306 5678 1365 5732 et
1407 5675 1594 5748 dirige
1641 5691 1739 5733 me
1788 5677 1849 5732 in
1909 5693 2003 5740 se-

330 5757 540 5811 mitam
579 5762 803 5814 rectam
835 5766 1077 5831 propter
1107 5764 1381 5819 inimicos
1409 5781 1594 5821 meos.
1631 5770 1707 5820 Ne
1741 5766 2001 5823 tradide-

2127 4613 2317 4669 meus,
2350 4611 2424 4656 ne
2452 4597 2797 4658 discesseris
2846 4617 2881 4658 a
2910 4617 3026 4659 me.
3061 4600 3302 4658 Intende
3331 4600 3392 4657 in
3422 4597 3780 4672 adjutorium

2113 4705 2347 4754 meum,
2382 4691 2629 4748 Domine
2667 4691 2825 4749 Deus
2870 4691 3075 4750 salutis
3123 4704 3294 4749 meae.
3330 4687 3574 4758 Exaudi,
3608 4687 3777 4757 Deus,

2120 4778 2456 4836 orationem
2487 4795 2689 4837 meam
2735 4788 2790 4837 et.
2828 4779 3316 4856 deprecationem
3359 4793 3583 4838 meam.
3616 4777 3778 4834 Auri-

2117 4869 2234 4925 bus
2265 4869 2504 4944 percipe
2537 4866 2844 4944 lacrymas
2872 4888 3077 4931 meas:
3112 4888 3187 4929 ne
3218 4868 3392 4930 sileas
3422 4883 3459 4929 θ,
3487 4883 3604 4941 me,
3639 4882 3778 4942 quo-

2117 4958 2280 5018 niam
2308 4957 2508 5018 incola
2534 4977 2646 5034 ego
2687 4978 2822 5020 sum
2853 4960 3014 5037 apud
3063 4967 3118 5021 te
3147 4963 3209 5019 in
3239 4965 3396 5019 terra
3425 4963 3482 5017 et
3511 4959 3769 5034 peregri-

2113 5066 2229 5107 nus
2283 5049 2434 5107 sicut
2499 5067 2712 5109 omnes
2778 5056 2979 5126 patres
3034 5053 3172 5110 mei.
3223 5051 3470 5110 Remitte
3520 5049 3667 5109 mihi
3713 5053 3773 5104 ut

2113 5139 2424 5212 refrigerer
2453 5141 2808 5215 priusquam
2851 5139 3069 5201 abeam
3117 5148 3173 5201 et
3201 5142 3461 5217 amplius
3493 5157 3614 5199 non
3646 5151 3766 5198 ero.

2113 5234 2195 5288 Tu
2223 5234 2445 5301 autem,
2476 5231 2748 5306 Domine,
2781 5248 2856 5290 ne
2890 5233 3067 5306 longe
3113 5234 3297 5293 facias
3331 5229 3767 5291 misericordias

2111 5323 2246 5377 tuas
2277 5337 2313 5377 a
2342 5336 2476 5377 me:
2519 5321 2928 5380 misericordia
2971 5325 3074 5380 tua
3119 5327 3175 5380 et
3216 5324 3434 5381 veritas
3478 5323 3581 5380 tua
3625 5335 3767 5378 sem-

2110 5424 2218 5481 per
2243 5415 2634 5482 susceperunt
2661 5427 2779 5480 me,
2802 5411 3094 5484 quoniam
3125 5411 3648 5469 circumdederunt
3673 5425 3764 5465 me

2111 5499 2292 5568 mala,
2311 5515 2573 5572 quorum
2594 5515 2718 5558 non
2737 5505 2828 5558 est
2847 5517 3159 5559 numerus.
3177 5500 3765 5575 Comprehenderunt

2112 5601 2210 5646 me
2237 5589 2584 5662 iniquitates
2609 5605 2782 5655 meae,
2803 5595 2862 5648 et
2884 5605 3007 5649 non
3038 5591 3208 5666 potui
3231 5597 3298 5648 ut
3325 5591 3610 5648 viderem.
3634 5587 3768 5646 Mul-

2114 5676 2388 5752 tiplicata:
2439 5682 2578 5736 sunt
2627 5693 2806 5754 super
2852 5681 3100 5756 capillos
3145 5681 3355 5756 capitis
3403 5680 3543 5752 mei,
3576 5682 3632 5736 et
3666 5692 3764 5736 cor

2112 5785 2318 5825 meum
2344 5766 2660 5842 dereliquit
2701 5787 2817 5827 me.
2846 5771 3230 5845 Complaceat
3259 5769 3384 5841 tibi,
3405 5769 3669 5837 Domine,
3701 5775 3760 5826 ut
