3950 6368
144 269 303 325 1453

1422 261 1850 323 BREVIARIUM
1888 261 1955 319 1N
1994 260 2339 325 PSAIMOS.

3459 275 3595 334 MM

139 391 387 464 eripias
415 406 533 457 me,
567 390 841 463 Domine,
900 391 961 448 in
990 390 1286 449 auxilium
1334 405 1541 447 meum
1588 384 1970 461 respicc.Aos
2018 401 2224 447 meum
2274 387 2456 449 laude
2502 393 2627 459 tua,
2679 397 2743 450 ut
2779 394 3021 469 possim
3063 399 3311 455 cantare
3341 395 3597 467 gloriam

140 483 284 549 Ego
313 497 452 538 vero
483 496 710 551 egenus
738 484 795 536 et
821 497 1055 555 pauper
1077 496 1233 548 sum,
1254 482 1431 548 Deus,
1461 478 1686 549 adjuva
1706 490 1825 531 me.

138 570 417 641 Adjutor
441 587 614 626 meus
647 573 704 625 et
731 569 1013 628 liberator
1039 586 1213 626 meus
1255 573 1406 640 esto,
1455 567 1720 635 Domine,
1752 579 1827 619 ne

139 660 514 719 tardaveris.
556 663 674 732 Ego
702 660 863 716 dixi:
899 659 1167 732 Domine,
1198 660 1477 717 miserere
1510 656 1645 725 mei,
1680 670 1830 715 sana

140 749 436 807 animam
467 766 690 817 meam,
719 750 865 824 quia
894 750 1139 827 peccavi
1168 749 1291 809 tibi.

224 842 523 915 Exsurge,
569 855 758 914 quare
810 839 1142 911 obdormis,
1203 839 1509 898 Domine?
1553 853 1826 908 exsurge,

139 932 205 984 et
231 944 321 987 ne
347 929 603 1000 repellas
637 928 698 984 in
727 928 934 986 ﬁnem.
968 930 1162 995 Quare
1206 928 1423 987 faciem
1469 932 1636 987 tuam
1666 943 1830 987 aver-

140 1017 223 1077 tis
255 1018 286 1075 ?
320 1017 689 1075 Oblivisceris
720 1018 988 1092 inopiam
1014 1021 1284 1077 nostram
1307 1022 1364 1074 et
1384 1016 1829 1075 tribulationem
1870 1092 1874 1094 γ

136 1113 436 1165 nostram
466 1109 493 1167 ?
531 1111 818 1179 Exsurge,
854 1108 1123 1177 Domine,
1165 1107 1388 1179 adjuva
1417 1124 1530 1164 nos
1558 1112 1615 1165 et
1640 1106 1831 1163 libera

136 1212 265 1255 nos
322 1202 567 1272 propter
618 1213 844 1255 nomen
897 1201 1089 1255 tuum.
1142 1198 1409 1253 Miserere
1458 1196 1595 1265 mei,
1649 1196 1825 1266 Deus,

136 1287 501 1345 secundum
556 1303 848 1358 magnam
889 1286 1365 1344 misericordiam
1419 1291 1583 1343 tuam
1617 1304 1629 1342 :
1660 1289 1717 1342 et
1740 1301 1828 1342 se-

135 1377 433 1435 cundum
510 1378 955 1435 multitudinem
1029 1377 1488 1436 miserationum
1562 1381 1823 1447 tuarum,

134 1465 285 1522 dele
345 1466 727 1540 iniquitatem
778 1483 1002 1524 meam.
1070 1466 1344 1540 Amplius
1397 1465 1536 1524 lava
1591 1482 1689 1523 me
1748 1464 1827 1522 ab

136 1552 227 1626 inj
240 1554 453 1611 ustitia
483 1570 638 1625 mea,
672 1558 728 1610 et
758 1570 795 1611 a
820 1554 1036 1611 delicto
1057 1570 1194 1612 meo
1211 1553 1444 1613 munda
1469 1569 1588 1610 me.
1618 1556 1829 1611 Averte

137 1638 379 1701 faciem
424 1647 591 1700 tuam
638 1660 675 1699 a
713 1643 975 1716 peccatis
1023 1643 1193 1713 meis,
1244 1647 1302 1703 et
1356 1659 1568 1701 omnes
1618 1643 1835 1719 iniqui-

1939 477 2107 533 tuam
2138 480 2261 535 tota
2292 478 2386 535 die
2417 481 2930 551 magniﬁcentiam
2974 487 3161 543 tuam.
3200 488 3283 544 Ne
3311 484 3597 558 projicias

1938 581 2037 620 me
2085 565 2146 622 in
2197 571 2461 643 tempore
2511 571 2851 637 senectutis,
2900 571 3048 629 dum
3093 572 3374 653 defecerit
3416 574 3599 632 virtus

1938 671 2098 714 mea.
2128 656 2301 725 Deus,
2335 675 2409 715 ne
2448 659 2831 736 derelinquas
2858 678 2995 732 me;
3029 665 3205 735 Deus,
3235 680 3313 721 ne
3355 663 3601 737 elonges

1939 762 1977 806 a
1997 762 2115 805 me.
2146 750 2301 806 Deus
2327 764 2525 822 meus,
2546 748 2609 807 in
2628 751 2921 810 auxilium
2945 768 3153 811 meum
3177 753 3407 829 respice
3439 770 3453 811 :
3486 769 3600 827 ego

1938 840 2141 895 autem
2174 853 2413 912 semper
2438 838 2504 896 in
2528 842 2583 896 te
2609 838 2891 913 sperabo,
2934 842 3207 911 Domine,
3229 845 3288 900 et
3313 840 3602 916 adjiciam

1939 940 2123 999 super
2143 941 2388 983 omnem
2411 925 2658 984 laudem
2689 931 2856 987 tuam
2889 945 2902 985 :
2930 944 2999 987 os
3025 945 3236 989 meum
3254 930 3605 1005 pronuntia-

1938 1013 2025 1073 bit
2046 1015 2341 1087 justitiam
2372 1018 2563 1087 tuam,
2587 1020 2711 1076 tota
2739 1016 2836 1075 die
2867 1018 3127 1079 salutare
3155 1023 3349 1078 tuum.

2009 1106 2088 1163 Ne
2122 1105 2323 1163 tradas
2352 1105 2558 1165 bestiis
2589 1106 2826 1164 animas
2848 1107 3200 1167 conﬁtentes
3228 1109 3355 1178 tibi,
3388 1112 3446 1166 et
3471 1108 3602 1167 ani-

1936 1213 2069 1253 mas
2113 1212 2452 1271 pauperum
2492 1202 2733 1255 tuorum
2761 1213 2839 1255 ne
2881 1198 3246 1258 obliviscaris
3293 1200 3355 1257 in
3397 1199 3600 1258 ﬁnem.

1937 1288 2184 1360 Respice
2230 1286 2291 1343 in
2342 1289 2769 1343 testamentum
2809 1292 3000 1357 tuum,
3052 1287 3197 1363 quia
3229 1288 3437 1362 repleti
3467 1297 3610 1351 sunt

1936 1380 2106 1435 terrae
2136 1376 2461 1434 domorum
2484 1376 2893 1449 iniquitatum.
2919 1378 3162 1450 Adjuva
3185 1381 3482 1449 nos,Deus
3514 1394 3607 1439 sa-

1937 1467 2145 1527 lutaris
2176 1471 2399 1537 noster,
2422 1470 2479 1522 et
2502 1470 2747 1540 propter
2771 1467 3069 1525 honorem
3090 1467 3353 1525 nominis
3378 1465 3610 1535 tui,Do-

1939 1556 2123 1627 mine,
2153 1555 2345 1613 libera
2376 1570 2510 1625 nos,
2543 1560 2600 1611 et
2624 1556 2918 1629 propitius
2949 1560 3075 1615 esto
3101 1556 3363 1630 peccatis
3386 1555 3610 1613 nostris

1941 1651 2187 1722 propter
2226 1660 2452 1703 nomen
2494 1649 2687 1704 tuum.
2720 1646 2943 1714 Excita,
2979 1645 3251 1717 Domine,
3281 1644 3611 1719 potentiam

142 1740 306 1795 tates
339 1749 511 1791 meas
544 1733 699 1793 dele.
726 1736 839 1791 Cor
868 1734 1177 1791 mundum
1218 1750 1356 1791 crea
1398 1734 1461 1790 in
1502 1750 1622 1804 me,
1655 1736 1831 1800 Deus,
1866 1749 1907 1809 Β
1947 1742 2136 1807 tuam,
2164 1740 2222 1792 et
2252 1734 2390 1791 veni
2430 1738 2495 1793 ut
2523 1734 2725 1791 salvos
2763 1733 2950 1793 facias
2986 1750 3119 1793 nos.
3176 1735 3426 1792 Domine
3455 1736 3611 1792 Deus

137 1830 201 1886 et
230 1823 521 1899 spiritum
565 1827 798 1880 rectum
840 1822 1065 1881 innova
1096 1822 1159 1879 in
1190 1823 1522 1879 visceribus
1553 1823 1724 1880 meis.
1754 1826 1835 1878 Ne
1946 1826 2257 1897 virtutum,
2284 1828 2564 1883 converte
2587 1840 2721 1888 nos,
2753 1828 2811 1882 et
2839 1824 3087 1883 ostende
3117 1824 3334 1884 faciem
3358 1825 3612 1896 tuam,et

138 1912 444 1989 projicias
497 1928 596 1970 me
645 1928 683 1969 α
726 1912 877 1970 facie
921 1916 1044 1982 tua,
1100 1916 1157 1968 et
1214 1911 1497 1986 Spiritum
1552 1915 1833 1969 sanctum
1947 1917 2097 1975 salvi
2126 1917 2370 1975 erimus.
2406 1918 2695 1993 Converte
2735 1931 2872 1986 nos,
2900 1917 3056 1972 Deus
3080 1914 3359 1973 salutaris
3382 1918 3606 1985 noster,

140 2009 330 2065 tuum
376 2017 453 2061 ne
500 2001 739 2061 auferas
783 2018 821 2064 a
869 2017 985 2059 me.
1036 2001 1237 2060 Redde
1264 2002 1412 2058 mihi
1442 2001 1705 2061 laetitiam
1738 2017 1829 2063 sa-

136 2093 367 2153 lutaris
395 2097 452 2149 et
484 2092 705 2166 Spiritu
733 2091 1051 2168 principali
1083 2092 1377 2151 conﬁrma
1403 2107 1518 2149 me.
1555 2091 1826 2161 Domine,

135 2182 318 2243 labia
396 2198 534 2241 mea
602 2182 854 2255 aperies,
916 2186 973 2241 et
1024 2198 1094 2241 os
1160 2198 1368 2241 meum
1445 2181 1831 2240 annuntiabit

136 2273 403 2335 laudem
447 2276 634 2331 tuam.
679 2275 854 2334 Deus,
897 2272 959 2329 in
1001 2271 1247 2329 nomine
1296 2274 1397 2330 tuo
1445 2270 1682 2329 salvum
1730 2287 1827 2328 me

136 2362 263 2434 fac,
308 2368 373 2419 et
395 2362 458 2421 in
487 2362 702 2421 virtute
730 2366 832 2419 tua
862 2361 1054 2422 libera
1091 2378 1207 2421 me.
1243 2364 1419 2434 Deus,
1447 2360 1667 2421 exaudi
1698 2376 1830 2421 ora-

138 2453 405 2508 tionem.
448 2451 708 2506 Auribus
745 2451 985 2524 percipe
1020 2450 1206 2507 verba
1249 2450 1369 2506 oris
1401 2449 1539 2506 mei.
1572 2449 1824 2521 Exaudi,

135 2542 327 2612 Deus,
372 2539 707 2601 orationem
739 2557 961 2611 meam,
993 2544 1051 2597 et
1079 2556 1154 2601 ne
1178 2539 1520 2612 despexeris
1546 2539 1829 2613 depreca-

130 2633 380 2693 tionem
428 2645 650 2689 meam.
700 2631 943 2689 lntende
989 2630 1054 2688 in
1081 2646 1202 2694 me,
1246 2633 1303 2689 et
1346 2630 1565 2689 exaudi
1594 2646 1712 2691 me.
1760 2634 1825 2688 ln

142 2725 268 2776 Deo
298 2719 576 2777 laudabo
615 2719 892 2788 verbum,
925 2723 981 2777 et
1013 2719 1075 2775 in
1116 2720 1370 2778 Domino
1407 2718 1674 2779 laudabo
1707 2736 1827 2779 ser-

139 2825 403 2872 monem
432 2826 446 2867 :
472 2809 537 2868 in
567 2811 688 2868 Deo
730 2808 1012 2884 sperabo,
1051 2824 1177 2869 non
1206 2808 1431 2869 timebo
1468 2808 1620 2884 quid
1647 2809 1827 2871 faciat

137 2898 295 2961 mihi
324 2898 538 2959 homo.
572 2901 638 2955 In
665 2914 765 2957 me
793 2902 955 2971 sunt,
994 2900 1175 2973 Deus,
1208 2902 1349 2958 vota
1375 2914 1510 2971 quae
1538 2897 1820 2969 reddam,

136 2987 538 3049 laudationes
565 2986 693 3061 tibi,
714 2987 1010 3061 quoniam
1035 2986 1302 3060 eripuisti
1328 2985 1599 3045 animam
1618 3002 1821 3049 meam

1941 2012 1999 2064 et
2028 2010 2228 2065 averte
2248 2006 2400 2063 iram
2432 2009 2601 2063 tuam
2633 2020 2673 2061 a
2706 2002 2884 2061 nobis
2913 2021 2926 2061 :
2963 2007 3028 2061 ut
3056 2019 3184 2060 non
3209 2004 3274 2061 in
3319 2006 3608 2063 aeternum

1938 2096 2217 2155 irascaris
2247 2094 2447 2164 nobis,
2478 2109 2677 2167 neque
2712 2092 3000 2151 extendas
3030 2093 3184 2151 iram
3210 2096 3377 2151 tuam
3407 2108 3447 2151 a
3471 2108 3607 2167 pro-

1938 2187 2111 2259 genie
2139 2188 2201 2245 in
2231 2183 2571 2259 progenies.
2603 2187 2779 2256 Deus,
2808 2186 2870 2241 tu
2891 2186 3248 2239 convertens
3274 2181 3626 2241 viviﬁcabis'

1937 2294 2071 2348 nes,
2104 2282 2163 2334 et
2202 2275 2373 2348 plebs
2418 2278 2522 2332 tua
2561 2272 2862 2331 laetabitur
2889 2271 2952 2330 in
2997 2276 3073 2331 te.
3111 2271 3372 2331 Ostende
3400 2271 3602 2343 nobis,

1937 2366 2190 2425 Domine
2222 2361 2697 2421 misericordiam
2724 2366 2914 2433 tuam,
2944 2364 3000 2417 et
3030 2358 3291 2419 salutare
3322 2364 3495 2417 tuum
3522 2359 3606 2433 da

1936 2458 2133 2517 nobis.
2188 2455 2433 2522 lnclina,
2482 2452 2753 2523 Domine,
2800 2467 3011 2510 aurem
3051 2454 3219 2511 tuam
3274 2449 3355 2511 ad
3400 2466 3500 2509 me
3546 2453 3605 2509 et

1935 2548 2152 2613 exaudi
2187 2562 2307 2615 me,
2338 2543 2631 2618 quoniam
2665 2557 2892 2613 egenus
2922 2544 2980 2601 et
3008 2555 3240 2615 pauper
3282 2557 3419 2597 sum
3463 2555 3597 2614 ego.

1935 2636 2183 2697 Custodi
2228 2635 2498 2695 animam
2546 2647 2748 2691 meam
2794 2629 3089 2705 quoniam
3143 2634 3391 2689 sanctus
3438 2645 3598 2693 sum.

1937 2728 2185 2789 Salvum
2213 2725 2309 2785 fac
2343 2739 2583 2783 servum
2612 2725 2808 2791 tuum,
2839 2723 2996 2779 Deus
3034 2735 3227 2788 meus,
3255 2723 3600 2793 sperantem

1932 2820 1998 2883 in
2026 2822 2105 2881 te.
2136 2816 2414 2877 Miserere
2442 2811 2613 2883 mihi,
2655 2809 2929 2881 Domine,
2957 2808 3253 2885 quoniam
3282 2808 3365 2868 ad
3394 2813 3451 2868 te
3480 2808 3599 2872 ola-

1934 2906 2097 2970 mavi
2125 2910 2252 2970 tota
2277 2903 2375 2966 die
2408 2900 2689 2964 :laetiﬁca
2710 2899 2985 2961 animam
3024 2897 3181 2959 servi
3209 2897 3316 2969 tui,
3340 2897 3487 2971 quia
3515 2898 3597 2960 ad

1930 3001 2008 3067 te,
2042 2995 2315 3063 Domine,
2342 2990 2540 3055 levavi
2569 2989 2842 3051 animam
2868 3002 3095 3049 meam.
3128 2989 3197 3048 Et
3224 2990 3315 3058 tu,
3339 2985 3594 3049 Domine

138 3079 217 3139 de
248 3079 478 3151 morte,
507 3076 716 3165 oculos
739 3092 911 3137 meas
940 3093 977 3137 a
1004 3075 1310 3151 lacrymis,
1360 3075 1546 3165 pedes
1582 3092 1755 3137 meos
1783 3092 1821 3141 a
1846 3102 1894 3165 ο
1930 3089 2086 3148 Deus
2126 3098 2325 3153 meus,
2370 3079 2686 3143 miseramr
2730 3081 2790 3139 et
2836 3075 3198 3165 misericors,
3254 3074 3493 3148 patiens
3535 3079 3595 3137 et

136 3166 347 3241 lapsu,
387 3169 451 3227 ut
476 3164 755 3240 placeam
794 3180 1003 3225 coram
1051 3165 1306 3227 Domino
1350 3164 1415 3226 in
1456 3163 1684 3226 lumine
1730 3165 1818 3226 vi-

138 3255 444 3317 ventium.
477 3254 751 3313 Miserere
779 3254 920 3327 mei,
952 3255 1130 3325 Deus,
1168 3253 1449 3314 miserere
1489 3252 1631 3325 mei,
1670 3269 1818 3330 quo-

138 3345 312 3405 niam
345 3345 415 3402 in
446 3348 501 3404 te
544 3343 793 3403 conﬁdit
816 3344 1023 3403 anima
1049 3360 1212 3413 mea,
1258 3348 1318 3403 et
1341 3344 1406 3403 in
1435 3342 1654 3405 umbra
1692 3342 1817 3407 ala-

138 3450 282 3494 rum
332 3438 581 3495 tuarum
621 3433 904 3508 sperabo,
961 3434 1155 3494 donec
1195 3438 1460 3493 transeat
1504 3433 1813 3510 iniquitas.

140 3523 320 3599 Eripe
367 3539 473 3583 me
523 3525 600 3585 de
654 3524 916 3583 inimicis
965 3525 1141 3597 meis,
1194 3528 1345 3581 Deus
1389 3540 1585 3595 meus,
1634 3528 1692 3583 et
1737 3522 1816 3585 ab

139 3614 605 3687 insurgentibus
629 3614 694 3675 in
725 3630 825 3672 me
851 3614 1044 3675 libera
1070 3630 1189 3675 me.
1224 3614 1395 3688 Eripe
1427 3630 1525 3674 me
1555 3614 1633 3675 de
1670 3629 1815 3689 ope-

137 3704 423 3765 rantibus
446 3705 849 3779 iniquitatem,
878 3709 936 3766 et
964 3705 1038 3763 de
1068 3705 1213 3763 viris
1252 3704 1621 3778 sanguinum
1646 3704 1816 3767 salva

138 3810 240 3856 me
298 3814 311 3854 :
372 3796 530 3870 quia
573 3811 712 3857 ecce
763 3799 1211 3870 occupaverunt
1265 3796 1537 3856 animam
1589 3810 1813 3863 meam,

140 3884 452 3947 irruerunt
476 3886 538 3945 in
567 3901 668 3945 me
691 3887 871 3945 tortos
904 3902 918 3943 :
947 3900 1060 3957 ego
1086 3900 1219 3943 vero
1248 3885 1581 3946 orationem
1610 3899 1815 3943 meam

139 3977 224 4041 ad
261 3981 338 4047 te,
371 3976 649 4039 Domine.
675 3979 933 4049 Tempus
960 3976 1342 4048 beneplaciti,
1373 3979 1546 4034 Deus.
1576 3979 1639 4034 1n
1664 3973 1816 4035 mul-

140 4069 352 4129 tudine
399 4066 830 4129 misericordiae
874 4070 989 4125 tuae
1042 4066 1263 4125 exaudi
1298 4083 1418 4137 me,
1466 4066 1531 4126 in
1576 4064 1819 4124 veritate

142 4160 355 4221 salutis
386 4163 532 4222 tuae.
577 4158 751 4232 Eripe
792 4173 892 4217 me
919 4157 997 4219 de
1023 4157 1170 4228 luto,
1201 4160 1269 4217 ut
1297 4171 1423 4215 non
1461 4156 1813 4215 inhiaream.

146 4250 359 4309 Libera
378 4266 480 4308 me
513 4266 587 4307 ex
614 4249 957 4308 odientibus
983 4253 1166 4319 me,et
1190 4248 1267 4307 de
1297 4247 1602 4322 profundo
1630 4261 1815 4319 aqua-

145 4356 281 4399 rum
329 4357 457 4400 non
498 4357 598 4398 me
638 4340 952 4414 demerget
1006 4344 1329 4417 tempestas
1376 4355 1574 4413 aquae,
1620 4351 1819 4410 neque

147 4430 473 4531 absorbent
528 4447 627 4489 me
681 4432 1074 4531 profundum,
1131 4445 1328 4531 neque
1380 4431 1592 4531 urgeat
1638 4440 1819 4527 super
1847 4464 1893 4531 Β

147 4535 245 4581 me
269 4527 494 4596 puteus
521 4538 591 4583 os
610 4538 814 4583 suum.
832 4522 1059 4585 Exaudi
1079 4537 1199 4591 me,
1228 4519 1498 4590 Domine,
1525 4517 1817 4592 quoniam

146 4610 412 4686 benigna
441 4619 536 4675 est
562 4614 978 4679 misericordia
1005 4619 1147 4685 tua;
1180 4613 1517 4675 secundum
1555 4609 1817 4676 multitttr

150 4700 354 4764 dinem
402 4703 864 4767 miserationum
912 4710 1155 4769 tuarum
1192 4702 1425 4777 respice
1469 4701 1533 4766 in
1575 4715 1691 4765 me.
1735 4702 1817 4766 Ne

151 4796 388 4853 avertas
418 4794 642 4857 faciem
669 4799 839 4854 tuam
866 4811 902 4854 a
929 4809 1120 4869 puero
1149 4798 1273 4858 tuo,
1304 4792 1598 4868 quoniam
1628 4790 1814 4856 tribu.

154 4878 264 4940 lor.
296 4886 585 4946 Velociter
632 4885 855 4949 exaudi
889 4900 1007 4944 me.
1054 4883 1300 4945 Intende
1330 4882 1550 4945 animae
1578 4897 1731 4946 mete
1759 4884 1818 4945 et

154 4969 340 5032 libera
392 4992 532 5036 eam
583 4994 597 5033 :
655 4979 900 5050 propter
939 4974 1215 5033 inimicos
1253 4986 1425 5035 meos
1481 4973 1643 5046 eripe
1694 4987 1815 5035 me.

158 5061 332 5136 Deus,
353 5066 416 5123 in
455 5066 828 5141 adjutorium
857 5082 1065 5124 meum
1107 5064 1348 5123 intende
1376 5083 1392 5133 ;
1438 5062 1709 5135 Domine,
1737 5062 1819 5123 ad

158 5152 577 5225 adjuvandus:
606 5172 706 5216 me
735 5156 976 5219 festina.
1006 5158 1128 5227 Ego
1158 5170 1302 5214 vero
1324 5169 1559 5226 egenus
1582 5158 1641 5211 et
1668 5168 1819 5228 pau-

157 5255 264 5313 per
292 5263 446 5306 sum.
475 5250 655 5322 Deus,
686 5248 913 5322 adjuva
941 5262 1058 5309 me.
1092 5245 1348 5319 Adjutor
1377 5259 1551 5311 meus
1592 5248 1651 5303 et
1675 5244 1819 5302 libeo

160 5337 318 5391 rator
339 5352 513 5401 meus
549 5342 639 5413 {es
669 5339 777 5416 tu],
810 5339 1061 5397 Domine
1094 5356 1109 5396 :
1146 5352 1224 5396 ne
1255 5336 1608 5395 tardaveris.
1642 5336 1710 5417 In
1737 5338 1815 5405 te,

165 5420 428 5502 Domine,
460 5431 736 5505 speravi:
770 5445 895 5489 non
941 5428 1282 5488 confundor
1308 5429 1372 5485 in
1403 5432 1713 5485 internum.
1754 5430 1820 5483 In

164 5516 268 5573 tua
300 5520 529 5590 iustitia
552 5523 743 5582 libera
770 5537 868 5579 me
897 5525 956 5580 et
983 5521 1147 5594 eripe
1186 5535 1304 5577 me.
1345 5518 1571 5577 Inclina
1615 5517 1695 5584 ad
1723 5530 1822 5574 me

169 5618 371 5667 aurem
393 5617 601 5672 tuam:
635 5613 904 5673 accelera
932 5616 998 5671 ut
1025 5612 1244 5686 eripias
1270 5626 1389 5669 me.
1422 5613 1559 5668 Esto
1579 5608 1731 5671 mihi
1759 5608 1823 5665 in

169 5694 353 5758 Deum
376 5707 775 5776 protectorem
801 5707 861 5761 et
884 5703 947 5761 in
974 5703 1177 5761 locum
1210 5702 1444 5776 refugii,
1478 5706 1546 5762 ut
1587 5702 1824 5761 salvum

172 5800 266 5843 me
286 5788 492 5856 facias.
519 5799 587 5855 Et
613 5801 699 5866 tu,
739 5792 1009 5862 Domine,
1028 5793 1272 5868 adjutor
1299 5793 1488 5853 fortis.
1505 5792 1827 5869 Repleatur

1926 3174 2189 3239 multum
2215 3171 2576 3241 misericors,
2620 3172 2679 3227 et
2721 3182 2920 3233 verax,
2972 3164 3206 3239 respice
3251 3164 3316 3227 in
3358 3180 3482 3234 me,
3531 3169 3592 3227 et

1923 3266 2205 3328 miserere
2223 3262 2346 3327 mei
2374 3280 2388 3325 ε
2420 3261 2503 3325 da
2529 3261 2885 3333 potestatem
2906 3271 3096 3331 puero
3111 3259 3235 3321 tuo.
3265 3258 3327 3317 et
3351 3254 3589 3319 salvum

1925 3355 2019 3413 fac
2039 3354 2233 3411 ﬁlium
2255 3350 2485 3411 ancillae
2508 3349 2768 3409 tuae.Fac
2780 3361 3044 3415 mecum.
3058 3344 3328 3414 Domine,
3343 3344 3586 3416 signum

1922 3448 1986 3507 in
2020 3447 2278 3511 bonum,
2308 3446 2377 3505 ut
2400 3442 2648 3505 videant
2677 3439 2786 3514 qui
2810 3454 2911 3502 me
2938 3437 3199 3501 oderunt
3236 3439 3297 3499 et
3338 3436 3588 3497 contun-

1921 3538 2166 3606 dantur,
2207 3534 2499 3608 quonlam
2539 3535 2623 3604 tu,
2671 3529 2944 3601 Domine,
2984 3526 3269 3599 adiuvisti
3311 3542 3430 3588 me.
3476 3527 3587 3587 Do-

1920 3626 2087 3686 mine
2115 3628 2274 3686 Deus
2304 3622 2512 3686 salutis
2539 3636 2715 3694 meae,
2733 3620 2798 3681 in
2815 3619 2915 3682 die
2938 3616 3199 3681 clamavi
3217 3619 3275 3679 et
3290 3619 3468 3680 nocte
3487 3632 3585 3681 OOr

1920 3734 2057 3778 rem
2077 3717 2196 3789 [te].
2212 3717 2392 3779 Intret
2409 3711 2602 3775 oratio
2621 3725 2765 3774 mea
2776 3709 2840 3769 in
2859 3710 3187 3780 conspectu
3203 3709 3308 3770 tuo
3326 3723 3342 3768 :
3358 3704 3585 3769 inclina

1922 3823 2135 3868 aurem
2163 3809 2332 3867 tuam
2359 3802 2440 3865 ad
2467 3816 2709 3875 precem
2747 3812 2974 3867 meam,
3002 3796 3275 3858 Domine.
3305 3794 3415 3856 Ubi
3441 3798 3585 3857 sunt

1920 3894 2343 3957 misericordiae
2393 3896 2510 3953 tuae
2558 3890 2822 3962 antiquis
2869 3886 3143 3956 Domine,
3190 3885 3344 3947 sicut
3366 3884 3583 3957 iurasti

1920 3986 2109 4046 David
2136 3986 2200 4044 in
2230 3983 2475 4045 veritate
2504 3984 2609 4041 tua
2627 3980 2655 4037 ?
2692 3981 2914 4039 Memor
2946 3980 3073 4037 esto
3100 3973 3411 4049 opprobrii
3455 3988 3582 4035 serv

1924 4091 2142 4135 verum
2166 4078 2410 4132 tuorum
2441 4068 2632 4144 (quod
2671 4066 2941 4128 continui
2981 4066 3047 4126 in
3074 4065 3211 4125 sinu
3236 4064 3393 4137 meo)
3422 4061 3581 4123 mul~

1919 4170 2119 4226 tarum
2147 4160 2438 4234 gentium.
3290 4206 3295 4209 .

1992 4255 2369 4320 Convertere,
2428 4250 2699 4319 Domine,
2748 4246 3215 4322 aliquantulum,
3267 4248 3329 4304 ot
3367 4244 3583 4318 depre~

1923 4360 2059 4402 care
2084 4358 2266 4416 super
2292 4355 2500 4401 servos
2527 4344 2685 4399 tuos.
2715 4343 2783 4398 Et
2803 4338 2855 4401 si
2898 4337 3186 4413 splendor
3218 4335 3456 4401 Domini
3479 4336 3583 4395 Dei

1922 4434 2111 4495 nostri
2156 4447 2338 4506 super
2373 4446 2509 4501 nos,
2548 4433 2607 4488 et
2658 4444 2847 4504 opera
2888 4444 3191 4488 manuum
3231 4430 3583 4493 nostrarum
3642 4420 3643 4425 “

1923 4526 2115 4598 dirige
2138 4538 2319 4598 super
2333 4537 2468 4583 nos.
2488 4520 2740 4580 Domine
2760 4519 2983 4578 exaudi
3000 4518 3338 4577 orationem
3356 4530 3583 4586 meam;

1922 4622 1983 4675 et
2004 4615 2236 4674 clamor
2256 4628 2431 4672 mens
2460 4610 2540 4669 ad
2565 4614 2621 4668 te
2642 4608 2970 4683 perveniat.
3003 4612 3085 4667 No
3108 4610 3344 4666 avertas
3366 4605 3586 4668 faciem

1925 4712 2095 4768 tuam
2119 4722 2158 4765 a
2183 4720 2283 4762 me
2308 4721 2322 4761 ι
2347 4704 2410 4761 in
2433 4715 2801 4776 quacunque
2831 4698 2929 4756 die
2954 4698 3226 4768 tribulor,
3256 4697 3481 4760 inclina
3503 4696 3587 4759 ad

1923 4814 2023 4863 me
2042 4812 2253 4855 aurem
2278 4798 2450 4853 tuam
2481 4811 2496 4850 t
2523 4792 2588 4850 in
2602 4805 2969 4866 quacunque
2998 4789 3096 4847 die
3119 4790 3487 4847 invocavero
3503 4791 3584 4857 te;

1926 4886 2204 4951 velociter
2250 4882 2471 4943 exaudi
2515 4898 2636 4942 me.
2687 4884 2769 4940 Ne
2814 4879 3041 4939 educas
3080 4894 3181 4937 me
3223 4878 3288 4936 in
3332 4876 3588 4938 dimidio

1924 4979 2162 5041 dierum
2191 4991 2468 5035 meorum
2484 4975 2546 5033 in
2570 4972 3019 5046 generationem
3050 4974 3110 5034 et
3137 4968 3589 5043 generationem

1926 5069 2072 5128 anni
2101 5068 2204 5126 tui.
2236 5070 2304 5126 Et
2315 5070 2401 5136 tu,
2425 5065 2697 5135 Domine,
2723 5064 2819 5122 fac
2846 5075 3089 5120 mecum
3113 5059 3591 5119 misericordiam

1926 5162 2172 5233 propter
2193 5170 2421 5214 nomen
2449 5159 2644 5224 tuum,
2675 5152 2968 5229 quoniam
2998 5149 3205 5208 suavis
3242 5152 3333 5207 est
3359 5145 3592 5205 miseri-

1927 5246 2133 5306 cordia
2160 5250 2284 5304 tua.
2308 5245 2521 5304 Libera
2546 5260 2666 5317 me,
2696 5244 2989 5319 quoniam
3013 5255 3243 5313 egenus
3271 5241 3330 5297 et
3356 5248 3594 5319 pauper

1927 5354 2070 5396 sum
2107 5352 2243 5409 ego,
2287 5340 2346 5395 et
2400 5351 2504 5395 cor
2543 5350 2749 5393 meum
2779 5333 3211 5393 conturbatum
3238 5334 3329 5389 est
3377 5329 3439 5388 in
3465 5344 3592 5388 me.

1930 5430 2094 5488 Sicut
2137 5428 2358 5487 umbra
2405 5443 2546 5486 cum
2598 5429 2861 5486 declinat
2905 5426 3145 5485 ablatus
3187 5440 3346 5495 sum,
3392 5424 3452 5480 et
3497 5420 3598 5479 ex-

1930 5538 2145 5579 cussus
2187 5537 2323 5579 sum
2376 5521 2531 5578 sicut
2582 5521 2833 5579 locusta.
2886 5518 3119 5591 Adjuva
3169 5531 3288 5585 me,
3346 5511 3600 5574 Domine

1933 5613 2089 5670 Deus
2107 5615 2367 5683 mens,et
2377 5611 2615 5671 salvum
2631 5626 2729 5669 me
2745 5610 2840 5669 fac
2856 5611 3103 5684 propter
3120 5605 3601 5665 misericordiam

1933 5709 2123 5763 tuam.
2158 5703 2436 5762 Retribue
2466 5718 2642 5761 servo
2670 5705 2775 5761 tuo
2804 5701 2911 5774 [ut]
2937 5699 3145 5757 vivam
3174 5701 3234 5757 et
3262 5696 3602 5763 custodiam

1936 5807 2250 5853 sermones
2289 5796 2446 5854 tuos.
2486 5791 2703 5853 Revela
2753 5789 2959 5851 oculos
2997 5801 3191 5866 meos,
3230 5790 3291 5853 et
3329 5784 3606 5852 conside?
