3950 6396
367 299 502 352 1455

1001 295 1056 350 S.
1080 292 1456 349 PRUDENTII
1483 291 1862 348 TRECENSIS
1915 289 2223 346 EPISCOPI
2256 290 2686 345 BREVIARIUM
2739 289 2808 344 IN
2841 286 3162 345 PSALMOS

3676 287 3820 344 1456

364 421 518 478 rabo
546 419 848 476 mirabilia
875 418 950 473 de
987 417 1117 487 lege
1149 420 1272 474 tua.
1301 415 1501 473 lncola
1535 431 1646 486 ego
1673 433 1810 472 sum
1825 415 1887 472 in
1907 419 2023 472 ter-
2066 415 2113 468 Α
2144 412 2396 470 malum.
2429 413 2674 470 Intende
2715 414 2774 469 in
2821 411 3221 469 humilitatem
3267 427 3489 483 meam,
3521 412 3671 485 quia
3702 411 3818 468 hu-

364 525 466 568 ra:
500 525 624 566 non
655 507 994 564 abscondas
1024 523 1059 562 a
1107 521 1204 562 me
1234 505 1525 562 mandata
1565 511 1689 562 tua.
1727 505 2031 563 Confirma

367 617 486 670 me,
519 599 788 666 Domine,
821 597 881 652 in
911 595 1292 652 sermonibus
1321 595 1454 652 tuis.
1494 596 1665 652 Viam
1699 595 2030 668 iniquitatis

367 705 581 747 amove
610 704 646 744 a
676 703 794 757 me,
813 690 869 742 et
897 685 971 742 de
991 685 1121 754 lege
1142 689 1245 741 tua
1261 685 1541 742 miserere
1572 685 1919 741 mei.Deduc
1935 699 2032 742 me

371 779 433 835 in
467 777 742 834 semitam
815 775 1245 832 mandatorum
1304 778 1571 839 tuorum,
1633 775 1779 847 quia
1831 774 2030 848 ipsam

363 865 548 923 volui.
582 864 805 920 lnclina
835 880 940 920 cor
969 879 1174 920 meum
1202 863 1264 919 in
1295 863 1641 920 testimonia
1670 867 1792 930 tua,
1825 867 1882 920 et
1906 878 2031 918 non

363 955 425 1012 in
453 953 791 1012 avaritiam.
824 956 1035 1009 Averte
1065 952 1272 1008 oculos
1297 969 1486 1021 meos,
1505 969 1580 1008 ne
1605 952 1847 1008 videant
1866 951 2032 1008 vani—

363 1048 563 1102 tatem.
589 1046 653 1099 ln
682 1042 784 1099 via
813 1046 918 1098 tua
945 1041 1186 1098 viviﬁca
1214 1058 1331 1098 me.
1367 1043 1565 1098 Statue
1591 1057 1764 1097 servo
1781 1045 1884 1097 tuo
1913 1040 2031 1097 elo-

360 1133 574 1206 quium
605 1135 778 1189 tuum
807 1131 870 1187 in
891 1132 1101 1187 timore
1133 1136 1254 1188 tuo.
1287 1131 1644 1196 Bonitatem,
1693 1135 1750 1186 et
1771 1130 2030 1203 discipli-

360 1237 528 1293 nam,
551 1225 610 1279 et
637 1221 950 1278 scientiam
973 1221 1124 1277 doce
1153 1237 1273 1292 me,
1305 1221 1451 1294 quia
1480 1221 1539 1276 in
1571 1219 1878 1276 mandatis
1915 1220 2029 1276 tuis

363 1311 822 1369 credidi.Bonus
853 1326 916 1366 es
947 1311 1308 1378 tu,Domine,
1333 1310 1462 1366 etin
1476 1309 1741 1366 bonitate
1765 1313 1867 1364 tua
1880 1309 2030 1365 doce

363 1417 462 1457 me
486 1399 951 1472 justificationes
979 1404 1134 1456 tuas.
1171 1399 1488 1466 Fiatnunc,
1509 1399 1779 1461 Domine,
1800 1398 2030 1454 miseri-

345 1489 575 1546 cordia
611 1492 734 1557 tua,
758 1492 824 1544 ut
843 1488 1187 1544 consoletur
1232 1504 1328 1544 me
1352 1488 1689 1544 secundum
1720 1487 2028 1559 eloquium

364 1581 541 1635 tuum
565 1592 736 1633 servo
763 1577 1154 1634 tuo.Veniant
1190 1577 1336 1633 mihi
1364 1577 1780 1633 miserationes
1812 1581 1950 1642 tuae,
1974 1580 2031 1632 et

368 1666 602 1740 vivam,
617 1666 763 1739 quia
782 1665 876 1721 lex
908 1671 1012 1721 tua
1031 1666 1339 1722 meditatio
1369 1682 1504 1721 mea
1521 1669 1626 1721 est.
1643 1666 1768 1722 Fiat
1787 1681 1889 1721 cor
1908 1681 2030 1720 me-

2144 503 2408 558 miliatus
2441 520 2576 558 sum
2623 503 2822 558 nimis.
2864 501 3075 557 Libera
3100 517 3196 557 me
3229 517 3263 556 a
3301 501 3817 574 persequentibus

2141 609 2261 660 me,
2287 593 2581 666 quoniam
2615 592 2932 648 confortati
2964 595 3104 648 sunt
3162 606 3343 664 super
3383 607 3502 647 me.
3536 591 3706 648 Educ
3740 591 3815 647 de

2141 700 2378 742 carcere
2409 684 2680 740 animam
2714 699 2936 753 meam,
2983 682 3062 738 ad
3111 681 3522 740 confitendum
3569 681 3815 738 nomini

2141 778 2263 830 tuo.
2298 773 2566 830 Domine.
2599 775 2683 829 Me
2717 774 3069 845 exspectant
3093 771 3258 843 justi,
3290 770 3484 828 donec
3506 771 3813 828 retribuas

2142 862 2312 918 mihi.
2338 861 2609 929 Domine,
2652 861 2870 918 exaudi
2917 860 3252 917 orationem
3301 876 3503 918 meam
3531 878 3542 916 :
3568 861 3632 917 in
3662 861 3815 916 veri-

2141 956 2259 1008 tate
2291 951 2510 1007 exaudi
2550 967 2646 1006 me
2715 951 2775 1006 in
2824 954 2924 1007 tua
2974 949 3245 1022 justitia:
3306 955 3362 1006 et
3407 965 3482 1006 ne
3526 951 3716 1006 intres
3750 950 3811 1004 in

2135 1041 2433 1114 judicium
2464 1057 2603 1096 cum
2627 1056 2798 1096 servo
2826 1045 2948 1107 tuo,
2982 1039 3126 1112 quia
3145 1054 3270 1096 non
3299 1039 3809 1111 iustificabiturin

2140 1134 2470 1203 conspectu
2498 1135 2600 1186 tuo
2633 1130 2831 1186 omnis
2868 1129 3098 1185 vivens.
3133 1129 3286 1195 Quia
3318 1133 3665 1202 persecutus
3719 1133 3813 1184 est

2140 1219 2418 1276 inimicus
2440 1219 2709 1276 animam
2737 1235 2959 1287 meam,
2983 1218 3322 1275 humiliavit
3350 1217 3412 1274 in
3436 1223 3591 1274 terra
3615 1217 3810 1274 vitam

2139 1323 2363 1364 meam.
2396 1307 2683 1363 Velociter
2704 1307 2916 1364 exaudi
2948 1323 3066 1378 me,
3101 1306 3348 1364 Domine
3375 1323 3389 1373 ;
3418 1305 3633 1363 defecit
3676 1307 3810 1379 spi-

2138 1397 2286 1453 ritus
2307 1413 2499 1452 meus.
2538 1401 2617 1452 Ne
2648 1401 2882 1453 avertas
2913 1396 3125 1452 faciem
3157 1401 3323 1453 tuam
3350 1412 3386 1453 a
3432 1412 3548 1462 me,
3599 1401 3658 1452 et
3700 1411 3809 1452 ero

2139 1485 2348 1542 similis
2395 1486 2896 1542 descendentibus
2939 1486 2999 1542 in
3047 1486 3270 1543 lacum.
3320 1485 3595 1542 Auditum
3653 1487 3810 1542 mihi

2140 1576 2232 1632 fac
2264 1592 2441 1632 mane
2475 1576 2949 1632 misericordiam
2992 1580 3180 1632 tuam.
3241 1579 3451 1632 Notam
3502 1575 3595 1632 fac
3652 1575 3807 1631 mihi

2141 1665 2302 1721 viam
2332 1666 2391 1721 in
2423 1681 2546 1738 qua
2576 1665 2906 1736 ambulem,
2931 1665 3076 1738 quia
3099 1664 3177 1721 ad
3205 1669 3280 1732 te,
3316 1665 3582 1732 Domine,
3607 1663 3803 1720 levavi

365 1771 473 1811 um
504 1754 962 1811 immaculatum
1002 1753 1064 1810 in
1097 1755 1210 1811 tuis
1235 1753 1787 1826 justiﬁcationibus,
1811 1758 1875 1810 ut
1905 1770 2028 1809 non
2059 1767 2104 1821 Β
2141 1754 2411 1811 animam
2433 1771 2652 1811 meam.
2688 1755 2858 1828 Eripe
2889 1771 2984 1810 me
3023 1754 3098 1811 de
3145 1754 3401 1810 inimicis
3456 1754 3622 1810 meis.
3684 1755 3804 1809 Do-

366 1843 1090 1901 confundar.Humiliatus
1117 1859 1255 1899 sum
1285 1844 2025 1916 usquequaque,Domine.

364 1933 606 1990 Viviﬁca
635 1949 732 1990 me
776 1933 1113 1988 secundum
1160 1933 1415 1989 verbum
1449 1939 1638 1990 tuum.
1683 1933 2031 1990 Voluntaria

365 2022 486 2079 oris
509 2021 626 2078 mei
657 2021 1032 2096 beneplacita
1060 2022 1174 2090 fac,
1196 2023 1466 2092 Domine,
1490 2028 1546 2079 et
1562 2023 1790 2095 judicia
1802 2027 1902 2079 tua
1920 2023 2028 2079 do-

366 2127 434 2168 ce
463 2127 581 2168 me.
608 2112 852 2184 Suspice
873 2128 970 2168 me
987 2111 1323 2168 secundum
1347 2112 1655 2185 eloquium
1677 2116 1934 2180 tuum,et
1947 2112 2030 2167 vi-

365 2218 527 2269 vam,
559 2204 618 2257 et
652 2217 728 2256 ne
765 2201 1103 2258 confundas
1136 2219 1232 2257 me
1277 2202 1356 2258 ab
1391 2203 1832 2274 exspectatione
1875 2218 2027 2258 mea.

369 2290 604 2361 Adjuva
634 2306 752 2360 me,
781 2294 839 2346 et
863 2291 1067 2346 salvus
1094 2307 1218 2360 ero,
1255 2295 1308 2347 et
1330 2291 1667 2347 meditabor
1695 2292 1751 2346 in
1777 2291 1894 2346 tuis
1909 2292 2034 2362 jus-

367 2379 818 2436 tiﬁcationibus.
848 2382 959 2435 Fac
990 2396 1129 2436 cum
1162 2397 1331 2436 servo
1363 2385 1464 2436 tuo
1496 2381 1830 2436 secundum
1856 2381 2032 2436 mise-

367 2467 695 2524 ricordiam
726 2472 894 2524 tuam
936 2473 994 2524 et
1037 2469 1494 2540 justiﬁcationes
1553 2475 1685 2525 tuas
1714 2471 1866 2526 doce
1913 2487 2029 2526 me.

369 2559 585 2613 Servus
629 2561 768 2613 tuus
817 2573 952 2614 sum
1000 2574 1151 2628 ego:
1201 2559 1282 2615 da
1325 2559 1470 2614 mihi
1528 2559 1911 2630 intellectum,
1970 2565 2035 2616 ut

371 2646 561 2702 sciam
574 2646 915 2703 testimonia
935 2649 1312 2720 tua.Respice
1331 2648 1388 2703 in
1410 2665 1527 2716 me,
1545 2653 1600 2704 et
1615 2650 1893 2704 miserere
1916 2650 2035 2705 mei

373 2734 712 2811 secundum
773 2735 1070 2804 judicium
1136 2737 1509 2807 diligentium
1568 2754 1791 2793 nomen
1840 2743 2030 2794 tuum.

374 2823 622 2878 Gressus
650 2839 819 2879 meos
843 2824 1032 2894 dirige
1063 2826 1398 2882 secundum
1429 2827 1735 2900 eloquium
1762 2832 2038 2894 tuum,ut

372 2925 500 2966 non
529 2909 875 2967 dominetur
904 2913 1022 2969 mei
1053 2914 1251 2969 omnis
1273 2914 1580 2986 injustitia.
1604 2915 1851 2971 Redime
1872 2932 1970 2972 me
1998 2932 2036 2972 a

369 2999 690 3056 calumniis
713 3002 1051 3070 hominum,
1087 3007 1152 3059 ut
1192 3004 1535 3061 custodiam
1576 3005 1867 3062 mandata
1907 3010 2028 3062 tua.

2140 1845 2322 1912 mine,
2365 1845 2444 1901 ad
2492 1849 2546 1901 te
2595 1845 2859 1914 confugi,
2895 1845 3044 1900 doce
3074 1859 3172 1899 me
3203 1843 3397 1900 facere
3427 1843 3804 1899 voluntatem

2141 1940 2329 2003 tuam,
2360 1934 2504 2006 quia
2536 1939 2597 1990 tu
2623 1950 2685 1989 es
2714 1935 2868 1989 Deus
2892 1949 3081 2000 meus,
3118 1933 3400 2005 Spiritum
3433 1937 3571 1988 tuus
3601 1932 3807 1988 bonus

2139 2023 2396 2079 deducet
2420 2040 2517 2079 me
2542 2024 2602 2079 in
2632 2023 2793 2079 viam
2815 2027 3062 2094 rectam,
3095 2027 3340 2095 propter
3367 2037 3588 2078 nomen
3602 2025 3804 2090 tuum,

2142 2113 2411 2179 Domine,
2433 2112 2763 2168 viviﬁcabis
2793 2129 2888 2168 me
2921 2111 2982 2167 in
3004 2111 3283 2185 aequitate
3322 2116 3444 2168 tua.
3483 2115 3548 2166 Et
3577 2111 3806 2166 educes

2141 2202 2215 2257 de
2245 2201 2628 2258 tribulatione
2651 2202 2919 2257 animam
2950 2217 3172 2270 meam,
3204 2203 3261 2256 et
3296 2201 3358 2256 in
3387 2201 3808 2256 misericordia

2141 2295 2244 2347 tua
2273 2290 2584 2363 disperdes
2606 2290 2882 2346 inimicos
2903 2306 3094 2345 meos.
3132 2292 3196 2346 Et
3220 2289 3436 2362 perdes
3461 2304 3676 2345 omnes
3699 2290 3808 2360 qui

2142 2378 2429 2435 tribulant
2486 2379 2755 2435 animam
2795 2395 3016 2447 meam,
3061 2379 3353 2451 quoniam
3400 2393 3611 2434 servus
3662 2383 3806 2434 tuus

2145 2485 2277 2525 sum
2317 2484 2452 2540 ego.

2217 2560 2412 2616 Gloria
2446 2558 2618 2626 Patri,
2649 2563 2707 2615 et
2721 2559 2886 2630 Filio,
2905 2563 2962 2615 et
2988 2558 3227 2632 Spiritui
3245 2561 3472 2614 sancto.
3499 2557 3808 2613 Sicuterat

2145 2649 2205 2704 in
2236 2649 2554 2723 principio,
2583 2653 2641 2705 et
2671 2663 2858 2718 nunc,
2881 2653 2938 2705 et
2968 2663 3227 2720 semper,
3260 2651 3316 2704 et
3341 2647 3400 2703 in
3433 2645 3656 2704 smcula
3701 2663 3808 2700 sae-

2144 2738 2438 2794 culorum.
2474 2742 2686 2794 Amen.

2216 2827 2575 2883 Benedicam
2610 2827 2933 2884 Dominum
2961 2827 3022 2884 in
3037 2827 3205 2884 omni
3237 2832 3504 2900 tempore
3527 2845 3540 2884 :
3561 2841 3806 2900 semper

2143 2916 2277 2973 laus
2306 2917 2437 2988 ejus
2471 2916 2531 2972 in
2563 2933 2664 2973 ore
2703 2933 2860 2973 meo.
2893 2916 3017 2973 Tibi
3049 2917 3159 2973 soli
3185 2916 3452 2990 peccavi,
3483 2919 3541 2972 et
3567 2915 3802 2972 malum

2143 3021 2350 3062 coram
2381 3011 2435 3062 te
2457 3006 2567 3062 feci
2598 3005 2886 3062 Delictum
2907 3022 3113 3062 meum
3143 3005 3448 3076 cognitum
3474 3005 3579 3061 tibi
3608 3005 3806 3075 feci,et

371 3089 605 3146 Faciem
636 3094 804 3148 tuam
824 3091 1101 3149 illumina
1130 3109 1313 3166 super
1341 3110 1582 3150 servum
1611 3099 1783 3150 tuum
1814 3095 2033 3152 etdoce
2061 3123 2106 3178 c
2142 3095 2499 3167 injustitiam
2528 3113 2730 3153 meam
2750 3112 2875 3152 non
2906 3095 3223 3153 abscondi.
3273 3095 3400 3152 Dixi
3423 3113 3436 3152 :
3459 3095 3806 3153 Conﬁtebor

366 3193 467 3234 me
491 3179 950 3250 justiﬁcationes
981 3185 1139 3239 tuas.
1171 3185 1386 3239 Vocem
1414 3199 1615 3240 meam
1643 3184 1784 3240 audi
1817 3200 2032 3241 secun-

366 3265 517 3323 dum
547 3268 1028 3326 misericordiam
1071 3274 1262 3335 tuam,
1295 3272 1567 3343 Domine,
1596 3277 1652 3329 et
1697 3273 2034 3330 secundum

361 3355 664 3427 judicium
685 3362 858 3415 tuum
887 3359 1131 3416 vivifica
1150 3375 1267 3416 me.

443 3445 588 3501 Vide
606 3445 1009 3503 humilitatem
1029 3464 1231 3506 meam
1252 3454 1309 3506 et
1333 3451 1495 3523 eripe
1516 3467 1635 3519 me,
1667 3451 1813 3525 quia
1839 3451 2035 3522 legem

368 3535 541 3589 tuam
561 3549 687 3590 non
717 3551 855 3591 sum
887 3536 1128 3592 oblitus.
1158 3538 1368 3596 Judica
1388 3539 1686 3611 judicium
1735 3557 1941 3598 meum
1981 3545 2038 3598 et

368 3621 600 3680 redime
627 3638 727 3680 me
757 3641 770 3680 :
813 3629 1061 3698 propter
1106 3626 1414 3701 eloquium
1447 3633 1620 3686 tuum
1648 3631 1886 3687 viviﬁca
1915 3648 2033 3688 me.

367 3707 700 3786 Appropiet
745 3714 940 3771 oratio
969 3731 1110 3773 mea
1147 3716 1209 3772 in
1241 3723 1576 3790 conspectu
1604 3724 1730 3791 tuo,
1763 3721 2032 3791 Domine,

371 3798 713 3859 secundum
738 3802 1049 3877 eloquium
1081 3809 1252 3862 tuum
1272 3807 1353 3864 da
1373 3809 1522 3865 mihi
1552 3809 2035 3868 intellectum.ln-

367 3889 482 3949 tret
507 3891 837 3965 pestulatio
868 3909 1006 3951 mea
1034 3895 1094 3950 in
1124 3902 1452 3969 conspectu
1481 3903 1604 3968 tuo,
1656 3899 1906 3957 Domine
1950 3918 2035 3957 se-

368 3981 636 4038 cundum
693 3982 1002 4056 eloquium
1053 3989 1226 4042 tuum
1274 3987 1436 4060 eripe
1493 4004 1610 4045 me.
1668 3991 2036 4048 Eructabunt

363 4067 530 4126 labia
550 4086 690 4128 mea
716 4072 1039 4144 hymnum,
1067 4089 1206 4131 eum
1236 4076 1513 4133 docueris
1544 4095 1641 4135 me
1666 4079 2036 4150 justiﬁcatio-

364 4172 477 4214 nes
505 4161 660 4216 tuas.
712 4162 1129 4220 Pronuntiabit
1173 4164 1382 4236 lingua
1433 4182 1571 4224 mea
1615 4167 1856 4242 eloquia
1907 4173 2030 4238 tua,

365 4246 516 4318 quia
542 4247 751 4303 omnia
776 4250 1070 4308 mandata
1098 4255 1201 4308 tua
1219 4254 1492 4326 aequitas.
1527 4257 1887 4316 Fiatmanus
1907 4262 2030 4328 tua,

365 4337 436 4389 ut
462 4333 699 4391 salvum
719 4352 819 4392 me
843 4337 1042 4404 faciat,
1073 4341 1221 4413 quia
1243 4343 1536 4403 mandata
1562 4350 1666 4404 tua
1695 4347 1866 4421 elegi.

441 4422 772 4498 Concupivi
803 4425 1060 4486 salutare
1108 4433 1302 4504 tuum,
1347 4434 1616 4504 Domine,
1675 4441 1732 4494 et
1786 4437 1882 4496 lex
1926 4444 2030 4498 tua

363 4511 679 4570 meditatio
708 4530 846 4573 mea
873 4521 980 4574 est.
1007 4519 1172 4577 Vivet
1208 4521 1416 4579 anima
1456 4540 1614 4591 mea,
1658 4529 1714 4584 et
1758 4527 2032 4588 laudabit

363 4603 444 4672 te,
468 4605 528 4658 et
543 4601 774 4674 judicia
799 4609 906 4664 tua
935 4606 1316 4680 adjuvabunt
1339 4628 1458 4670 me.
1493 4617 1696 4674 Erravi
1723 4617 1877 4676 sicut
1899 4622 2028 4678 ovis

361 4705 503 4781 qum
557 4692 836 4765 perierat.
903 4698 1156 4771 Require
1203 4715 1445 4760 servum
1509 4708 1702 4777 tuum,
1757 4708 2029 4781 Domine,

362 4778 511 4851 quia
535 4781 829 4841 mandata
857 4789 964 4842 tua
986 4801 1111 4844 non
1124 4805 1262 4846 sum
1281 4789 1522 4848 oblitus.
1547 4795 1814 4854 Miserere
1831 4778 2029 4868 nobis,

361 4868 639 4940 Domine,
697 4873 978 4932 miserere
1033 4877 1233 4948 nobis,
1295 4881 1442 4954 quia
1502 4884 1762 4944 multum
1823 4889 2031 4963 repleti

362 4973 589 5052 sumus-
631 4965 1098 5052 contemptione.
1151 4969 1430 5043 Benefac,
1489 4973 1739 5033 Domine
1784 4978 2028 5052 [bonis],

361 5047 421 5101 et
448 5047 627 5104 rectis
675 5050 878 5109 corde.
924 5055 1234 5125 Converte,
1297 5058 1566 5130 Domine,
1619 5047 2026 5136 captivitatem

360 5139 633 5194 nostram
675 5140 829 5198 sicut
849 5145 1084 5200 torrens
1115 5145 1180 5202 in
1197 5152 1421 5206 austro.
1453 5153 1531 5206 De
1561 5153 2026 5224 profundis,cla-

360 5225 528 5280 mavi
559 5227 641 5283 ad
679 5232 755 5300 te,
793 5231 1068 5300 Domine,
1099 5235 1372 5308 Domine,
1415 5242 1632 5299 exaudi
1661 5260 1875 5302 vocem
1905 5263 2023 5304 me-

360 5326 484 5370 am.
542 5315 711 5373 Fiant
762 5333 941 5376 aures
992 5323 1106 5378 tuae
1160 5323 1534 5385 intendentes
1575 5331 1633 5387 in
1689 5335 2026 5393 orationem

358 5403 513 5459 servi
541 5404 646 5461 tui.
683 5410 744 5461 In
765 5423 1132 5485 quacunque
1165 5413 1263 5471 die
1294 5416 1657 5479 invocavero
1696 5427 1770 5491 te,
1805 5426 2025 5482 exaudi

354 5503 502 5586 men:
535 5493 964 5586 multiplicabis
983 5500 1046 5556 in
1075 5503 1282 5562 anima
1321 5523 1461 5565 mea
1518 5513 1799 5570 virtutem
1833 5519 2020 5586 tuam,

357 5582 416 5635 et
438 5579 637 5639 deduc
665 5600 787 5672 me,
816 5589 1090 5655 Domine,
1121 5592 1184 5649 in
1215 5596 1315 5653 via
1339 5602 1581 5658 aeterna.
1617 5605 1795 5672 Pone,
1820 5579 2022 5662 Domi;

357 5671 820 5765 {lgfustodiam
849 5679 939 5734 ori
978 5696 1140 5752 meo,
1172 5688 1231 5740 et
1285 5687 1506 5745 ostium
1557 5671 2019 5751 circumstantiae

357 5748 534 5809 labiis
581 5757 750 5819 meis.
805 5765 934 5825 Non
962 5748 1226 5828 declines
1251 5787 1355 5830 cor
1406 5748 1624 5838 meum,
1651 5748 2017 5850 iuver—bum

2059 4481 2106 4537 D

2143 3184 2467 3242 adversum
2521 3202 2616 3243 me
2679 3185 3036 3257 injustitiam
3065 3200 3267 3242 meam
3323 3185 3616 3253 Domino;
3657 3189 3718 3242 et
3741 3191 3802 3242 tu

2142 3275 2422 3332 remisisti
2452 3276 2819 3348 impietatem
2867 3275 3098 3348 peccati
3151 3275 3289 3331 mei.
3320 3277 3428 3332 Pro
3461 3275 3577 3331 hac
3606 3274 3802 3332 orabit

2143 3364 2222 3422 ad
2273 3369 2326 3422 te
2357 3365 2558 3422 omnis
2592 3369 2834 3422 sanctus
2882 3365 2944 3420 in
2995 3370 3266 3438 tempore
3321 3368 3684 3437 opportuno.
3708 3363 3797 3418 Tu

2144 3458 2366 3512 autem.
2399 3454 2670 3526 Domine,
2701 3455 2979 3510 miserere
3003 3453 3156 3522 mei;
3193 3457 3249 3510 et
3277 3452 3566 3510 resuscita
3593 3468 3714 3524 me,
3739 3457 3796 3508 et

2144 3543 2475 3601 retribuam
2507 3544 2614 3600 eis.
2663 3547 2727 3600 in
2757 3543 2874 3599 hoc
2907 3543 3168 3614 cognovi
3218 3541 3512 3616 quoniam
3557 3539 3800 3597 voluisti

2144 3649 2263 3700 me,
2293 3633 2584 3706 quoniam
2615 3647 2738 3688 non
2771 3632 3060 3703 gaudebit
3103 3631 3383 3688 inimicus
3423 3646 3596 3687 meus
3620 3645 3798 3703 super

2147 3739 2263 3779 me.
2293 3726 2376 3779 Me
2407 3727 2608 3779 autem
2649 3727 2895 3795 propter
2942 3721 3349 3778 innocentiam
3381 3719 3714 3794 suscepisti,
3744 3723 3799 3775 et

2143 3811 2514 3868 confirmasti
2540 3813 2681 3882 [me]
2709 3811 2768 3867 in
2799 3815 3126 3883 conspectu
3155 3815 3258 3867 tuo
3287 3810 3348 3866 in
3375 3810 3794 3865 :nternumBe-

2143 3901 2417 3957 nedictus
2451 3901 2740 3956 Dominus
2773 3901 2926 3956 Deus
2949 3899 3127 3956 Israel
3146 3915 3184 3956 a
3203 3898 3424 3956 saeculo
3448 3902 3505 3955 et
3528 3912 3719 3971 usque
3737 3897 3794 3952 in

2145 3989 2452 4046 saeculum.
2489 3989 2632 4061 Fiat,
2660 3989 2784 4045 ﬁat.
2811 3990 2877 4044 In
2903 4005 3123 4046 manus
3150 3993 3304 4056 tuas,
3339 3988 3608 4058 Domine,
3639 4002 3796 4042 com-

2143 4078 2366 4134 mendo
2407 4077 2682 4151 spiritum
2723 4093 2947 4133 meum.
3005 4076 3324 4133 Redemisti
3375 4091 3492 4140 me,
3552 4075 3793 4131 Domine

2145 4169 2300 4224 Deus
2327 4167 2592 4223 veritatis
2618 4184 2632 4235 ;
2662 4166 2826 4222 salus
2843 4182 2979 4224 mea
2997 4166 3074 4222 de
3099 4179 3288 4223 manu
3315 4164 3568 4233 Domini,
3595 4167 3649 4220 et
3677 4163 3794 4233 glo-

2143 4257 2233 4313 ria
2259 4272 2395 4313 mea
2420 4256 2482 4312 in
2499 4259 2833 4328 conspectu
2862 4255 2978 4312 Dei.

2524 4399 2779 4461 ORATIO
2803 4401 2871 4457 IN
2898 4401 3420 4461 TRIBULATIONE

2211 4532 2268 4587 Si
2300 4535 2436 4591 ante
2463 4530 2672 4589 oculos
2703 4535 2860 4600 tuos,
2891 4530 3158 4599 Domine,
3196 4529 3406 4602 culpas
3451 4543 3607 4601 quas
3657 4525 3791 4582 feci-

2140 4638 2299 4694 mus,
2331 4626 2388 4678 et
2441 4623 2656 4696 plagas
2683 4637 2837 4695 quas
2871 4621 3224 4694 excipimus,
3258 4618 3656 4684 conferamus,
3682 4617 3786 4672 mi-

2128 4727 2255 4768 nus
2275 4716 2363 4768 est
2389 4712 2556 4786 quod
2584 4714 2870 4786 patimur,
2910 4709 3110 4782 majus
3137 4714 3231 4766 est
3261 4708 3427 4782 quod
3471 4721 3783 4762 meremur.

2139 4801 2371 4858 Peccati
2396 4817 2642 4873 poenam
2671 4800 2983 4870 sentimus,
3009 4804 3064 4855 et
3085 4797 3376 4872 peccandi
3401 4793 3784 4869 pertinaciam

2137 4904 2264 4946 non
2283 4890 2564 4946 vitamus.
2599 4893 2663 4946 In
2686 4888 2939 4960 ﬂagellis
2963 4889 3078 4945 tuis
3098 4887 3387 4958 fragilitas
3413 4888 3618 4942 nostra
3638 4882 3790 4937 fran-

2138 4978 2316 5049 gitur,
2344 4982 2402 5036 et
2429 4979 2714 5052 iniquitas
2739 4993 2865 5034 non
2895 4980 3182 5034 mutatur.
3228 4977 3389 5033 Mens
3423 4977 3648 5042 mgrota
3674 4976 3789 5026 tor-

2137 5073 2374 5140 quetur,
2408 5073 2463 5124 et
2494 5068 2692 5124 cervix
2720 5067 2874 5123 dura
2903 5081 3028 5123 non
3073 5063 3483 5122 ﬂectitur.Vita
3501 5062 3563 5118 in
3591 5059 3792 5116 dolore

2139 5159 2420 5230 suspirat,
2471 5162 2527 5215 et
2581 5163 2782 5215 tamen
2843 5157 2906 5212 in
2966 5171 3147 5229 opere
3194 5170 3317 5211 non
3375 5168 3437 5209 se
3494 5149 3784 5207 emendat.

2137 5247 2194 5302 Si
2230 5251 2564 5321 exspectas,
2605 5262 2727 5303 non
2789 5245 3184 5315 eorrigimur;
3237 5243 3285 5299 si
3333 5240 3624 5305 vmdicas.
3674 5253 3787 5294 non

2137 5335 2456 5394 duramus.
2492 5335 2861 5394 Conﬁtemur
2908 5334 2972 5390 in
3001 5332 3398 5406 correptione,
3447 5327 3612 5402 quod
3664 5327 3788 5383 feci-

2136 5425 2755 5493 mus;obliviscimur
2784 5424 2844 5480 in
2894 5423 3232 5480 visitatione
3285 5419 3453 5493 quod
3501 5417 3782 5473 tlevimus.

2134 5515 2193 5569 Si
2222 5514 2600 5587 impresseris
2631 5530 2907 5582 manum,
2958 5511 3234 5568 facienda
3283 5507 3683 5582 promittimus
3707 5523 3718 5571 ;
3742 5505 3784 5557 si

2135 5605 2527 5676 suspendet-is
2597 5603 2891 5674 gladium,
2967 5600 3266 5675 promissa
3334 5613 3457 5655 non
3524 5595 3785 5652 facimus.

2134 5693 2192 5748 Si
2244 5692 2445 5764 ferias,
2501 5692 2837 5759 clamanus,
2894 5696 2958 5747 ut
3013 5705 3268 5763 parcas;
3325 5685 3372 5741 si
3419 5700 3660 5758 parcas,
3704 5683 3787 5739 ite-

2137 5798 2272 5839 rum
2301 5788 2354 5839 te
2377 5799 2786 5856 provocamus
2817 5789 2882 5840 ut
2910 5782 3106 5843 ferias.
3125 5779 3183 5836 Si
3213 5775 3504 5850 angustiae
3535 5775 3787 5838 veniunt,
