3950 6394
133 547 289 604 1457

1447 540 1884 602 ΒΒΕἮΛΒῘΗΙ
1933 545 2001 601 ΙΝ
2047 544 2367 604 PSALMOS

3467 549 3603 606 1458

132 675 397 743 tempus
426 669 689 743 petimus
714 666 1072 741 paenitendi;
1103 667 1152 723 si
1173 666 1586 723 misericordia
1616 667 1828 724 subve-
1858 678 1905 730 Α
1938 667 2236 726 latronem
2273 669 2336 727 in
2375 683 2552 726 cruce
2573 671 2958 730 conﬁtentem
2988 669 3046 728 et
3072 661 3147 728 de
3176 681 3352 728 eruce
3383 671 3464 728 ad
3491 689 3604 747 pa-

133 760 302 825 niat,
335 759 642 816 abutimur
671 756 962 831 patientia
987 772 1126 829 quae
1155 756 1441 829 pepercit.
1471 755 1824 830 Adhuepla-

134 865 220 917 ga
255 848 431 904 illata
460 847 559 903 vix
590 845 870 919 praeterit,
898 849 956 902 et
983 845 1114 916 jam
1145 861 1268 902 non
1298 844 1504 901 recolit
1525 861 1698 900 mens
1737 846 1824 901 in-

135 944 331 1008 grata
357 937 522 1011 quod
555 936 815 1010 pertulit.
851 936 909 993 Si
935 935 1105 991 citius
1137 951 1250 992 nos
1271 935 1584 998 exaudias,
1612 951 1685 990 ex
1711 935 1824 990 mi-

133 1027 483 1083 sericordia
512 1025 932 1082 insolescimus
962 1042 975 1092 ;
1001 1024 1050 1080 si
1075 1023 1320 1092 tardius,
1353 1039 1428 1080 ex
1449 1023 1827 1097 impatientia

132 1131 632 1172 murmuramus.
666 1117 757 1184 I‘e,
785 1113 1058 1183 Domine,
1080 1113 1360 1169 volumus
1390 1127 1627 1169 servare
1657 1111 1825 1185 quod

132 1204 388 1273 feceris,
423 1220 544 1260 non
593 1204 875 1260 timemus
893 1203 1195 1274 negligere
1220 1201 1386 1275 quod
1410 1201 1680 1273 jusseris.
1714 1201 1824 1258 Ha-

126 1293 276 1359 bes,
318 1292 594 1357 Domine,
629 1292 982 1348 conﬁtentes
1009 1308 1184 1348 reos:
1236 1306 1438 1363 parce,
1493 1289 1640 1362 quia.
1687 1289 1824 1362 pius

130 1398 223 1437 es.
265 1381 560 1437 Novimus
591 1382 776 1454 quod,
798 1380 916 1436 nisi
936 1381 1220 1447 dimittas,
1253 1384 1410 1436 recte
1438 1395 1553 1435 nos
1580 1378 1818 1453 punias.

131 1471 258 1526 Sed
287 1470 461 1543 apud
493 1476 544 1526 te
562 1477 649 1526 est
674 1471 863 1526 multa
884 1469 1185 1526 miseratio
1205 1474 1263 1526 et
1280 1467 1626 1542 propitiatio
1651 1483 1822 1541 pera-

132 1561 468 1616 lmndans.
496 1563 716 1617 Praesta
747 1560 873 1616 sine
902 1560 1113 1616 merito
1165 1558 1332 1632 quod
1371 1574 1682 1630 rogamus,
1717 1557 1822 1630 qui

135 1649 341 1705 fecisti
371 1666 443 1705 ex
463 1649 650 1705 nihilo
681 1649 786 1722 qui
820 1655 871 1704 te
894 1654 1194 1719 rogarent.
1250 1646 1662 1706 Clamantibus
1719 1661 1823 1702 au-

137 1743 267 1793 tem
301 1737 483 1792 nobis
505 1736 583 1793 ad
608 1742 681 1802 te,
710 1738 980 1800 Domine,
1016 1736 1316 1792 miserere.
1339 1738 1566 1791 Movcat
1594 1733 1824 1790 miseri-

134 1825 428 1881 cordiam
461 1829 628 1881 tuam
652 1841 768 1881 vox
799 1825 991 1881 ﬁdelis
1020 1830 1077 1881 et
1103 1824 1339 1895 ﬂebilis,
1383 1828 1564 1896 atque
1594 1822 1696 1879 illa
1723 1822 1821 1894 (de

135 1932 273 1988 qua
297 1918 494 1971 totum
524 1915 860 1988 speramus)
893 1914 1082 1987 pietas
1112 1898 1239 1970 non
1266 1916 1501 1986 reputet
1546 1911 1713 1985 quod
1739 1911 1824 1968 ol-

1933 757 2208 814 radisum
2241 763 2654 816 transeuntem
2686 760 2951 832 aspicio;
2983 777 3124 816 cum
3174 761 3428 817 Mariam
3465 767 3604 836 post

1933 847 2158 903 multas
2203 848 2523 904 criminum
2583 849 2793 921 culpas
2826 850 2986 905 fonte
3027 850 3260 922 pietatis
3303 851 3594 920 ablutam,

1935 950 2076 991 cum
2105 939 2343 992 Petrum
2370 943 2507 1009 post
2532 938 2915 1007 negationem
2939 939 3314 1011 apostolatus
3343 941 3598 1011 gratiam

1933 1040 2326 1098 recuperasse
2356 1025 2613 1083 intueor.
2663 1027 2776 1084 Sed
2814 1043 2983 1099 rogo,
3034 1027 3354 1086 ineﬂ'abilis
3383 1030 3595 1103 pietas,

1935 1116 2002 1168 ut
2027 1113 2134 1186 qui
2164 1113 2240 1170 de
2264 1114 2442 1171 tantis
2471 1115 2764 1187 exemplis
2795 1132 3165 1188 praesumere
3207 1117 3468 1187 donasti,
3501 1135 3598 1191 ge-

1932 1201 2116 1258 mitus
2132 1204 2464 1276 publicani,
2498 1205 2940 1261 confessionem
2983 1205 3254 1279 latronis,
3293 1207 3597 1281 lacrymas

1933 1292 2260 1349 meretricis
2307 1293 2602 1366 ﬂetusque
2652 1295 2929 1360 negantis
2983 1297 3240 1368 apostoli
3268 1299 3591 1356 concedas.

1933 1381 1978 1437 Ο
2008 1382 2282 1456 Domine,
2309 1383 2358 1439 si
2382 1383 2621 1454 ﬂagello
2650 1384 2966 1457 temporali
2996 1385 3221 1443 scelera
3248 1403 3388 1446 mea
3406 1389 3598 1446 vindi-

1932 1470 2131 1528 canda
2185 1472 2542 1545 provideris,
2592 1473 2972 1547 lacrymosus
3023 1473 3282 1547 imploro
3329 1481 3395 1534 ut
3444 1477 3595 1536 dum

1932 1564 2140 1617 contra
2169 1561 2300 1617 haec
2321 1561 2508 1618 iratus
2535 1563 2812 1633 desaavis,
2842 1578 3080 1636 semper
3108 1564 3172 1620 in
3224 1565 3313 1622 ira
3361 1565 3594 1623 miseri-

1930 1647 2151 1705 cordiae
2179 1649 2533 1706 recorderis.
2577 1653 2768 1717 Quem
2825 1651 2987 1708 enim
3034 1651 3254 1723 diligis,
3302 1653 3593 1726 corripis;

1930 1735 2200 1808 ﬂagellas
2230 1743 2433 1795 autem
2461 1755 2708 1796 omnem
2738 1739 2929 1795 lilium
2958 1756 3144 1812 quem
3189 1741 3425 1814 recipis.
3460 1743 3595 1808 Qui-

1929 1824 2047 1880 bus
2070 1825 2360 1883 nimirum
2389 1827 2606 1896 verbis,
2639 1827 2747 1885 etsi
2777 1829 2947 1898 virga
2976 1829 3383 1900 percussionis
3404 1831 3596 1889 mina-

1929 1919 2046 1988 tur,
2076 1921 2365 1990 paternus
2392 1922 2596 1974 tamen
2627 1917 2864 1991 pietatis
2894 1918 3148 1974 affectus
3197 1925 3588 1978 monstratur.

137 2003 483 2071 tendimus,
516 2003 665 2060 dum
713 2003 956 2077 respicit
1008 1991 1188 2077 quod"
1227 2017 1550 2072 rogamus:
1593 2005 1650 2057 et
1679 2016 1820 2057 cum
1850 2024 1895 2077 Β
1931 2005 2016 2062 Da
2035 2021 2178 2076 ergo
2201 2006 2355 2063 inter
2378 2005 2619 2076 ﬂagella
2639 2007 3038 2078 tolerantiam,
3062 2023 3139 2064 ne
3166 2010 3593 2067 murmuratio-

137 2092 406 2163 grandis
431 2093 506 2149 sit
529 2092 772 2149 miseria
784 2108 914 2149 esse
935 2107 1048 2149 nos
1071 2087 1231 2161 rebs,
1258 2091 1453 2162 major
1482 2089 1588 2146 tibi
1613 2089 1687 2146 sit
1706 2089 1820 2146 cle-

136 2183 382 2239 mentia
430 2198 561 2239 esse
609 2198 722 2239 nos
759 2181 1035 2239 miseros.
1070 2185 1194 2240 Tuo
1227 2179 1528 2254 supplices
1572 2179 1818 2252 auxilio,

138 2276 284 2327 ante
318 2275 376 2328 te
403 2275 462 2328 et
485 2271 751 2327 criminis
777 2271 967 2328 nostri
1009 2271 1171 2327 mala
1212 2270 1498 2344 ponimus
1550 2273 1608 2325 et
1655 2267 1820 2324 dolo-

136 2376 262 2428 res,
299 2377 338 2416 a
359 2364 415 2416 te
446 2359 752 2432 precando
772 2359 1248 2417 misericordiam
1277 2360 1488 2432 (quam
1507 2357 1819 2432 peccando

136 2448 512 2521 repulimus)
543 2455 986 2522 exspectamus.
1021 2452 1333 2506 Prwstetur
1380 2448 1474 2504 his
1504 2447 1580 2504 de
1623 2445 1820 2503 indul-

138 2538 354 2609 gentia
379 2537 550 2611 quod
579 2539 813 2609 rogaris
843 2538 1136 2612 accipere,
1171 2555 1326 2612 quos
1356 2536 1638 2608 agnoscis
1666 2535 1820 2592 ﬁdu-

138 2627 303 2683 ciam
336 2627 416 2684 de
449 2643 562 2683 sua
587 2627 820 2698 justitia
848 2644 972 2684 non
1003 2627 1249 2685 habere.
1279 2627 1444 2697 Erige
1483 2642 1596 2683 nos
1621 2624 1822 2682 Domi-

138 2733 217 2772 ne
259 2718 424 2773 Deus
471 2721 696 2781 noster,
734 2722 792 2773 et
816 2717 1011 2773 alleva
1042 2718 1102 2773 in
1152 2716 1570 2773 misericordia
1599 2720 1722 2787 tua,
1754 2720 1821 2770 ut

138 2805 584 2862 communione
610 2804 819 2862 salutis
843 2810 900 2862 et
930 2806 1156 2876 gaudio
1181 2805 1508 2877 charitatis,
1538 2804 1688 2860 dum
1733 2803 1822 2876 ip-

140 2894 191 2950 si
222 2893 456 2949 salvari
487 2909 558 2950 ex
586 2910 838 2951 munere
869 2899 972 2951 tuo
1015 2894 1312 2967 cupimus,
1369 2893 1550 2950 etiam
1597 2891 1716 2948 ﬁde
1763 2895 1822 2948 et

137 2999 292 3056 pace
316 2987 682 3040 cunctarum
711 2983 981 3055 gentium
1013 2983 1411 3054 gaudeamus.
1440 2985 1566 3039 Per.

733 3113 846 3166 ΡΙΑ
898 3111 1246 3168 PRECATIO

211 3235 286 3274 EX
318 3232 598 3274 LONGlOllE
643 3232 926 3273 ORATIONB
959 3232 1160 3273 SANCTI
1204 3231 1469 3272 AIBROSII
1499 3229 1745 3272 EPISCOPI

1928 2093 2024 2150 nis
2063 2099 2260 2164 notas,
2287 2100 2353 2152 ut
2381 2095 2578 2151 malus
2603 2112 2833 2162 servus,
2865 2095 3171 2152 incurram
3198 2114 3212 2153 :
3242 2097 3352 2154 sed
3371 2097 3588 2168 magis,

1927 2182 2106 2254 quasi
2130 2182 2331 2239 bonus
2359 2183 2546 2248 ﬁlius,
2570 2173 2910 2254 'gratiarum
2935 2184 3202 2241 actiones
3233 2185 3586 2258 rependam.

1930 2271 2081 2328 Illud
2112 2272 2292 2329 etiam
2321 2288 2691 2346 magnopere
2722 2277 2862 2346 peto
2890 2277 2956 2330 ut
2984 2273 3147 2329 diem
3174 2273 3395 2336 obitus,
3427 2274 3590 2331 diem

1929 2360 2178 2416 extremi
2193 2360 2426 2432 judicii,
2445 2361 2900 2418 damnationem
2917 2361 3124 2418 aeterni
3150 2361 3591 2435 supplicii,bea-

1929 2448 2370 2522 titudinemque
2412 2450 2582 2520 regni
2629 2449 2831 2517 futuri,
2890 2465 3129 2522 semper
3188 2451 3586 2507 meminerim.

1928 2537 2098 2602 Quod
2125 2553 2301 2594 nemo
2331 2538 2738 2596 indesinenter
2757 2543 2973 2612 potest,
3019 2539 3137 2594 nisi
3167 2539 3271 2612 qui
3298 2540 3377 2595 ad
3406 2540 3587 2596 vitam

1926 2627 2368 2700 praeordinatus
2403 2633 2493 2684 est
2517 2633 2829 2684 aeternum.
2857 2631 2923 2684 Et
2951 2632 3018 2684 ut
3053 2627 3267 2684 efﬁcax
3295 2629 3424 2684 haec
3455 2645 3592 2686 mea

1930 2715 2004 2772 sit
2021 2715 2384 2788 deprecatio,
2399 2717 2590 2773 beatze
2613 2717 2817 2773 Marire
2846 2717 3092 2787 virginis
3115 2717 3404 2787 suﬂ'ragia
3426 2723 3586 2790 peto.

1929 2807 2125 2870 Quam
2149 2806 2290 2862 tanti
2315 2806 2509 2862 meriti
2532 2823 2662 2862 esse
2691 2805 2901 2874 fecisti,
2917 2811 2981 2862 ut
3001 2807 3197 2878 prima
3216 2806 3369 2862 inter
3385 2807 3592 2863 mulie-

1926 2909 2022 2949 res
2051 2910 2280 2950 novum
2303 2911 2526 2950 munus
2552 2894 2812 2957 oﬂ‘erret,
2845 2899 2902 2951 et
2947 2894 3116 2951 nulla
3150 2901 3367 2966 prieter
3390 2895 3588 2968 ipsam

1929 2985 2052 3037 tam
2083 2997 2310 3038 novum
2350 2983 2666 3054 acciperet.
2699 2985 2934 3038 Novum
2964 2982 3189 3038 scilicet
3216 2999 3442 3038 munus
3467 2984 3588 3056 pri-

1926 3088 2031 3128 ma
2059 3073 2317 3140 offerret,
2340 3077 2407 3129 ut
2425 3087 2725 3146 puerpera
2749 3072 2922 3141 virgo
2951 3077 3360 3144 perseveraret
3383 3091 3396 3141 ;
3419 3073 3590 3131 nulla

1925 3165 2142 3232 praeter
2163 3161 2362 3235 ipsam
2383 3167 2506 3219 tam
2528 3177 2756 3218 novum
2774 3160 3089 3234 acciperet,
3115 3165 3172 3216 et
3190 3165 3328 3234 post
3344 3165 3588 3234 partum

1925 3250 2098 3322 virgo
2123 3256 2412 3308 maneret.
2463 3249 2889 3324 Apostolorum
2939 3249 3431 3306 intercessionem
3481 3251 3590 3306 im-

213 3346 300 3402 Te
329 3348 670 3402 amatorem
703 3343 976 3400 Ecclesiae
1000 3348 1114 3400 tuae
1144 3342 1456 3432 deprecor,
1499 3344 1672 3432 Deus,
1703 3355 1816 3432 pro
1843 3379 1886 3432 ο
1926 3340 2120 3412 ploro,
2191 3340 2297 3414 qui
2360 3339 2776 3397 beatissimam
2852 3338 3200 3395 Mediatoris
3269 3345 3588 3412 pauperta-

143 3433 572 3490 sacerdotibus
597 3434 746 3505 ejus,
775 3438 842 3489 ut
869 3433 1068 3489 verbis
1118 3431 1298 3488 simul
1327 3436 1384 3487 et
1411 3429 1639 3487 meritis
1682 3430 1816 3486 vita:

142 3522 450 3596 populum
482 3522 599 3578 sibi
643 3521 935 3579 creditum
969 3521 1048 3578 ad
1093 3520 1394 3578 caelestem
1437 3519 1697 3594 patriam
1732 3518 1818 3574 in-

142 3611 352 3668 vitent.
382 3615 492 3668 Prc-
515 3610 785 3683 regibus,
817 3610 1098 3677 ducibus,
1123 3615 1181 3668 et
1207 3609 1279 3665 iis
1311 3609 1418 3683 qui
1441 3609 1502 3665 in
1546 3607 1818 3665 sublimi-

142 3704 264 3756 tate
293 3698 480 3773 positi
509 3703 668 3772 sunt,
709 3703 774 3756 ut
801 3704 1002 3773 patres
1039 3698 1475 3772 orphanorum,
1507 3702 1563 3754 et
1578 3697 1816 3770 judice:

143 3788 477 3846 viduarum
505 3789 861 3862 semetipsos
881 3787 1208 3846 exhibeant
1232 3804 1245 3843 :
1282 3787 1535 3843 miseriis
1557 3787 1816 3861 inopum

144 3881 202 3934 et
226 3875 558 3948 gemitibus
583 3892 924 3950 pauperum
949 3875 1226 3933 doleant:
1256 3875 1342 3932 nil
1371 3874 1490 3931 nisi
1504 3876 1672 3948 quod
1689 3875 1817 3948 jus-

145 3968 274 4021 tum
305 3970 397 4024 est
421 3965 487 4023 in
511 3964 741 4038 judicio
781 3969 1097 4039 quierant;
1146 3963 1355 4036 sicque
1397 3963 1818 4022 administrent

145 4054 486 4125 praesentia,
514 4069 590 4110 ne
628 4053 904 4111 amittant
953 4052 1118 4110 bona
1146 4051 1368 4108 futura.
1409 4052 1524 4107 Pro
1577 4051 1817 4123 virgini-

146 4142 282 4212 bus,
314 4143 787 4212 continentibus,
819 4160 891 4200 ac
933 4141 1166 4200 mundo
1214 4141 1720 4213 renuntiantibus,
1754 4147 1818 4198 ut

147 4236 472 4304 praesentia
499 4233 856 4307 despiciant,
881 4233 1082 4290 futura
1126 4233 1472 4305 requirant:
1516 4247 1593 4287 ne
1624 4247 1687 4287 se
1716 4247 1816 4286 ne-

151 4323 323 4390 gotiis
349 4322 746 4380 saecularibus
773 4321 1103 4396 implicent,
1127 4326 1192 4377 ut
1211 4321 1317 4376 tibi
1348 4319 1670 4376 militantes
1689 4319 1816 4392 pla-

151 4418 324 4470 ceant
349 4413 450 4470 cui
475 4428 539 4469 se
568 4413 1002 4486 probaverunt.
1022 4415 1133 4469 Pro
1160 4409 1520 4483 conjugatis,
1542 4413 1607 4466 ut
1631 4408 1714 4465 sic
1743 4409 1817 4466 si-

151 4499 212 4556 bi
233 4501 497 4560 invicem
518 4501 718 4558 carnis
733 4501 1006 4558 debitum
1045 4500 1303 4570 solvant,
1343 4515 1419 4555 ne
1448 4515 1486 4555 a
1514 4497 1816 4555 desiderio

153 4590 358 4661 patriae
412 4590 670 4649 caelestis
711 4589 1065 4647 exorbitent.
1109 4589 1226 4648 Sed
1254 4588 1403 4662 quid
1441 4603 1578 4660 ago.
1622 4587 1816 4644 Domi-

154 4679 271 4735 ne?
301 4679 492 4747 Quasi
515 4679 739 4736 oblitus
789 4684 1176 4753 peccatorum
1219 4694 1494 4748 meorum
1525 4693 1637 4751 pro
1685 4676 1815 4733 aliis

157 4779 326 4822 orare
353 4768 709 4841 praesumo?
741 4769 786 4824 Ο
816 4783 1003 4840 quam
1033 4768 1095 4822 in
1122 4765 1328 4822 multis
1358 4764 1584 4822 offendi
1633 4769 1816 4837 atque

157 4855 438 4914 oﬂ‘endo!
470 4857 585 4914 Sed
618 4873 743 4914 non
791 4855 1065 4929 subrepit
1113 4855 1473 4929 desperatio,
1521 4871 1661 4911 cum
1701 4870 1814 4928 pu-

159 4939 462 5004 blicanum
508 4945 572 5003 in
613 4945 839 5020 templo
889 4944 1284 5020 justiticatum
1335 4943 1620 5013 attendo;
1676 4959 1817 5001 cum

1927 3434 2046 3486 tem
2078 3429 2332 3503 ejusque
2378 3429 2696 3504 passiones
2754 3428 3006 3497 vestigia
3062 3428 3450 3500 insequentes
3507 3429 3588 3484 ad

1927 3522 2159 3574 tantum
2186 3517 2556 3574 celsitudinis
2596 3517 2836 3574 culmen
2874 3521 3292 3589 pervenerunt,
3333 3521 3396 3572 ut
3420 3533 3587 3589 qua:-

1925 3607 2446 3681 cunqueligarent
2492 3623 2673 3681 super
2721 3612 2940 3664 terram
2988 3611 3189 3663 essent
3214 3606 3399 3676 ligata
3440 3611 3499 3664 et
3525 3607 3587 3662 in

1924 3697 2112 3765 caelis,
2142 3701 2324 3770 atque
2352 3697 2654 3754 solverent
2681 3713 2862 3769 super
2892 3701 3109 3752 terram
3142 3701 3340 3752 essent
3392 3695 3589 3753 soluta

1923 3787 2052 3845 etin
2080 3787 2279 3857 oculis;
2311 3793 2494 3860 atque
2525 3786 2587 3842 in
2614 3785 2895 3843 extremis
2940 3785 3215 3841 sederent
3239 3801 3423 3858 super
3440 3785 3589 3841 duo-

1923 3876 2120 3933 decim
2151 3877 2422 3944 thronos,
2449 3875 2793 3947 judicantes
2825 3873 3148 3930 duodecim
3174 3872 3365 3929 tribus
3385 3873 3582 3930 lsrael.

1925 3966 2248 4038 Martyrum
2295 3979 2504 4038 preces
2547 3963 2834 4036 deposco,
2887 3961 2991 4035 qui
3023 3977 3133 4034 pro
3177 3961 3436 4017 Veritate
3461 3977 3587 4016 non

1923 4051 2275 4108 dubitarunt
2329 4052 2688 4123 sanguinem
2737 4050 3010 4113 fundere,
3072 4065 3182 4106 nec
3251 4049 3588 4104 dilexerunt

1923 4141 2162 4197 animas
2189 4157 2333 4197 suas
2359 4158 2552 4212 usque
2573 4141 2649 4198 ad
2679 4145 2959 4208 mortem,
2989 4143 3053 4194 ut
3099 4139 3307 4194 mortis
3337 4154 3584 4210 supera-

1923 4235 2056 4286 rent
2098 4233 2428 4286 auctorem.
2466 4229 2890 4288 Confessorum
2917 4229 3221 4284 orationes
3252 4227 3586 4300 expostulo,

1922 4317 2029 4391 qui
2059 4317 2218 4376 bella
2249 4317 2528 4374 tentantis
2549 4317 2794 4386 inimici,
2816 4316 2966 4373 dum
2993 4315 3090 4389 pie
3110 4316 3380 4372 viverent
3400 4314 3460 4371 in
3490 4331 3586 4371 ca-

1924 4406 2145 4466 tholica
2171 4422 2342 4480 pace.
2374 4405 2470 4463 vel
2509 4406 2692 4464 etiam
2737 4405 3157 4463 hiereticorum
3199 4403 3586 4461 conﬂictatio-

1923 4513 2065 4554 nem
2085 4496 2380 4553 diuturno
2411 4494 2736 4552 certamine
2757 4494 3152 4568 protulerunt,
3179 4498 3384 4566 atque,
3405 4496 3470 4548 ut
3490 4507 3586 4548 ve-

1921 4602 2060 4642 rum
2090 4583 2312 4657 dicam,
2345 4583 2634 4657 longioris
2663 4582 3000 4656 oceultique
3045 4582 3317 4654 martyrii
3346 4580 3586 4654 palmas

1924 4678 2304 4747 acceperunt.
2349 4672 2601 4739 Talium,
2634 4671 2884 4728 Domine
2936 4673 3112 4734 Deus,
3162 4685 3370 4742 preces
3426 4684 3584 4724 nun-

1925 4780 2110 4836 quam
2143 4761 2397 4834 spernis,
2421 4761 2469 4816 si
2503 4767 2565 4816 ut
2594 4775 2704 4832 pro
2739 4774 2834 4816 me
2865 4763 3131 4825 exorent,
3154 4758 3283 4831 ipse
3333 4757 3584 4830 inspira-

1925 4851 2115 4908 veris:
2158 4850 2264 4923 qui
2312 4850 2371 4906 in
2411 4849 2735 4906 aeternitate
2783 4845 3032 4920 perenni
3077 4846 3229 4901 vivis
3277 4850 3336 4902 et
3363 4860 3582 4917 regnas

1925 4945 2144 4998 cuncta
2166 4955 2275 5013 per
2294 4937 2515 4995 saecula
2534 4941 2590 4994 et
2609 4936 2670 4993 in
2689 4935 2975 4993 omnibus
2999 4933 3231 4992 saeculis
3259 4938 3471 4991 Amen.
