3900 6450
594 36 3101 160 M4
1740 112 1747 113 ί
3119 147 3162 156 ,

238 616 246 623 -
333 577 407 644 ﬂ
1368 656 1382 671 ν
1429 579 1757 644 EBBONIS
1801 579 2152 644 EPISCOPI
2196 579 2670 645 RHEMENSIS.
3679 582 3754 646 12

333 691 439 771 sus
461 713 715 770 sum.‘Eo
747 712 971 770 scilicet
1000 714 1193 780 modo,
1215 716 1281 768 ut
1310 714 1422 785 ipsi
1448 713 1575 769 sint
1601 716 1781 770 testes
1801 712 1986 769 alium
2015 715 2071 781 Α
2100 713 2218 769 lam
2250 710 2656 786 repeti-ﬂonem
2690 720 2791 770 aut
2822 713 3360 787 interpnllationem
3410 711 3753 774 auc’toritate

331 801 683 860 succedendi
714 803 772 857 et
803 799 1185 858 consecrandi
1218 800 1702 875 subrogandique
1749 800 1808 856 in
1859 800 1985 857 loco

330 907 460 948 meo
491 887 592 963 qui
626 888 801 962 digne
832 906 1083 962 praeesse
1104 892 1160 946 et
1176 891 1457 963 prodesse
1484 889 1671 963 possit
1691 888 1983 958 Ecclesia},

2097 802 2380 858 canonica
2410 802 2599 857 facere
2629 801 2878 869 valeam,
2911 819 3092 859 manu
3140 801 3378 877 propria
3425 819 3558 861 mea
3607 805 3746 861 sub-

2097 890 2363 946 scribens
2414 891 2662 947 ﬁrmavi.
2706 893 2824 948 Ebo
2871 893 3169 965 quondam
3217 891 3531 965 episcopus
3580 893 3751 950 subs-

329 980 421 1037 cui
453 980 737 1035 hactenus
767 978 1009 1052 indigne
1041 979 1266 1052 praefui.
1300 980 1368 1035 Et
1398 983 1465 1034 ut
1494 980 1630 1035 inde
1660 977 1818 1034 ultra
1847 977 1986 1033 nul-
2024 988 2029 993 ‘
2096 978 2296 1050 cripsi.

873 1258 1658 1402 EBBONIS
1770 1258 3225 1403 APOLOGETICUM

1470 1470 1659 1542 (Apud
1688 1469 2025 1540 Acherinm,
2056 1468 2282 1542 Spicil.,
2317 1474 2460 1526 tom.
2498 1470 2620 1543 III.)

352 1752 359 1763 ,
404 1696 621 1752 Esoms
636 1692 987 1749 Bhemensis
998 1692 1668 1765 archiepiscopi,sanctts
1681 1693 1841 1749 sedis
1851 1707 1993 1764 apo-

334 1783 553 1841 stolicae
583 1780 760 1854 legati
792 1798 897 1855 pro
918 1781 1294 1838 conversione
1327 1797 1689 1855 paganorum
1723 1782 1994 1853 redemp-

332 1872 611 1945 tioneque
627 1869 1011 1943 captivorum,
1029 1887 1097 1925 ex
1115 1887 1405 1926 consensu
1426 1871 1700 1927 Ludovici
1724 1870 1991 1938 Caesaris,

334 1959 632 2033 totiusque
661 1958 935 2032 palatium
958 1959 1261 2032 dignitatis
1281 1960 1410 2030 ejus
1432 1958 1873 2031 directi,postea
1894 1957 1993 2029 qui

337 2046 766 2125 persecutionis
829 2049 1093 2120 tempore
1140 2046 1534 2120 plurimorum
1585 2047 1998 2120 episcoporum

336 2140 801 2209 ceterorumque
818 2134 1108 2193 nobilium
1122 2135 1405 2193 laicorum
1438 2134 1645 2192 exsilia
1659 2151 1994 2207 passorum,

337 2223 657 2286 Rhemensi
689 2225 761 2281 ab
791 2224 1040 2281 ecclesia
1069 2223 1700 2298 pulsus,septennique
1731 2223 1999 2281 custodia

339 2331 602 2390 pressus,
634 2314 774 2372 hinc
803 2315 1155 2371 succedente
1183 2314 1454 2371 Lothario
1479 2315 1744 2387 Augusto
1775 2328 2002 2369 revocas

339 2408 458 2475 tus,
473 2402 826 2478 publicaque
857 2420 924 2460 ac
954 2403 1302 2460 auctoritate
1333 2402 1732 2459 ecclesiastica
1761 2401 1999 2459 restitu-

342 2496 463 2562 tus,
479 2492 895 2549 assistentibus
924 2491 1015 2547 vel
1048 2492 1498 2548 decernentibus
1530 2490 1761 2564 magnis
1794 2507 2001 2546 consu-

341 2579 502 2637 libus
532 2580 753 2653 pariter
785 2597 917 2637 cum
948 2580 1171 2636 sanctis
1194 2579 1289 2636 hic
1312 2576 2000 2652 subscriptisicatbolicis

343 2668 997 2742 praesulibus,Drogone
1029 2668 1451 2741 archipalatino
1486 2666 1754 2738 praesule,
1776 2671 2003 2722 sancta-

342 2774 458 2831 que
469 2757 860 2815 unanimitate
882 2757 1183 2813 illiomnes
1207 2758 1303 2814 isti
1328 2756 1666 2825 concordes,
1682 2756 2001 2828 Autgarius

343 2844 839 2919 archiepiscopus,
870 2844 1240 2902 Amalwinus
1272 2846 1769 2918 archiepiscopus,
1797 2845 2002 2899 Audax

342 2933 842 3007 archiepiscopus,
878 2934 1033 2991 Hetti
1066 2934 1566 3007 archiepiscopus,
1600 2933 1818 3005 Joseph
1850 2932 2005 3005 epis-

344 3022 547 3096 copus,
578 3022 887 3079 Adalulfus
919 3022 1252 3095 episcopus,
1287 3022 1469 3079 David
1501 3023 1836 3095 episcopus,
1856 3022 2001 3077 Hro-

343 3111 560 3185 dingus
587 3110 920 3185 episcopus,
937 3110 1302 3169 Gislebertus
1333 3109 1665 3184 episcopus,
1686 3109 2002 3167 Herminus

312 3235 316 3239 ι
342 3200 676 3274 episcopus,
694 3200 1037 3257 Frotharius
1062 3201 1401 3274 episcopus,
1427 3202 1754 3257 Badaratus
1776 3199 2001 3272 episco-

340 3304 475 3363 pus,
505 3290 748 3363 Hagano
775 3288 1110 3362 episcopus,
1141 3288 1492 3361 Hrotgarius
1521 3289 1858 3360 episcopus,
1876 3286 2002 3342 Ado

2098 1696 2356 1763 temque,
2389 1698 2454 1748 ut
2486 1692 2710 1748 meliori
2742 1694 2992 1765 tempori
3024 1710 3087 1750 se
3119 1699 3602 1763 rescrvaret,cum
3628 1710 3767 1749 eon-

2102 1798 2285 1838 sensu
2314 1782 2725 1855 episcoporum
2758 1781 3080 1853 pontificali
3104 1781 3394 1837 secessita
3411 1781 3764 1849 ministerio,

2103 1871 2247 1925 dum
2295 1871 2450 1925 inter
2496 1875 2749 1925 terrores
2800 1875 2859 1925 et
2906 1871 3230 1926 discordias
3272 1869 3418 1925 ratio
3475 1888 3591 1925 non
3622 1868 3771 1926 sinit

2105 1958 2411 2014 immolare
2442 1958 2736 2026 victimas,
2768 1958 2998 2014 dicente
3028 1959 3276 2015 Domino
3310 1974 3323 2013 ε
3358 1958 3422 2014 Si
3448 1958 3611 2030 oﬂiers
3642 1973 3772 2012 mu-

2104 2063 2211 2101 nus
2262 2054 2419 2101 tuum
2465 2045 2536 2099 ad
2565 2045 2760 2113 altare,
2792 2055 2844 2101 et
2885 2046 3199 2102 recordatus
3228 2047 3404 2117 fueris
3435 2047 3568 2118 quia
3594 2046 3775 2116 frater

2109 2143 2233 2190 tuus
2265 2133 2423 2189 habet
2450 2133 2670 2205 aliquid
2709 2134 3000 2189 aduersum
3049 2143 3117 2202 te,
3151 2135 3402 2206 relinque
3449 2134 3529 2189 ibi
3563 2149 3771 2190 manu

2108 2232 2283 2291 tuum,
2320 2227 2430 2278 etc.
2465 2222 2671 2294 (Matth,
2705 2239 2762 2288 v,
2797 2222 2914 2292 23.)
2957 2222 3276 2294 Postquam
3303 2238 3438 2278 vero
3468 2221 3624 2279 Deus
3653 2223 3770 2279 Ec-

2108 2311 2298 2367 clesia:
2330 2328 2448 2366 sum
2471 2309 2883 2384 tranquilliora
2924 2310 3179 2366 reddidit
3227 2315 3511 2383 tempora,
3545 2310 3771 2384 placuit

2110 2399 2475 2474 principibus
2506 2403 2565 2456 et
2583 2398 3032 2472 magistratibus
3054 2398 3563 2465 ecclesiasticis,ut
3576 2400 3768 2456 isdem

2109 2493 2309 2560 pastor
2341 2488 2710 2559 adjdebitum
2742 2487 2887 2543 ovile
2915 2491 3320 2556 reverteretur,
3353 2491 3410 2544 et
3450 2504 3585 2544 oves
3618 2503 3770 2560 quas

2110 2576 2453 2648 compulsus
2484 2576 2818 2648 reliquerat,
2854 2576 3105 2632 tuendas
3137 2575 3421 2648 reciperet
3451 2577 3685 2633 iterum.

2183 2665 2409 2733 Quibus
2432 2669 2487 2719 et
2513 2664 2925 2721 ecclesiasticis
2949 2663 3162 2720 debitis
3190 2664 3440 2737 negotiis
3461 2680 3565 2736 ego
3587 2664 3776 2721 Theo-

2112 2753 2369 2819 dericus,
2402 2753 2840 2809 Cameracensis
2874 2753 3206 2825 episcopus,
3243 2769 3552 2809 assensum
3592 2769 3770 2807 cano-

2114 2843 2240 2898 nice
2271 2842 2537 2914 praebens
2572 2858 2584 2897 :
2616 2842 2770 2897 sicut
2800 2842 2964 2914 prius
2996 2843 3067 2898 de
3098 2841 3260 2897 illius
3290 2842 3553 2897 discessu
3603 2858 3771 2897 com-

2113 2931 2388 3004 patiendo
2438 2930 2621 2998 dolui,
2654 2930 2735 2986 ita
2782 2936 2840 2986 et
2890 2932 3063 2986 modo
3114 2931 3186 2987 de
3228 2929 3390 2986 illius
3441 2930 3773 2987 reversione

2114 3020 2511 3092 congaudens,
2545 3019 3000 3075 constitutiones
3032 3019 3141 3075 has
3170 3019 3469 3075 seniorum
3516 3018 3602 3075 vel
3652 3020 3772 3076 fra-

2113 3114 2272 3164 trum
2303 3109 2630 3164 roborando
2662 3107 2987 3181 subscripsi
3012 3126 3025 3176 ;
3061 3108 3199 3180 quia
3220 3107 3359 3164 talia
3390 3125 3544 3180 saepe
3574 3110 3770 3164 conti-

2113 3196 2272 3269 gisse
2301 3201 2360 3252 et
2389 3196 2448 3251 in
2480 3195 2613 3252 aliis
2644 3196 3060 3253 ecclesiasticis
3090 3197 3275 3269 gestis
3300 3196 3438 3269 legi.

2183 3285 2537 3342 Hrodhadus
2566 3285 3007 3342 Suessionensis
3037 3286 3352 3358 epiocopus
3401 3286 3521 3341 haec
3573 3286 3653 3342 ita
3687 3287 3770 3342 si-

341 3375 1641 3452 episcopus,8amuelepiscopus,Provocatus
1660 3375 1995 3449 episcopus,
2031 3379 2076 3446 ί]
2114 3374 2334 3429 militer
2363 3374 2650 3430 roboravi.

343 3464 730 3529 Hrambertus
750 3465 1083 3538 episcopus,
1117 3464 1428 3523 Rataldus.
1452 3506 1465 3522 .
1488 3504 1502 3522 .
1525 3505 1537 3522 .
1560 3506 1573 3521 .
1597 3507 1610 3522 .
1644 3464 1996 3533 Amalricus,

340 3558 584 3614 vocatus
601 3554 934 3627 episcopus,
949 3569 1086 3609 cum
1103 3552 1325 3610 caeteris
1349 3553 1622 3626 plurimis
1644 3552 2000 3626 presbyteris

341 3659 412 3701 ac
440 3641 886 3710 diaconibus,in
909 3640 1307 3715 lngelenheim
1332 3640 1804 3714 palatiojpuhlico
1826 3640 2001 3698 assis-

341 3729 626 3809 tentibus.
641 3729 744 3787 His
770 3744 1026 3801 namque
1049 3728 1338 3801 explicitis
1362 3729 1653 3786 canonica:
1675 3729 1998 3787 restitutio-

344 3818 458 3893 nis,
490 3810 767 3892 palatinis
807 3818 1061 3875 summis
1110 3818 1380 3891 negotiis,
1415 3817 1996 3891 comprovincialium

343 3905 694 3981 receptionis
725 3907 1068 3965 solemniter
1098 3907 1368 3963 roborata
1388 3924 1490 3963 vm
1507 3907 1643 3962 Idus
1660 3906 1997 3963 Decembris

343 3994 571 4057 exstitit
599 3995 910 4069 principali
948 3996 1007 4051 in
1038 3995 1286 4052 ecclesia
1317 4001 1373 4051 et
1406 4000 1612 4052 sancta
1659 3996 1795 4052 sede
1844 3996 1997 4052 Rhe-

346 4084 559 4155 mensi,
580 4085 810 4142 obviam
854 4085 934 4140 ibi
974 4086 1423 4165 occurrentibus
1454 4085 1684 4141 cunctis
1715 4086 1998 4142 dimcesos

344 4174 697 4249 praesulibus
718 4178 820 4230 aut
832 4174 1194 4240 missis,cum
1211 4175 1548 4230 convicibus
1561 4173 2001 4246 inclytis,eccle~

341 4263 582 4322 siastica
599 4267 704 4320 aut
714 4261 952 4335 publica
965 4262 1311 4318 necessitate
1322 4262 1408 4318 vel
1423 4262 1552 4317 utili
1562 4266 1675 4318 tate
1689 4261 1994 4334 promotis,

339 4352 560 4424 quibus
583 4350 853 4406 veniendi
883 4349 1331 4422 impossibilitas
1363 4350 1489 4405 sola
1509 4368 1625 4405 non
1657 4350 1890 4418 restitit,
1906 4366 1999 4422 ge-

339 4439 525 4497 nerali
537 4442 823 4495 conventu
837 4438 1312 4511 congratulantes
1323 4440 1491 4507 ,hanc
1505 4438 1996 4511 subscriptionem

338 4528 640 4603 publicam
653 4528 925 4584 concordi
939 4528 1325 4584 unanimitate
1338 4528 1648 4597 celebrata,
1665 4527 1995 4601 priscorum

335 4619 575 4676 Patrum
606 4615 887 4689 exemplis
917 4616 1103 4673 edocti
1139 4616 1566 4673 rationabiliter
1586 4617 1928 4672 ediderunt.

404 4707 536 4765 Hcce
584 4706 667 4763 ita
708 4705 1017 4762 scribendo
1064 4722 1268 4762 omnes
1308 4705 1701 4762 subternotati
1737 4704 1989 4761 antistes

333 4794 697 4852 unanimiter
720 4794 1457 4865 prscfigentes-sanxerunt.

402 4884 590 4940 Deum
606 4900 724 4939 non
738 4882 994 4938 habetur
1012 4881 1565 4954 incognitum,quod
1590 4898 1625 4937 a
1637 4880 1907 4954 pluribus
1919 4881 1997 4939 vi-

332 4973 503 5029 detur
521 4988 653 5029 esse
672 4975 1065 5043 compertum,
1089 4970 1346 5042 qualiter
1374 4970 1635 5026 Ecclesia
1663 4970 1785 5026 haec
1809 4969 1992 5027 maxi-

332 5078 431 5118 ma
460 5061 781 5118 Galliarum
829 5061 940 5117 sub
992 5060 1277 5132 regimine
1326 5059 1684 5115 Francorum
1742 5060 1989 5115 diversis

330 5150 893 5223 perturbationibus,
919 5166 984 5204 ac
1018 5147 1331 5204 discordiis
1364 5149 1698 5219 principum
1726 5148 1993 5221 indigna-

329 5238 489 5296 tione
534 5238 808 5307 violenta,
864 5237 958 5293 his
1007 5237 1378 5309 temporibus
1428 5238 1652 5309 agitata
1700 5242 1987 5292 vexatur:

331 5328 489 5385 unde
519 5332 576 5383 et
606 5326 843 5399 plurimi
876 5326 1288 5396 episcoporum
1308 5325 1362 5380 vi
1399 5324 1653 5397 propriis
1686 5341 1719 5380 a
1750 5325 1989 5381 sedibus

327 5415 577 5487 expulsi,
613 5419 712 5471 aut
737 5415 953 5469 timore
985 5412 1282 5468 derelictis
1314 5413 1613 5484 gregibus,
1648 5414 1896 5468 diversis
1929 5415 1989 5468 in

325 5504 596 5577 partibus
627 5502 990 5558 exsulantur.
1009 5501 1167 5557 Inter
1199 5519 1345 5571 quos
1371 5502 1545 5556 etiam
1566 5503 1683 5557 Ebo
1710 5503 1988 5575 archiepi-

326 5607 541 5664 scopus
568 5590 922 5647 Rhemensis
952 5589 1229 5657 ecclesiae,
1256 5595 1460 5661 raptus
1494 5608 1526 5645 a
1558 5592 1795 5661 prepria
1827 5593 1984 5658 sede,

320 5680 658 5750 principum
689 5679 1103 5751 indignatione
1134 5678 1373 5733 violenti
1395 5680 1599 5733 exsilio
1623 5680 1837 5734 ductus
1876 5686 1983 5736 est.

321 5763 486 5823 Unde
516 5770 576 5823 et
597 5766 876 5822 reduetus
906 5769 1015 5823 sub
1038 5767 1327 5833 custodia,
1345 5772 1410 5821 ut
1432 5767 1759 5838 periculum
1782 5770 1987 5823 evade-

323 5855 500 5923 ret,et
531 5853 760 5909 furores
778 5854 1270 5930 persequentium
1302 5855 1987 5930 mittigaret,redimendo

2022 4751 2071 4817 D

2181 3462 2609 3520 Hildemannus
2640 3463 3007 3520 Belvacensis
3038 3463 3328 3520 similiter.

2182 3553 2435 3624 Symeon
2470 3542 2882 3609 Laudunensis
2912 3552 3208 3609 similiter.

2182 3641 2499 3712 Erpwinus
2526 3640 2977 3705 Silvanectensis
3008 3641 3301 3698 similiter.

2182 3728 2579 3802 Raginharius
2608 3730 3022 3809 Ambianensis
3057 3730 3353 3785 similiter.

2181 3819 2387 3874 Emmo
2419 3819 2925 3875 Nomiomacensis
2958 3818 3253 3875 similiter.

2184 3906 2521 3963 Folcwinus
2554 3908 2981 3964 Taravancnsis
3014 3907 3308 3964 similiter.

2181 3996 2244 4051 1n
2273 3996 2509 4051 nomine
2542 3995 2775 4051 Domini
2808 3997 2993 4052 nostri
3025 3997 3165 4053 Jesu
3191 3996 3404 4052 Christi
3458 3996 3559 4052 Dei
3604 4011 3767 4052 sum-

2110 4086 2483 4158 mi,glorioso
2512 4085 2839 4156 imperante
2872 4086 3167 4142 Ludovico
3198 4086 3443 4151 Caesare,
3464 4087 3634 4157 cujus
3658 4085 3771 4158 pri-

2109 4191 2208 4230 ma
2237 4180 2503 4246 tempora
2548 4175 2712 4247 regni
2769 4192 3109 4247 quanquam
3169 4173 3337 4231 valde
3394 4178 3771 4231 coruscarent

2110 4279 2410 4335 prospera,
2428 4262 2639 4318 ultima
2672 4267 2869 4318 tamen
2902 4265 3032 4336 ejus
3062 4281 3340 4320 concessa
3362 4263 3545 4319 nimia
3573 4263 3771 4318 adver-

2109 4352 2283 4406 sitate
2330 4350 2589 4405 divinam
2633 4351 2803 4421 quasi
2848 4351 3314 4423 indignationem
3362 4350 3525 4405 illam
3569 4366 3766 4422 passa,

2108 4456 2286 4512 quam
2319 4440 2390 4494 de
2422 4438 2761 4493 novissimis
2792 4440 3159 4511 temporibus
3190 4440 3277 4496 vis
3318 4456 3550 4511 semper
3592 4442 3770 4494 terret

2107 4527 2462 4599 evangelica,
2494 4528 2698 4583 dicens
2732 4544 2744 4583 :
2787 4529 2975 4584 Tradat
3001 4537 3183 4585 autem
3226 4532 3399 4599 frater
3449 4531 3678 4600 fratrem
3710 4530 3770 4583 in

2104 4626 2355 4684 mortem,
2386 4625 2438 4672 et
2463 4625 2620 4688 pater
2649 4619 2854 4687 ﬁlium,
2885 4626 2937 4673 et
2968 4620 3253 4690 insurgent
3281 4620 3392 4689 ﬁlii
3430 4621 3491 4674 in
3517 4625 3769 4690 parentes

2106 4705 2319 4775 (Matth.
2352 4722 2408 4772 x,
2441 4704 2558 4777 21).
2593 4705 2762 4761 Multi
2792 4706 3049 4779 denique
3078 4706 3213 4762 hinc
3246 4711 3513 4779 potentes
3542 4705 3768 4778 expulsi

2104 4798 2244 4849 sunt
2272 4810 2307 4848 a
2336 4793 2526 4865 patria
2550 4811 2564 4862 ;
2588 4793 2847 4866 episcopi
2876 4812 3110 4867 quoque
3141 4796 3267 4861 Dei,
3299 4795 3469 4851 aliive
3510 4793 3768 4850 ministri

2102 4882 2403 4938 custodias
2432 4882 2728 4953 etjexsilia
2758 4884 2916 4956 passi
2940 4902 2954 4951 ;
2988 4884 3229 4956 quidam
3254 4884 3430 4939 etiam
3457 4883 3767 4955 utriusque

2101 4988 2274 5026 sexus
2305 4970 2532 5026 nobiles
2557 4971 2693 5027 laici
2722 4972 2796 5027 ad
2836 4972 3231 5029 monasticam
3282 4972 3550 5029 habitum
3602 4987 3763 5027 com-

2102 5059 2278 5132 pulsi,
2336 5064 2401 5115 ut
2452 5060 2663 5116 saltem
2716 5061 2810 5117 his
2859 5061 3110 5134 ﬂagellis
3156 5062 3328 5118 celeri
3382 5062 3767 5134 castigatione

2099 5149 2460 5220 compuncti,
2499 5149 2757 5205 remedia
2791 5149 3001 5205 salutis
3031 5151 3356 5223 reciperent
3384 5170 3395 5217 ;
3431 5150 3568 5223 quia
3615 5167 3764 5222 quos

2099 5236 2316 5292 blanda
2350 5237 2655 5293 vitiaverat
2685 5240 3063 5310 prosperitas,
3099 5256 3338 5295 necesse
3368 5244 3492 5294 erat
3538 5243 3604 5294 ut
3635 5239 3763 5295 dira

2098 5331 2375 5397 purgaret
2434 5327 2782 5393 adversitas,
2837 5345 2908 5383 ne
2956 5329 3028 5383 ad
3080 5333 3399 5384 tartaream
3441 5328 3760 5384 vindictam

2097 5415 2293 5470 divina
2324 5414 2475 5469 ultro
2511 5417 2737 5471 sreviret
2768 5417 3070 5488 majestas.

2171 5503 2272 5557 His
2303 5503 2519 5558 etenim
2548 5506 2877 5559 manifestis
2901 5506 3153 5578 cognitis
3185 5505 3597 5578 periculis,ego
3623 5505 3762 5561 Rhe-

2098 5591 2319 5647 mensis
2334 5593 2450 5646 Eso
2472 5592 2754 5666 indignus
2778 5594 3111 5666 episcopus,
3132 5594 3285 5650 inter
3307 5600 3543 5650 caeteros
3561 5595 3761 5650 anxios

2096 5682 2286 5737 tribus
2335 5680 2594 5737 afflictus
2646 5684 2961 5753 pressuris,
3010 5685 3068 5737 id
3124 5689 3231 5750 est,
3287 5683 3536 5739 sublatis
3585 5684 3761 5739 rebus

2097 5769 2398 5839 omnibus,
2420 5769 2480 5825 in
2512 5769 2601 5825 ira
2631 5770 2721 5826 vel
2745 5773 3014 5829 custodia
3032 5790 3351 5844 oppressus
3370 5773 3762 5845 principis,in-

2096 5875 2272 5932 super
2296 5862 2353 5914 et
2366 5859 2554 5915 fessus
2568 5860 2914 5933 aegritudine
2928 5861 3209 5936 corporis,
3225 5866 3429 5918 sancto
3447 5878 3583 5919 cum
3602 5860 3757 5920 Psal-
