3900 6418
232 482 341 551 ’13
394 548 399 549 ,

1660 500 2293 575 APOLOGETICUM.

3608 524 3715 588 “-

241 624 445 680 mista
475 625 668 682 dicere
700 644 815 684 non
849 630 1087 688 erubui:
1123 635 1475 709 Iniquitatem
1505 656 1679 696 meam
1701 658 1916 698 annun-
1945 642 2000 710 Α
2031 660 2208 715 quam
2262 645 2647 704 homicidium
2701 652 3015 723 exsecravi,
3066 656 3319 713 testante
3369 656 3631 729 apostolo
3667 674 3682 713 :

235 712 429 784 tiabo,
462 721 517 771 et
558 717 800 788 cogitabo
823 735 925 791 pro
949 731 1165 793 peccato
1192 740 1310 782 meo
1339 728 1511 796 (Psal.
1543 746 1755 797 xxxvn,
1790 731 1878 800 19)
1902 748 1915 801 ;

236 801 475 859 divinis
506 804 754 878 ﬂagellis
788 810 1049 866 monitus
1081 813 1129 868 si
1163 813 1220 867 in
1253 816 1549 888 prosperis
1586 817 1774 891 legem
1805 820 1917 876 Do-

234 891 403 947 mini
439 893 776 966 neglexi,ad
806 898 996 970 ipsam
1014 900 1074 956 in
1098 904 1358 961 adversis
1383 907 1694 981 confugere
1707 910 1911 979 debui;

230 977 328 1035 ita
370 986 451 1047 ut,
468 983 514 1036 si
540 1001 715 1055 quem
739 1002 843 1056 per
864 991 1188 1060 potentiam
1211 995 1512 1065 quondam
1536 977 1910 1069 injustelznsi,

231 1067 395 1124 hinc
426 1070 483 1124 in
518 1074 811 1145 angustiis
843 1094 936 1133 me
968 1078 1280 1137 laedentem
1316 1083 1463 1139 ferre
1498 1067 1784 1157 patienter
1811 1088 1912 1151 dee

228 1158 404 1213 vovi.
439 1159 497 1215 Si
532 1163 625 1217 cui
659 1163 835 1220 etiam
864 1165 1085 1240 aliquid
1114 1169 1375 1226 indebite
1425 1173 1664 1242 abstuli,
1697 1175 1910 1233 ablatis

231 1247 402 1302 mihi
434 1251 713 1309 omnibus
744 1271 861 1310 non
890 1258 1238 1327 contradixi,
1270 1262 1372 1316 sed
1420 1262 1703 1319 auferenti
1750 1265 1908 1320 tuni-

228 1351 404 1403 eam,
423 1338 600 1395 etiam
629 1346 686 1397 et
716 1341 961 1414 pallium
995 1345 1226 1419 reliqui.
1261 1350 1320 1405 Si
1351 1351 1509 1408 enim
1555 1354 1908 1427 quandoque

228 1426 493 1483 unicum
525 1429 751 1503 neglexi
785 1431 1091 1490 inimicum
1126 1436 1539 1511 diligere,hinc
1570 1445 1628 1497 et
1657 1458 1761 1514 pro
1785 1460 1909 1514 per-

223 1517 620 1574 secutoribus
646 1513 811 1576 orare
827 1521 1029 1579 didici.
1050 1524 1263 1598 Sicque
1274 1526 1483 1584 humili
1506 1513 1905 1589 satisfactione

223 1605 664 1679 memctipsum
697 1626 1006 1679 accusans,
1038 1613 1267 1671 furores
1298 1620 1782 1691 persequentium
1800 1621 1904 1677 mi-

217 1691 452 1763 tigare,
467 1691 601 1765 plus
614 1711 793 1767 quam
807 1696 1037 1772 litigare
1050 1701 1277 1759 decrevi
1298 1722 1312 1773 ;
1344 1710 1547 1763 sancto
1575 1707 1902 1766 instruente

212 1779 560 1850 Abraham,
594 1784 695 1855 qui
728 1783 883 1841 inter
913 1788 1174 1860 pericula
1203 1809 1239 1847 a
1259 1793 1593 1864 prmlatione
1617 1798 1814 1854 uxoris
1837 1816 1900 1855 se

220 1884 485 1937 exuens,
519 1870 637 1926 vim
670 1872 1025 1933 facientibus
1066 1878 1374 1937 humiliter
1401 1886 1635 1942 credere
1684 1888 1897 1959 magis,

214 1973 416 2028 quam
449 1959 867 2017 damnabiliter
897 1966 1170 2023 resistere
1202 1968 1396 2043 elegit.
1418 1973 1670 2029 Sanctus
1693 1977 1898 2048 utique

212 2045 555 2118 Apostolus
588 2067 703 2105 non
736 2052 935 2108 minus
968 2057 1172 2112 eadem
1203 2059 1572 2129 docuit,cum
1593 2064 1897 2122 dixit:Non

212 2137 587 2208 vosmetipsos
634 2138 998 2210 defendentes,
1040 2145 1377 2215 charissimi,
1409 2151 1503 2206 sed
1549 2152 1670 2208 date
1720 2155 1898 2212 locum

216 2224 541 2296 irae(Rom.
576 2244 678 2293 xu,
714 2229 819 2301 19).
863 2236 1023 2288 Inter
1071 2234 1270 2292 divina
1313 2239 1605 2311 siquidem
1656 2244 1898 2300 verbera

188 2313 447 2369 'beatus
477 2315 586 2371 Job
619 2334 733 2374 non
769 2337 1162 2393 murmurare,
1192 2327 1294 2382 sed
1318 2345 1483 2385 orare
1515 2336 1690 2403 atque
1714 2334 1893 2390 confi-

210 2403 329 2457 teri
360 2409 606 2475 peccata
637 2408 1015 2478 maluit,cum
1048 2414 1256 2470 anxius
1289 2417 1442 2472 inter
1471 2425 1675 2477 caetera
1707 2422 1895 2479 multa

207 2490 495 2548 lamenta
525 2494 699 2551 dixit:
734 2499 991 2556 Peccavi:
1025 2503 1156 2573 quid
1185 2506 1389 2575 faciam
1420 2509 1585 2575 tibi,o
1615 2519 1787 2568 custos
1805 2512 1894 2568 ho-

205 2583 647 2652 minu-m?(.lob.
677 2602 777 2653 vn,
813 2589 930 2661 20.)
977 2591 1201 2655 Quibus
1253 2595 1620 2655 multimodis
1652 2600 1889 2656 Patrum

208 2669 529 2727 animatus
556 2675 863 2747 exemplis,
897 2678 1111 2736 ductus
1161 2683 1365 2739 eodem
1419 2689 1721 2745 mundano
1773 2690 1890 2745 im-

211 2763 388 2831 petu,
427 2761 774 2834 compulsus
820 2767 892 2821 ad
940 2768 1202 2825 tribunal
1266 2773 1616 2847 palatinum,
1650 2796 1767 2834 non
1817 2783 1889 2838 ad

208 2847 573 2918 synodalem
593 2857 930 2909 sanctorum
945 2864 1318 2927 conventum,
1338 2878 1454 2932 quo
1475 2865 1757 2922 violenter
1774 2887 1889 2925 non

211 2934 360 2992 licet
394 2936 575 3006 trahi,
611 2940 711 2994 sed
741 2943 934 3015 magis
965 2944 1217 3002 liberum
1258 2952 1538 3008 canonice
1586 2959 1888 3013 convocari

178 3044 183 3047 ·
209 3026 599 3097 episcopum.
616 3027 876 3103 Contigit
896 3037 1091 3089 tamen
1110 3052 1204 3091 me
1220 3037 1280 3091 in
1297 3040 1492 3095 media
1510 3043 1889 3103 multitudine

210 3119 574 3169 sanctorum
609 3117 866 3174 astitisse
896 3122 1418 3192 fratrum,hiemali
1450 3132 1891 3191 vexationediu-

210 3203 348 3259 tina
370 3202 458 3257 ibi
482 3204 860 3277 afflictarum,
874 3225 1126 3281 quorum
1145 3215 1540 3274 consolatione
1558 3221 1654 3292 pia
1670 3238 1887 3280 recrea-

206 3290 463 3361 tus,illa
493 3291 638 3349 mihi
668 3294 948 3353 divinitus
970 3298 1257 3371 inspirata
1277 3290 1575 3362 sententia
1583 3308 1886 3368 charitatis

2030 730 2139 798 Qui
2156 733 2271 789 odit
2293 734 2524 805 fratrem
2547 754 2733 806 suum,
2758 739 3036 798 homicida
3072 750 3154 799 est
3198 744 3376 812 (Joan.
3427 761 3512 813 in,
3568 743 3679 815 15).

2026 820 2244 877 Eodem
2276 825 2450 880 modo
2492 828 2866 885 mendacium
2910 830 3131 904 respui,
3164 835 3229 887 ut
3268 832 3460 889 scelus
3493 833 3681 906 pessi-

2026 924 2211 978 mum,
2237 912 2309 967 de
2340 929 2458 985 quo
2499 914 2782 973 divinitus
2824 918 3076 974 habetur
3114 921 3448 993 praefixum:
3479 922 3680 978 Perdes

2024 1014 2208 1057 omnes
2260 1004 2356 1073 qui
2402 1003 2704 1075 loquuntur
2743 1007 3092 1064 mendacium
3129 1011 3301 1079 (Psal.
3336 1028 3392 1078 ν,
3421 1009 3478 1081 7)
3514 1025 3527 1064 :
3561 1027 3679 1082 quo

2022 1087 2239 1143 scelere
2267 1090 2581 1146 offenditur
2610 1094 3085 1167 Deus,decipitur
3103 1098 3428 1169 proximus,
3445 1098 3599 1169 perit
3618 1104 3678 1154 et

2022 1174 2145 1246 ipsc
2184 1178 2420 1250 propria
2468 1181 2816 1237 necessitate
2866 1183 3123 1241 dolosus.
3157 1186 3383 1251 Quibus
3434 1186 3674 1258 quidem

2020 1261 2270 1336 aliisque
2302 1265 2598 1325 similibus
2629 1270 3200 1330 formidolosissimis
3249 1274 3513 1347 pestibus
3557 1278 3673 1330 ter-

2017 1350 2166 1407 ritus
2199 1357 2375 1425 atque
2404 1362 2817 1429 compunctus,
2852 1376 2966 1416 non
2999 1362 3153 1432 ficte,
3188 1363 3290 1419 sed
3321 1364 3524 1420 devote
3553 1379 3675 1420 cor-

2015 1439 2263 1513 ripiente
2295 1458 2389 1498 me
2421 1444 2669 1502 Domino
2713 1447 2997 1520 ingemui,
3049 1450 3149 1522 qui
3204 1467 3335 1524 quos
3379 1460 3546 1520 amat,
3577 1468 3670 1507 ar-

2012 1530 2150 1600 guit,
2180 1531 2426 1602 ﬂagellat
2451 1548 2667 1589 omnem
2712 1536 2916 1607 ﬁlium,
2950 1553 3106 1609 quem
3153 1542 3351 1612 recipit
3378 1541 3530 1610 (Ileb.
3562 1557 3664 1610 xu,

2008 1617 2087 1690 6),
2122 1623 2327 1674 sancto
2372 1620 2664 1678 clamante
2709 1624 3037 1696 Apostolo:
3089 1626 3222 1683 Cum
3262 1627 3608 1701 judicamur,
3637 1645 3673 1686 a

2011 1709 2245 1764 Domino
2273 1712 2631 1783 corripimur,
2664 1719 2725 1768 ut
2750 1730 2863 1770 non
2893 1730 3017 1770 cum
3046 1714 3147 1772 hoc
3189 1716 3394 1774 mundo
3444 1716 3670 1775 damne-

2007 1811 2137 1850 mur
2165 1798 2214 1864 (I
2245 1799 2375 1854 Cor.
2400 1816 2477 1867 x1,
2512 1801 2628 1869 32).

2080 1883 2162 1938 Ne
2187 1883 2367 1957 igitur
2387 1887 2692 1945 saevientes
2713 1888 2773 1943 in
2797 1906 2890 1945 me
2914 1892 3172 1964 amplius
3193 1898 3520 1966 peccarent.
3541 1894 3668 1952 Sal-

2006 1973 2224 2028 vatoris
2249 1975 2433 2029 nostri
2458 1977 2740 2032 evadendi
2766 1995 2910 2034 usus
2932 1997 3065 2035 sum
3089 1984 3565 2055 argumento,qui
3585 1984 3669 2039 in-

2008 2063 2096 2115 ter
2126 2078 2337 2118 manus
2367 2067 2849 2137 persequentium
2882 2086 2944 2124 se
2974 2070 3303 2139 abscondit,
3320 2075 3378 2127 et
3396 2072 3570 2128 exivit
3593 2074 3666 2130 de

2006 2149 2248 2222 templo,
2280 2168 2471 2224 neque
2503 2154 2779 2226 periculis
2812 2157 3263 2216 imminentibus
3282 2160 3487 2217 distuli
3507 2161 3665 2218 exire

2004 2238 2075 2293 de
2104 2239 2345 2312 templo,
2382 2245 2438 2295 et
2468 2244 2740 2298 secedere
2770 2262 2804 2301 a
2832 2246 3155 2316 pontificali
3186 2248 3405 2321 officio,
3425 2250 3527 2321 qui
3549 2249 3664 2307 vio-

2006 2326 2193 2382 lenter
2226 2329 2477 2384 triennio
2500 2331 2627 2402 jam
2661 2331 2936 2388 exclusus
2967 2351 3125 2390 eram
3154 2353 3188 2391 a
3219 2336 3414 2393 debito
3444 2338 3661 2394 sacrifi-

2004 2416 2173 2471 candi
2206 2415 2352 2473 loco.
2396 2418 2540 2474 Nam
2574 2424 2628 2474 et
2660 2420 2909 2492 apostoli
2941 2426 3203 2495 tempore
3232 2424 3525 2497 passionis
3545 2428 3658 2481 ter-

2004 2504 2245 2574 riti,non
2269 2506 2449 2561 ritum
2474 2507 2865 2578 sacrificandi,
2884 2512 2983 2565 sed
3008 2512 3252 2583 provida
3273 2514 3660 2587 circumspec-

1978 2592 2157 2648 -tione
2190 2593 2392 2649 abdita
2420 2600 2653 2651 tantum
2684 2596 2811 2652 loca
2841 2599 3125 2654 orationis
3156 2602 3499 2673 quaerebant
3518 2601 3657 2657 lati-

2000 2682 2163 2736 tandi
2195 2698 2207 2735 :
2240 2682 2382 2755 quia
2410 2688 2606 2740 metus
2636 2686 2894 2741 fraterna
2937 2704 3073 2743 cum
3122 2688 3420 2745 discordia
3459 2690 3657 2747 divina

2000 2769 2108 2825 rite
2138 2788 2255 2825 non
2286 2771 2539 2828 celebrat
2571 2773 2949 2843 charismata,
2983 2776 3161 2833 etiam
3193 2782 3253 2834 et
3281 2782 3518 2852 tempus
3564 2779 3654 2836 lu-

1999 2859 2172 2930 gendi
2205 2876 2320 2914 non
2351 2863 2612 2933 exposcit
2638 2861 2946 2935 solemnia,
2980 2866 3083 2921 sed
3133 2866 3333 2938 potius
3372 2867 3655 2924 evadendi

1998 2948 2274 3015 remedia,
2308 2948 2555 3005 dicendo
2588 2966 2601 3003 :
2638 2950 2940 3022 Conﬁtcbor
2967 2953 3259 3010 adversum
3296 2972 3383 3011 me
3429 2957 3653 3028 injusti-

1998 3036 2103 3089 tias
2129 3050 2278 3090 meas
2311 3054 2330 3089 :
2358 3045 2412 3091 et
2457 3044 2516 3092 tu
2563 3040 2831 3094 remisisti
2876 3042 3207 3111 impietatem
3248 3045 3457 3114 peccati
3489 3045 3602 3100 mei
3630 3063 3651 3099 :

1992 3139 2095 3194 pro
2125 3123 2228 3178 hac
2256 3124 2436 3179 orabit
2463 3125 2534 3180 ad
2563 3133 2613 3181 te
2641 3129 2819 3182 omnis
2847 3135 3068 3184 sanctus
3096 3131 3157 3184 in
3186 3138 3422 3203 tempore
3457 3136 3650 3204 oppor-

1968 3220 2128 3268 ~tuno
2158 3212 2329 3284 (Psat.
2361 3229 2513 3281 xxxx,
2546 3214 2623 3283 6).
2649 3214 2713 3269 In
2737 3214 2847 3270 hoc
2869 3232 3006 3288 ergo
3028 3220 3291 3291 tempore
3319 3225 3650 3292 opportuno

1996 3300 2047 3357 si
2078 3301 2264 3356 sancti
2298 3317 2403 3373 pro
2434 3302 2780 3359 remissione
2810 3309 3184 3375 peccatorum
3215 3306 3652 3382 laborant,pec-

206 3383 436 3451 prmsto
470 3381 744 3454 apparuit
771 3384 1232 3457 condolentium,
1265 3392 1417 3448 sicut
1445 3395 1730 3469 scriptum
1763 3404 1880 3458 est;
1914 3377 1958 3445 C
1991 3392 2218 3445 catores
2248 3390 2454 3461 utique
2485 3391 2556 3446 ad
2580 3392 2966 3449 confessionis
2988 3394 3247 3452 remedia
3274 3413 3509 3454 currere
3527 3414 3646 3455 non

208 3468 354 3524 Cum
381 3470 601 3542 patitur
648 3487 825 3529 unum
868 3476 1195 3550 membrum,
1244 3468 1650 3555 compatiuntur
1692 3492 1882 3547 omnia

201 3558 464 3650 membra
493 3558 557 3650 I
588 3560 717 3650 cor.
751 3579 854 3632 xu,
885 3566 1008 3637 26);
1042 3583 1295 3640 quorum
1348 3574 1592 3631 consilio
1636 3578 1879 3650 adjutus

205 3649 332 3703 tres
353 3646 509 3702 mihi
527 3663 597 3703 ex
614 3648 762 3722 ipsis
782 3650 929 3726 elegi
948 3656 1375 3716 secretissimos
1398 3646 1880 3737 adjutores,Aiul-

206 3734 338 3791 fum
370 3735 649 3794 videlicet
676 3739 1207 3818 archiepiscopum,
1237 3748 1609 3810 Badaradum
1653 3734 1874 3814 Modoi-

205 3839 482 3897 numque
512 3824 991 3900 episcopos,cum
1016 3834 1234 3906 quibus
1263 3838 1334 3895 de
1348 3839 1666 3900 Salvatoris
1689 3847 1874 3902 nostri

204 3911 593 3971 institutione
636 3922 1130 3994 peccatorumque
1170 3928 1517 3986 remissione
1565 3931 1876 4006 diligenter

204 4002 461 4072 contuli,
482 4009 1038 4094 memorevangelici
1055 4017 1325 4087 praecepti
1344 4018 1624 4077 dicentis:
1639 4002 1873 4094 Sic/fers

200 4104 412 4146 munus
463 4098 622 4147 tuum
649 4093 720 4149 ad
768 4097 942 4154 altare
988 4108 1039 4155 ct
1068 4102 1148 4157 ibi
1192 4105 1505 4161 recordatus
1534 4110 1710 4179 fueris
1741 4093 1873 4184 quia

184 4180 382 4249 frater
412 4189 544 4236 tuus
592 4181 752 4239 habet
799 4187 1015 4259 aliquid
1058 4189 1345 4248 adversum
1388 4202 1454 4261 te,
1497 4180 1763 4270 relinque
1793 4202 1872 4257 ibi

201 4283 413 4324 munus
439 4278 601 4325 tuum
629 4281 756 4327 ante
796 4275 971 4331 altare
999 4276 1205 4345 (Matth.
1256 4297 1311 4348 v,
1359 4284 1473 4350 23).
1527 4285 1642 4340 Hac
1691 4287 1873 4359 igitur

204 4358 564 4413 auctoritate
585 4374 851 4427 cernens,
878 4362 1017 4433 quia
1036 4363 1232 4433 frater,
1258 4374 1478 4438 quanto
1502 4373 1691 4443 magis
1728 4358 1870 4446 quia

203 4444 488 4519 princeps
509 4462 678 4504 meus
700 4456 1031 4508 commotus
1052 4454 1361 4513 adversum
1385 4475 1478 4515 me
1499 4464 1641 4530 erat,
1658 4444 1866 4536 reliqui

203 4546 430 4589 munus
455 4533 774 4592 oblationis
796 4555 938 4594 mea:
961 4544 1095 4596 ante
1117 4542 1320 4614 altare,
1343 4551 1401 4601 et
1420 4564 1656 4605 summa
1693 4533 1866 4608 satis-

204 4614 462 4679 factione
504 4624 634 4694 jam
685 4625 978 4685 dictorum
1018 4647 1311 4689 consensu
1343 4638 1748 4696 confessorum
1779 4640 1866 4698 vel

1989 3478 2264 3535 differant
2293 3496 2533 3536 necesse
2562 3484 2673 3537 est.
2706 3480 2870 3538 Unde
2918 3488 2977 3539 et
3024 3501 3399 3559 nequaquam
3448 3487 3641 3558 noxia,

1966 3568 2091 3624 sed
2113 3567 2310 3641 potius
2330 3567 2720 3626 saluberrima
2740 3570 3010 3629 habenda
3027 3578 3118 3630 est
3135 3571 3239 3631 illa
3256 3575 3645 3633 confessionis

1986 3672 2130 3712 mea:
2152 3656 2392 3730 publica
2411 3659 2863 3733 1nscriptio,per
2900 3678 3081 3735 quam
3113 3662 3454 3736 perhibetur
3478 3669 3641 3723 certa

1985 3750 2362 3819 peccatorum
2393 3763 2567 3821 posse
2598 3749 2724 3804 ﬁeri
2756 3749 3045 3821 remissio,
3060 3751 3204 3808 dum
3233 3750 3334 3808 lux
3361 3754 3643 3826 paeniten-

1982 3835 2299 3909 tium,quze
2330 3853 2364 3893 a
2395 3853 2642 3894 mmrore
2673 3837 2906 3912 incipit,
2923 3839 2996 3896 ad
3028 3839 3245 3912 gaudia
3264 3840 3475 3909 merita
3500 3858 3640 3900 con-

1981 3926 2192 3998 surgit,
2209 3926 2407 3982 divina
2428 3926 2657 3982 dicente
2678 3928 2970 3984 sententia
2993 3943 3006 3984 :
3035 3928 3143 3996 Qui
3167 3931 3445 3987 seminam
3465 3932 3525 3987 in
3547 3932 3637 3989 la-

1979 4016 2206 4086 crymis,
2260 4016 2321 4067 in
2368 4014 2569 4086 gaudio
2618 4023 2818 4071 metent
2866 4016 3042 4083 (Psat.
3095 4033 3257 4085 cxxv,
3301 4018 3393 4089 6);
3448 4036 3636 4092 neque
3673 4063 3683 4069 .

1964 4102 2135 4157 enim
2158 4101 2444 4157 Dominus
2476 4100 2777 4174 despicere
2807 4107 2909 4159 aut
2952 4104 3256 4176 damnare,
3287 4106 3390 4163 sed
3437 4107 3635 4180 potius

1979 4209 2188 4248 sanare
2220 4195 2393 4263 atque
2426 4192 2645 4264 erigere
2678 4194 2963 4249 contritos
2995 4194 3167 4250 corde
3209 4194 3441 4268 legitur.
3476 4198 3635 4254 Sub-

1979 4280 2356 4353 scriptionem
2378 4297 2514 4353 ergo
2528 4281 2671 4336 mihi
2688 4282 2746 4337 in
2761 4284 3456 4358 angustiis,nequaquam
3473 4287 3633 4345 dam-

1979 4369 2236 4426 nationis
2258 4370 2358 4424 sed
2378 4370 2577 4441 potius
2594 4372 2916 4443 ereptionis
2940 4372 3111 4429 titulo
3132 4374 3496 4447 edidi,quam
3515 4394 3631 4434 non

1976 4457 2301 4524 convictus,
2338 4457 2439 4512 sed
2471 4456 2636 4512 valde
2672 4459 3027 4515 constrictus
3048 4461 3282 4534 pertuli,
3302 4462 3514 4519 melius
3535 4464 3630 4520 hic

1975 4545 2349 4602 inserendam
2373 4545 2749 4603 adnotatione
2765 4547 3003 4619 publica
3023 4550 3259 4622 praevidi
3276 4550 3337 4605 in
3362 4552 3627 4608 testimo-

1976 4637 2074 4693 nio
2094 4634 2376 4702 veritatis,
2394 4650 2466 4690 ne
2488 4637 2660 4689 aucta
2684 4635 3596 4713 autminutamaculeturalicuju

203 4706 459 4767 fratrum
473 4714 871 4771 succumbens
886 4723 1722 4798 propter(spem)recuperandi
1737 4745 1869 4786 con-
1899 4742 1945 4808 D
1974 4724 2170 4781 (amuli
2186 4723 2537 4795 quandoque
2559 4723 2971 4792 mendaciis,ut
2994 4729 3052 4780 ot
3073 4726 3226 4797 quod
3240 4730 3383 4783 tunc
3393 4706 3627 4801 gestum

204 4798 471 4854 cordiam
490 4798 689 4858 illatas
710 4819 915 4861 omnes
941 4808 1232 4879 patienter
1252 4814 1483 4885 suscepi
1505 4815 1778 4887 injurias,
1812 4824 1869 4875 et

205 4884 471 4954 puritate
501 4890 892 4951 confessionis
923 4896 1333 4956 remissionem
1366 4884 1739 4974 peccatorum
1770 4924 1865 4963 ve-

206 4973 509 5048 niamque,
527 4982 587 5034 et
607 4995 721 5036 non
745 4983 1295 5060 condemnationem
1316 4973 1610 5064 percipere
1622 4996 1862 5064 credidi,

207 5061 348 5130 quia
366 5066 709 5137 superbiam
733 5070 792 5125 in
810 5088 903 5126 me
912 5074 937 5144 j
948 5075 1172 5131 udicavi
1190 5082 1254 5132 ut
1268 5061 1467 5135 necem
1488 5082 1860 5155 diabolicam,

1976 4818 2067 4870 est
2096 4816 2318 4869 secreto
2348 4809 2665 4883 ereptionis
2696 4812 3221 4883 argumento,hinc
3236 4814 3363 4886 jam
3393 4815 3628 4889 publico

1975 4902 2193 4974 ubique
2224 4899 2577 4956 discutiatur
2598 4900 2671 4956 ab
2699 4899 2979 4958 omnibus
3006 4918 3151 4958 verte
3181 4902 3488 4961 charitatis
3508 4910 3629 4963 stu-

1973 4993 2092 5060 dio,
2107 4995 2163 5047 et
2184 4991 2324 5045 dum
2347 4987 2580 5044 nullum
2603 4987 2684 5043 ibi
2706 4993 2935 5045 certum
2957 4990 3356 5049 damnationis
3367 4994 3624 5068 ρι’ωῆςί-

1972 5086 2070 5136 tur
2100 5080 2341 5144 crimen,
2377 5075 2713 5132 nullatenus
2745 5076 2932 5133 ullum
2954 5080 3143 5151 possit
3163 5079 3319 5137 ultra
3342 5083 3463 5155 pati
3484 5100 3623 5141 cou-

208 5162 420 5207 vanam
452 5153 725 5226 gloriam,
750 5159 983 5218 ruinam
1017 5170 1358 5237 perpetuam
1394 5184 1407 5222 :
1443 5171 1648 5225 mundi
1682 5153 1861 5244 hujus

207 5234 388 5308 (quod
409 5246 501 5297 est
523 5250 856 5304 amatorum
875 5253 1103 5326 mundi)
1127 5256 1360 5311 noxiam
1383 5257 1860 5333 amicitiam,qum

208 5323 405 5384 divino
426 5332 767 5391 testimonio
792 5338 866 5394 ad
886 5340 985 5396 Dei
1008 5323 1261 5413 pertinet
1282 5345 1741 5418 inimicitiam,in
1768 5367 1860 5406 me

211 5412 483 5475 damnavi
518 5425 584 5476 ut
611 5440 842 5495 pmnam
875 5432 1391 5500 tartaream,sacra
1422 5436 1651 5493 dicente
1672 5440 1861 5512 Scrip-

210 5503 344 5593 tura
372 5524 390 5558 :
424 5507 532 5574 Qui
559 5511 726 5584 hujus
748 5519 942 5573 saeculi
968 5524 1179 5577 amicus
1226 5524 1413 5593 fuerit,
1452 5527 1714 5582 inimicus
1762 5530 1862 5583 Dei

209 5588 557 5683 deputabitur
586 5602 720 5675 (Jac.
757 5621 831 5671 IV,
868 5607 942 5674 4).
976 5610 1195 5666 Fratris
1225 5588 1575 5683 convicium,
1601 5622 1665 5671 ut
1701 5617 1860 5674 fatue

212 5677 595 5779 dictumJege
625 5694 961 5779 evangelica
988 5698 1262 5769 deputavi
1288 5705 1353 5756 ut
1381 5677 1705 5774 gehennale
1727 5724 1861 5779 sup-

213 5762 882 5841 plicium:~mendacium
912 5762 1146 5862 quoq-ue
1174 5786 1263 5844 vel
1293 5762 1494 5845 odium
1520 5807 1638 5851 non
1659 5762 1860 5856 minus

1972 5169 2222 5227 fusionis
2253 5166 2730 5222 discrimen.Non
2765 5167 2935 5223 noxia
2963 5185 3121 5241 ergo,
3154 5171 3256 5225 sed
3288 5170 3455 5228 valde
3486 5189 3621 5245 pro-

1969 5261 2124 5314 llcua
2143 5257 2413 5312 habenda
2430 5261 2521 5311 est
2541 5254 2675 5310 talis
2697 5256 3217 5329 subscriptio,qua3
3238 5259 3465 5315 furores
3486 5277 3618 5333 per-

1970 5346 2347 5419 sequentium
2380 5342 2691 5415 mitigavit,
2723 5342 3007 5399 hiemales
3037 5346 3240 5401 anxias
3286 5348 3620 5408 vexationes

1970 5439 2216 5493 fratrum
2248 5436 2513 5505 porrecta
2542 5431 2834 5504 levigavit,
2866 5450 2958 5488 me
2989 5434 3168 5489 etiam
3201 5435 3272 5491 ab
3306 5435 3393 5492 ira
3423 5454 3620 5509 perse-

1969 5525 2274 5600 quentium
2306 5519 2805 5593 eripuit;insuper
2835 5524 2892 5575 et
2920 5524 3245 5579 secundum
3277 5531 3617 5583 sanctarum

1970 5615 2091 5671 Scri
2102 5618 2406 5686 pturarum
2429 5607 2836 5683 auctoritatem
2853 5609 2996 5665 mihi
3011 5612 3309 5669 confitenti
3324 5614 3619 5672 remissio-

1969 5721 2103 5763 nem
2135 5700 2379 5777 porrigit
2394 5700 2784 5771 peccatorum,
2802 5696 2849 5751 si
2874 5714 3312 5769 perseveravero
3336 5702 3617 5763 divinitus

1968 5795 2290 5871 castigatus
2337 5792 2496 5848 certa
2541 5786 2602 5845 in
2650 5785 3060 5851 emendatione
3106 5806 3361 5853 morum.
3394 5792 3617 5874 Scripsi
