3900 6434
294 525 382 597 il

1381 529 1719 607 EBBONIS
1759 527 2113 592 EPISCOPI
2140 528 2634 591 ~RHEMENSIS.

1118 95 2624 123 m—

3638 532 3735 593 46

303 658 506 733 utique
534 661 595 719 in
625 679 741 735 quo
771 666 927 737 apud
958 665 1144 722 Deum
1190 682 1307 721 non
1359 666 1573 734 corrui,
1605 667 1708 723 sed
1756 664 1950 738 potius
1977 664 2036 733 Α
2066 664 2300 720 nonnisi
2333 664 2459 721 sine
2490 671 2726 739 peccato
2751 681 3110 738 quemquam
3129 667 3409 722 damnare
3428 667 3733 739 acquievit

300 746 512 833 humili
541 752 941 810 satisfactione
977 755 1267 823 convalui,
1301 760 1359 811 et
1407 756 1528 811 haec
1577 755 1660 811 ita
1703 755 1823 812 vim
1871 755 1954 811 fa-

302 837 593 900 cientibus
622 841 781 897 edita
810 842 1019 913 obtuli,
1042 842 1180 915 quia
1210 847 1404 900 certus
1434 861 1589 913 sum,
1618 847 1677 900 et
1709 844 1830 900 scio
1862 842 1955 898 cui

302 932 524 990 credidi
560 930 765 989 dicens
798 949 812 987 :
844 933 965 1005 Ego
1013 934 1134 988 Ebo
1164 932 1446 1006 indignus
1476 933 1808 1006 episcopus,
1845 938 1954 989 etc.

311 1021 438 1081 Vide
466 1022 881 1093 confessionem,
911 1039 1100 1095 supra.

372 1110 433 1168 Si
467 1108 600 1183 quis
631 1126 765 1168 vero
798 1128 902 1184 per
932 1110 1254 1168 salutarem
1286 1112 1438 1168 hanc
1469 1112 1528 1167 in
1553 1111 1845 1184 pressuris
1877 1127 1962 1167 re-

300 1202 527 1274 pertam
560 1199 1015 1273 conscriptionis
1049 1200 1363 1257 formulam
1409 1218 1502 1258 me
1552 1202 1959 1258 damnandum

301 1287 639 1358 decreverit,
654 1287 926 1346 similiter
954 1293 1012 1346 et
1042 1289 1101 1345 in
1126 1289 1401 1346 omnibus
1429 1290 1663 1363 scriptis
1688 1290 1836 1347 meis
1868 1306 1962 1347 me

296 1376 639 1451 opprimere
668 1377 907 1452 poterit,
936 1376 997 1434 in
1029 1378 1248 1451 quibus
1282 1396 1588 1452 nunquam
1620 1397 1715 1436 me
1735 1379 1961 1452 justiﬁ-

296 1482 394 1537 eo,
427 1465 531 1524 sed
560 1482 797 1539 semper
822 1465 1140 1541 indignum
1190 1467 1534 1542 episcopum
1581 1469 1963 1526 subscribens

304 1553 527 1629 ubique
555 1555 994 1614 denuntio.Nec
1023 1560 1224 1614 tamen
1256 1574 1348 1614 me
1371 1556 1431 1615 in
1464 1558 1573 1615 hac
1595 1560 1801 1616 eadem
1830 1558 1964 1616 sub-

296 1641 625 1715 scriptione
655 1642 812 1701 ullus
839 1643 1183 1702 violatorem
1216 1650 1318 1702 aut
1362 1647 1706 1703 mendacem
1758 1647 1964 1720 depre-

298 1730 560 1790 hendere
589 1732 806 1805 poterit
838 1750 852 1791 :
888 1734 1028 1805 quia
1058 1751 1228 1790 nemo
1252 1736 1330 1789 ibi
1365 1740 1569 1808 postea
1598 1736 1797 1792 utilior
1826 1752 1967 1807 pras-

304 1820 549 1891 fuit,sed
578 1822 853 1894 septenni
885 1824 1068 1879 ferme
1099 1824 1209 1879 sub
1240 1826 1595 1896 pmnitcntiea
1628 1826 1964 1898 spatio,quo

298 1908 366 1967 in
397 1915 603 1968 sancta
632 1911 893 1968 Ecclesia
941 1919 1318 1985 peccatorum
1369 1915 1789 1986 paenitentibus
1839 1914 1965 1971 fieri

2064 755 2245 824 (Joan.
2276 770 2401 823 VIIX,
2434 754 2490 823 3)
2523 770 2535 810 :
2571 770 2687 827 quo
2720 754 2955 827 pietatis
2984 755 3249 827 exemplo
3296 760 3731 827 compunctum

2067 844 2241 899 corde
2292 861 2407 899 non
2458 845 2831 913 mortiﬁcare,
2875 846 2975 900 sed
3026 844 3486 901 misericordiam
3533 846 3734 919 magis

2066 950 2247 1005 quam
2280 933 2637 989 sacriﬁcium
2678 951 2739 989 se
2789 933 2934 989 velle
2987 934 3336 991 monstravit
3365 936 3506 1003 (Ose.
3534 953 3613 1004 vi,
3649 936 3733 1007 6).

2069 1022 2453 1079 Publicanum
2475 1023 2767 1095 siquidem
2783 1024 3046 1095 scipsum
3070 1027 3444 1079 accusantem
3464 1042 3581 1079 non
3597 1042 3740 1080 con-

2070 1112 2369 1167 demnavit
2417 1114 2567 1178 (Luc.
2619 1130 2779 1179 xvm,
2830 1114 2939 1184 13),
2988 1113 3093 1168 sed
3140 1112 3330 1185 magis
3353 1114 3735 1185 justiﬁcavit,

2072 1218 2176 1256 nec
2208 1201 2523 1273 oppressit,
2559 1202 2663 1257 sed
2695 1201 2921 1266 extulit,
2955 1219 3089 1257 cum
3133 1219 3250 1258 non
3284 1203 3428 1258 dixit
3461 1220 3476 1258 :
3511 1206 3627 1276 Qui
3676 1220 3737 1260 se

2070 1290 2333 1346 humiliat
2360 1290 2868 1359 condemnabitur,
2904 1291 3007 1346 sed
3052 1291 3387 1347 excitabitur
3424 1293 3576 1362 (Luc.
3609 1311 3732 1361 xxv,

2073 1380 2184 1448 11).
2219 1379 2575 1436 Semivivum
2606 1379 2881 1435 similiter
2912 1385 3275 1453 prostratum
3307 1398 3423 1437 non
3470 1379 3735 1452 respuit,

2072 1470 2174 1526 sed
2206 1470 2641 1541 procurandum
2656 1468 2876 1525 sanctis
2897 1469 3237 1526 stabulariis
3266 1469 3485 1543 ligandi
3509 1469 3739 1527 solven-

2074 1559 2251 1631 dique
2281 1563 2631 1631 potestatem
2682 1558 3035 1615 habentibus
3085 1558 3403 1627 commisit,
3454 1564 3511 1615 et
3553 1576 3739 1631 super

2074 1648 2272 1704 divina
2300 1653 2538 1719 accepta
2565 1648 2942 1704 denariorum
2976 1647 3285 1718 reparandi
3307 1664 3556 1703 munera
3574 1664 3738 1704 com-

2075 1736 2345 1809 passionc
2390 1736 2621 1808 proprie
2668 1735 2973 1791 condolere
3024 1752 3125 1807 pro
3178 1739 3402 1791 uternis
3442 1734 3737 1791 mercedis
3820 1778 3825 1781 .

2075 1826 2237 1883 lucro
2270 1826 2636 1882 commonuit
2666 1824 2866 1880 dicens
2904 1843 2915 1877 :
2971 1824 3332 1897 Quodcunque
3379 1841 3738 1897 supereroga-

2072 1919 2237 1982 veris,
2270 1932 2364 1987 ego
2393 1932 2519 1969 cum
2565 1914 2793 1979 rediero,
2832 1912 3055 1967 reddam
3103 1913 3204 1968 tibi
3237 1914 3388 1983 (Luc.
3423 1931 3478 1981 x,
3513 1913 3737 1985 30-35).

288 1998 453 2056 .solet
485 1999 1090 2073 remissio,patienter
1121 2007 1483 2073 exspectans,
1518 2003 1738 2058 nemini
1771 2020 1969 2060 conse-
1999 2039 2047 2106 Β
2072 2004 2347 2061 Davidica
2378 2004 2593 2075 quippe
2626 2003 2998 2074 compunctio
3026 2008 3458 2069 momentanea,
3495 2020 3609 2058 non
3643 2002 3742 2057 de-

311 2087 594 2146 orationis
633 2087 715 2144 ibi
746 2089 1093 2161 dignitatem
1144 2090 1445 2163 impedivi.
1478 2092 1653 2147 Nolite
1699 2110 1844 2164 ergo,
1880 2093 1970 2149 di-

310 2180 479 2233 cente
508 2176 757 2233 Domino
787 2178 905 2234 Deo
938 2183 1162 2249 nostro,
1191 2180 1573 2247 condemnare,
1604 2190 1656 2238 et
1699 2199 1814 2239 non
1841 2198 1971 2238 con-

314 2264 720 2322 demnabimini
748 2285 765 2322 :
798 2268 858 2323 in
882 2284 986 2340 quo
1015 2272 1162 2324 enim
1188 2270 1405 2341 judicio
1441 2270 1848 2342 judicaveritis,
1872 2274 1970 2345 ju-

304 2353 636 2412 dicabimini
666 2357 821 2426 (Luc.
859 2374 936 2425 vx,
967 2359 1081 2428 37).

380 2443 744 2518 Conscriptio
772 2445 973 2521 itaque
1002 2447 1123 2503 haec
1156 2449 1402 2505 diversis
1437 2451 1971 2521 necessitatibus,id

311 2538 426 2605 est,
448 2532 801 2592 delictorum
831 2536 920 2593 vel
949 2538 1429 2610 persequentium
1476 2541 1782 2597 occasione
1832 2557 1972 2597 con-

319 2624 494 2697 fecta,
524 2621 576 2681 si
599 2624 793 2682 adhuc
825 2624 1243 2683 scandalizanti
1275 2627 1449 2684 alicui
1479 2629 1825 2702 scrupulum
1872 2646 1972 2703 ge-

316 2717 511 2782 nerat,
540 2713 950 2772 universorum
975 2715 1057 2771 ibi
1088 2733 1287 2788 quasso
1324 2717 1636 2774 verborum
1683 2720 1972 2776 rationem

321 2801 625 2874 discutiat,
651 2802 713 2859 in
744 2819 863 2876 qua
891 2808 1050 2861 certo
1070 2804 1318 2861 crimine
1348 2805 1775 2877 invento,unde
1807 2825 1973 2865 cano-

319 2889 456 2948 nica
482 2891 593 2948 rite
620 2896 910 2966 sequatur
939 2893 1262 2964 damnatio,
1282 2895 1446 2966 juste
1493 2913 1737 2969 precor;
1769 2901 1827 2953 et
1854 2914 1974 2953 non

319 2979 497 3037 livide
517 2979 751 3054 judicet
779 2982 1138 3055 proximum,
1151 2983 1413 3056 dumque
1434 3000 1499 3041 se
1518 2985 1775 3042 mstimat
1794 2989 1972 3056 stare,

313 3068 511 3127 videat
539 3087 611 3129 ne
641 3071 837 3141 cadat,
867 3072 1009 3145 quia
1034 3070 1252 3129 lividus
1272 3073 1458 3144 judex
1486 3074 1774 3133 festucam
1802 3076 1866 3132 in
1897 3074 1978 3133 al-

308 3157 505 3216 terius
534 3176 804 3233 querens
831 3162 1085 3234 trabem,
1114 3161 1176 3219 in
1229 3179 1337 3220 suo
1387 3180 1764 3238 nequaquam
1796 3165 1977 3222 sentit

314 3248 506 3307 oculo.
534 3250 690 3308 Luce
718 3249 938 3307 clarius
968 3268 1224 3325 namque
1254 3252 1535 3311 canonica
1565 3254 1751 3327 fulget
1780 3259 1976 3312 aucto-

315 3337 485 3409 ritas,
511 3340 673 3412 quod
706 3339 860 3397 sicut
889 3339 1018 3397 sine
1047 3346 1205 3397 certo
1236 3341 1482 3399 crimine
1511 3344 1791 3401 canonice
1820 3361 1975 3400 nun-

2072 2097 2392 2167 jectionem
2425 2094 2525 2149 sed
2560 2092 3060 2164 recuperationem
3096 2092 3330 2147 meruit.
3367 2092 3564 2148 Sancti
3595 2108 3747 2163 quo-

2081 2201 2194 2258 que
2242 2182 2492 2256 apostoli
2542 2182 2614 2237 de
2665 2180 2956 2253 promissa
2985 2198 3052 2236 ac
3082 2180 3328 2236 urentita
3359 2180 3418 2235 in
3463 2179 3744 2252 passione

2081 2273 2533 2347 perseverantia,
2565 2276 2698 2344 post
2729 2270 3217 2326 resurrectionem
3245 2286 3380 2325 vero
3420 2270 3492 2324 de
3539 2268 3741 2324 stulti-

2081 2363 2185 2431 tia,
2217 2368 2277 2418 et
2320 2361 2734 2417 incredulitate
2783 2358 2871 2414 vel
2921 2358 3113 2414 cordis
3146 2357 3364 2415 duritia
3400 2357 3687 2431 increpati
3720 2374 3737 2413 :

2081 2454 2232 2510 Petri
2264 2452 2441 2508 etiam
2474 2449 2704 2523 negatio
2735 2448 3085 2505 contritione
3115 2447 3308 2504 cordis
3338 2450 3604 2520 purgata.
3632 2446 3743 2502 Ne-

2082 2558 2381 2614 quaquam
2426 2541 2737 2596 damnatos
2786 2538 2916 2605 hos,
2967 2552 3169 2593 verum
3218 2536 3394 2592 etiam
3444 2539 3742 2592 correctos

2082 2631 2467 2704 pristinisque
2499 2627 2888 2701 dignitatibus
2923 2627 3226 2682 restitutos
3257 2643 3371 2681 non
3418 2624 3610 2682 solum
3642 2641 3741 2681 ce-

2080 2720 2290 2789 lebrat,
2323 2719 2423 2774 sed
2455 2718 2652 2791 potius
2683 2718 2753 2772 de
2785 2714 3150 2789 reparatione
3179 2714 3480 2786 lapsorum
3505 2713 3742 2770 imitan-

2082 2810 2155 2865 do
2204 2807 2490 2883 gloriatur
2553 2807 2770 2878 ubique
2820 2805 3019 2879 gavisa
3068 2810 3272 2861 sancta
3309 2803 3410 2859 Dei
3454 2802 3738 2860 Ecclesia.

2083 2899 2364 2955 Moderna
2391 2895 2666 2969 equidem
2696 2895 3046 2951 auctoritate
3084 2892 3349 2966 palatina
3396 2890 3740 2964 compulsos

2083 2989 2144 3044 in
2191 2986 2485 3060 angustiis
2534 2985 2605 3041 ad
2655 2983 3049 3040 monasticum
3090 2982 3431 3056 pmnitentis
3463 2980 3741 3036 habitum

2084 3078 2395 3148 utriusque
2427 3091 2600 3131 sexus
2630 3072 2832 3144 laicos,
2852 3072 3109 3144 itemque
3138 3087 3280 3144 pace
3310 3070 3538 3127 reddita
3557 3069 3743 3127 redis-

2082 3184 2146 3225 se
2194 3167 2267 3224 ad
2319 3169 2541 3222 statum
2590 3161 2788 3219 saeculi
2839 3161 3156 3235 pristinum
3184 3159 3571 3215 manifestum
3601 3162 3738 3225 est;

2083 3274 2198 3330 quo
2228 3255 2404 3312 etiam
2436 3254 2555 3309 ritu
2588 3251 2818 3308 nullum
2848 3267 2977 3307 esse
3005 3250 3259 3306 dedecus
3289 3251 3541 3319 constat,
3566 3247 3619 3303 si
3650 3246 3739 3302 of-

2084 3347 2285 3403 fensus
2325 3342 2571 3400 clericus
2623 3345 2757 3413 post
2799 3339 3081 3396 humilem
3125 3337 3588 3394 satisfactionem
3640 3335 3739 3392 sui

314 3443 499 3500 quam
528 3428 805 3500 dejicitur
834 3429 1255 3502 episcopus,ita
1283 3448 1388 3486 nec
1419 3431 1789 3488 absolutione
1805 3449 1975 3505 spon-
2003 3415 2046 3482 (ἶ
2085 3434 2349 3491 debitum
2382 3431 2722 3489 clericatum
2754 3432 3074 3500 recuperat.

306 3519 513 3586 itanea,
542 3516 702 3589 quod
732 3516 933 3573 minus
962 3516 1219 3573 violenta
1256 3518 1496 3575 alterius
1545 3520 1658 3575 sub
1707 3522 1976 3578 custodia

314 3608 441 3662 noni
458 3603 605 3661 licet
629 3604 899 3660 recedere
920 3604 1261 3677 episcopum
1292 3606 1419 3662 sine
1435 3605 1707 3663 concordi
1728 3625 1977 3679 praesen-

306 3691 422 3763 )tia,
451 3691 544 3750 |vel
573 3708 870 3750 consensu
900 3692 1116 3750 civium
1146 3693 1541 3751 subditorum.

378 3781 668 3840 Prmalet
695 3799 834 3857 ergo
865 3783 1075 3839 merito
1106 3782 1167 3839 in
1199 3782 1477 3840 omnibus
1505 3782 1599 3840 his
1628 3782 1971 3841 ecclesiasti-

302 3887 387 3929 ca
407 3872 676 3946 repetitio
699 3889 889 3946 supra
916 3889 1303 3946 quascunque
1332 3871 1479 3929 alias
1529 3872 1973 3931 adinventiones

304 3959 597 4019 violentas
626 3966 731 4019 aut
756 3962 978 4035 libitas,
1012 3979 1124 4019 sua
1151 3962 1342 4035 magis
1375 3980 1555 4035 quam
1584 3963 1726 4020 Jesu
1756 3963 1973 4020 Christi

301 4050 724 4123 querentium.
756 4051 928 4109 Juste
957 4067 1094 4125 ergo
1138 4051 1489 4122 judicantur
1536 4052 1737 4108 omnia
1780 4052 1968 4123 irrita,

300 4156 678 4216 quacunque
700 4159 816 4199 non
846 4142 1081 4198 fuerant
1107 4141 1453 4198 auctoritate
1486 4141 1767 4199 canonica
1797 4142 1970 4198 undi-

300 4245 427 4303 que
456 4229 624 4289 fulta.
638 4231 991 4289 Fidissimus
1020 4231 1271 4303 denique
1302 4235 1386 4287 tot
1418 4231 1754 4304 tabilusque
1776 4233 1971 4304 praesi-

302 4318 872 4378 dﬁsecclesiasticis
901 4338 967 4377 ac
999 4321 1240 4377 statutis
1288 4321 1601 4393 prmsentia
1649 4328 1707 4377 et
1752 4326 1969 4380 aeterna

301 4409 555 4481 quasivi
583 4410 861 4479 remedia,
878 4411 1022 4466 dum
1046 4410 1225 4467 nimis
1248 4412 1493 4467 tacendo
1513 4410 1574 4466 in
1598 4415 1860 4485 tempore
1880 4412 1964 4470 lo-

306 4498 553 4570 quendi,
570 4498 864 4572 nimisque
885 4500 1176 4572 loquendo
1190 4500 1248 4556 in
1272 4505 1533 4573 tempore
1544 4501 1797 4570 tacendi,
1811 4501 1967 4558 inter

302 4591 518 4645 catam
529 4588 946 4661 memctipsum
970 4589 1141 4645 noxia
1161 4590 1507 4661 reprehendi
1530 4590 1965 4662 contagia,divi-

308 4693 448 4735 nam
470 4679 842 4751 majestatem
862 4677 1205 4751 implorans,
1220 4682 1286 4734 ut
1299 4683 1478 4751 ponat
1501 4678 1651 4736 ultra
1663 4678 1965 4736 custodiam

2155 3523 2339 3595 Igitur
2370 3538 2505 3578 nam
2529 3518 2858 3577 manifestis
2880 3516 3019 3573 Novi
3038 3532 3103 3571 ac
3117 3512 3345 3570 Veteris
3367 3514 3735 3570 Testamenti

2082 3612 2297 3672 divinis
2316 3610 2485 3666 nobis
2508 3610 2762 3666 ostensis
2785 3605 3198 3663 beneficiorum
3211 3602 3733 3675 exemplis,adjam

2084 3701 2302 3756 dictam
2350 3698 2523 3771 vulgo
2571 3704 2773 3755 notam
2820 3693 3278 3752 satisfactionem
3320 3690 3609 3748 humilem
3639 3708 3735 3748 me

2082 3790 2325 3845 devotus
2343 3787 2551 3856 obtuli,
2566 3804 2632 3844 eo
2650 3786 2806 3858 quod
2826 3782 3327 3856 recuperationem
3351 3780 3541 3854 magis
3552 3797 3732 3852 quam

2083 3876 2521 3934 damnationem
2551 3890 2815 3946 unquam
2827 3874 2900 3929 ab
2917 3873 3085 3929 initio
3100 3887 3332 3943 semper
3350 3868 3595 3925 humilis
3616 3886 3735 3926 me-

2081 3968 2201 4023 ruit
2232 3965 2573 4022 satisfactio.
2609 3964 2927 4035 Postquam
2957 3978 3090 4017 vero
3121 3959 3585 4034 persecutionem
3607 3974 3736 4017 sue-

2081 4057 2321 4113 cedente
2352 4054 2556 4110 offensi
2591 4051 2872 4125 principis
2903 4050 3155 4124 glorioso
3185 4049 3413 4105 hmrede
3461 4047 3731 4105 Lothario

2080 4147 2322 4211 Caesare,
2346 4161 2479 4198 mox
2510 4141 2655 4197 mihi
2687 4139 3083 4197 ecclesiastica
3114 4138 3384 4194 restituta
3399 4141 3488 4193 est
3503 4152 3733 4193 concor-

2079 4237 2268 4304 dia,ct
2298 4237 2600 4288 vacantem
2631 4230 3170 4301 Ecclesiam,quam
3199 4227 3494 4300 quondam
3515 4225 3728 4282 violen-

2076 4332 2163 4381 ter
2194 4323 2505 4379 amiseram
2531 4320 2985 4388 inveniens,non
3014 4315 3552 4390 praesumptiye,sed
3576 4332 3728 4387 repe-

2074 4413 2335 4470 tentibus
2364 4412 2441 4467 ibi
2463 4410 2682 4467 sanctis
2699 4408 3004 4465 ordinibus
3026 4406 3222 4463 debito
3244 4409 3581 4478 septennem
3610 4404 3725 4461 fere

2075 4508 2209 4576 post
2237 4500 2695 4557 satisfactionem
2728 4496 3371 4569 recepi,assistontibus
3401 4511 3534 4550 cum
3565 4494 3720 4566 prin-

2073 4594 2200 4663 cipe
2232 4588 2561 4661 magnificis
2591 4582 3516 4660 prmsulibusplurimis,quorum
3535 4584 3722 4637 aucto~

2074 4682 2245 4736 ritate
2264 4678 2529 4734 omnium
2549 4679 2870 4744 revocatus,
2887 4673 3037 4729 hanc
3052 4672 3490 4728 cunctationem
3511 4670 3715 4726 futuris

300 4769 394 4825 ori
416 4784 559 4836 meo,
588 4776 642 4826 et
667 4770 867 4825 ostium
912 4770 1341 4824 circumstantiw
1382 4764 1544 4824 laliiis
1574 4770 1729 4823 meis.
1762 4768 1839 4825 Ne
1867 4768 1957 4825 de-
1988 4790 2036 4854 D
2071 4767 2436 4840 temporibus
2480 4765 2861 4833 recitandum,
2897 4762 3131 4834 scriptis
3162 4762 3254 4818 his
3299 4758 3712 4854 memoralibus

303 4857 472 4914 clins:
499 4872 591 4915 eor
617 4874 801 4916 meum
830 4859 892 4914 in
922 4858 1086 4914 verba
1112 4858 1344 4913 malitia:
1392 4857 1463 4913 ad
1489 4858 1829 4913 excusandas
1858 4875 1955 4915 ex-

305 4949 609 5004 cusationes
638 4950 702 5003 in
724 4950 959 5020 peccatis
988 4965 1007 5002 :
1039 4947 1140 5004 sed
1173 4948 1437 5018 corripiat
1480 4964 1566 5002 me
1601 4949 1784 5019 justus
1814 4964 1953 5002 sem-

298 5050 401 5106 per
426 5038 487 5090 in
514 5036 892 5093 misericordia
925 5036 1096 5106 (Psat.
1131 5051 1254 5102 CXL,
1286 5036 1340 5089 3.
1368 5036 1447 5103 6).
1482 5034 1627 5090 Cum
1657 5036 1814 5090 enim
1849 5052 1954 5090 nec

293 5122 529 5193 justum
555 5123 668 5179 nisi
695 5125 755 5178 in
804 5123 1207 5180 misericordia
1235 5127 1405 5179 sanat
1435 5123 1721 5194 corripere
1759 5124 1957 5178 divina

298 5211 564 5283 potentia
597 5228 609 5265 :
646 5213 937 5283 quomodo
968 5217 1241 5284 peccator
1271 5217 1634 5283 peccatorem
1674 5213 1955 5268 damnare

299 5298 458 5359 licita
478 5300 703 5372 poterit
732 5301 928 5357 divina
957 5300 1085 5358 sine
1114 5300 1373 5356 vindicta
1393 5302 1420 5357 ?
1453 5302 1739 5357 Dominus
1751 5300 1954 5372 utique

302 5384 1133 5447 dominantium‘mcretricem
1155 5389 1441 5461 legalibus
1474 5390 1660 5463 poenis
1690 5391 1951 5462 dignam,

2066 4862 2125 4915 in
2158 4857 2431 4913 universa
2462 4852 2720 4910 Ecclesia
2751 4853 2850 4908 Dei
2875 4851 3166 4908 catholica
3195 4849 3564 4907 manifestam
3591 4848 3711 4903 ﬁeri

2065 4946 2307 5020 placuit,
2340 4951 2395 5000 et
2426 4945 2697 5001 sinistras
2718 4941 3022 5014 opiniones
3046 4941 3325 4997 falsorum
3344 4939 3590 4994 fratrum
3608 4936 3711 4992 hac

2065 5042 2221 5093 certa
2253 5036 2492 5090 veritate
2524 5033 2750 5105 prolata
2779 5030 3228 5097 delerc,sanctis
3246 5027 3511 5100 verisque
3527 5025 3710 5081 fratri-

2065 5126 2175 5183 bus
2209 5125 2267 5178 in
2302 5123 2394 5177 his
2426 5124 2703 5178 omnibus
2735 5122 3073 5177 satisfacere
3124 5118 3337 5184 decuit,
3381 5122 3439 5172 et
3483 5115 3615 5188 plus
3644 5116 3711 5171 de

2064 5215 2253 5287 gratia
2286 5212 2746 5283 recuperatiouis
2771 5210 3135 5283 congauderc
3168 5224 3343 5279 quam
3368 5207 3438 5261 de
3460 5206 3713 5277 nequitia

2063 5302 2465 5359 damnationis
2497 5300 2712 5370 dolere,
2743 5316 3063 5373 suggerens
3100 5297 3275 5369 (sicut
3296 5294 3573 5368 oportuit)
3604 5294 3710 5351 fes-

2063 5393 2184 5449 tiva
2213 5392 2334 5448 hzcc
2366 5391 2659 5448 restitutio
2692 5390 2808 5447 Deo
2841 5388 3033 5460 dignis
3065 5386 3316 5459 posteris
3360 5384 3709 5459 procurabit.
