3900 6378
186 437 275 498 ⁴47
1405 436 1955 541 DEPOSITIONIS
2000 439 2048 499 N
2060 440 2433 504 ARRATIO.
3555 441 3634 517 {8

194 603 3627 634 W

787 746 1392 883 NARBATIO
1452 745 2219 838 CLERICORUM
2292 752 3038 865 RHEMENSUM,

192 929 479 1017 Qualiter
525 930 688 1017 Esse
737 928 1119 1017 Ithemorum
1171 927 1716 1017 archiepiscopus,
1742 924 1913 1017 quod
1965 926 2034 1017 in
2072 928 2479 1017 .L_udovieum
2531 933 2711 1017 Pium
2760 934 2923 1014 imp.
2989 935 3485 1017 conspiraverat,
3546 939 3628 1002 ab

191 1041 199 1047 -
276 1009 589 1091 episcopis
618 1008 941 1091 depositus
972 1028 1137 1070 anno
1167 1009 1309 1083 835,
1344 1006 1574 1088 etpost
1602 1008 1798 1087 ipsius
1848 1006 2147 1068 Ludovici
2200 1018 2469 1072 mortem
2523 1013 2654 1073 sedi
2706 1033 2836 1075 suae
2860 1006 2876 1014 ’
2900 1006 3245 1091 restitutus,
3281 1036 3353 1079 ac
3401 1006 3625 1081 deinde

277 1091 508 1150 iterum
541 1089 823 1168 dejectus
855 1096 967 1151 est.
1036 1118 1043 1125 ’

1428 1214 1732 1273 (Duchesn.,
1756 1210 1955 1273 Script.
1989 1213 2109 1263 Rer.
2144 1215 2352 1277 Franc.)

1712 1334 2106 1353 ἢ

264 1415 579 1471 Deserente
609 1413 769 1469 omni
793 1414 1006 1487 populo
1033 1412 1392 1469 Ludovicum
1418 1414 1852 1484 imperatorem,
1886 1409 1941 1476 Α
1972 1414 2297 1470 remedium
2349 1415 2687 1485 paenitendi,
2716 1422 2769 1472 et
2816 1417 3065 1474 salutem
3116 1420 3322 1476 animae
3362 1438 3524 1493 meae,
3557 1426 3625 1482 ut

191 1508 248 1560 et
278 1506 623 1558 transeunte
647 1502 717 1558 ad
744 1502 927 1557 ﬁlium
954 1503 1081 1573 ejus
1106 1502 1467 1568 Lotharium,
1486 1502 1645 1557 Ebbo
1676 1500 1854 1556 etiam

190 1591 503 1664 episcopus
534 1590 686 1647 inter
716 1608 813 1647 eos
846 1593 915 1647 ad
952 1591 1224 1648 eumdem
1258 1606 1319 1645 se
1352 1589 1597 1646 contulit
1640 1589 1855 1645 Lotha-

189 1680 369 1737 rium.
390 1680 497 1748 Qui
530 1681 754 1737 scilicet
786 1681 1097 1736 Lotharius
1128 1682 1364 1735 veniens
1398 1698 1499 1751 per
1528 1678 1855 1750 imperialia

186 1769 682 1849 palatia,adduxit
711 1787 910 1826 secum
936 1775 1163 1843 patrem
1186 1786 1363 1825 suum
1385 1786 1572 1841 usque
1594 1769 1855 1824 Suessio-

186 1860 281 1919 nis
312 1860 386 1915 ad
408 1859 836 1916 monasterium
861 1860 918 1915 S.
941 1859 1230 1926 Medardi;
1259 1859 1456 1931 ibique
1477 1858 1851 1914 hortantibus

183 1953 241 2006 et
289 1949 646 2021 jubentibus
705 1947 928 2004 caateris
984 1947 1299 2020 episcopis,
1329 1964 1431 2003 seu
1492 1946 1850 2019 primoribus

180 2037 370 2111 regni,
409 2041 646 2093 coactus
675 2041 766 2092 est
797 2036 978 2103 Ebbo,
1012 2034 1150 2108 quia
1181 2035 1240 2090 iu
1275 2034 1510 2091 dioecesi
1541 2036 1668 2106 ejus
1700 2022 1849 2099 erat:

178 2126 264 2182 illi
294 2125 601 2198 imponere
630 2123 928 2198 publicam
962 2123 1388 2197 pcenitentiam.
1409 2123 1572 2180 Uude
1604 2122 1847 2178 nimiam

176 2218 235 2272 et
262 2218 611 2288 perpetuam
638 2214 768 2286 ejus
785 2213 1032 2270 incurrit
1057 2212 1362 2268 offensam.
1391 2212 1531 2268 Inde
1560 2228 1695 2268 vero
1715 2210 1846 2284 plu-

177 2303 333 2359 rima
363 2320 501 2376 pars
534 2319 841 2376 procerum
873 2319 939 2358 ac
972 2301 1171 2374 populi
1204 2306 1505 2358 verterunt
1544 2318 1606 2356 se
1634 2301 1846 2356 iterum

178 2392 252 2448 ad
270 2392 401 2463 jam
424 2392 645 2447 dictum
676 2392 1113 2464 imperatorem,
1132 2392 1467 2448 deserentes
1497 2391 1626 2462 ejus
1656 2390 1845 2447 ﬁlium

181 2480 553 2548 Lotharium,
580 2484 639 2536 et
671 2479 1059 2536 restituerunt
1086 2496 1221 2535 eum
1253 2479 1313 2534 in
1343 2479 1659 2553 imperium
1689 2480 1845 2553 apud

182 2569 613 2626 monasterium
643 2569 703 2625 S.
740 2568 1022 2641 Dionysii.
1076 2568 1414 2624 Morabatur
1457 2573 1655 2625 autem
1706 2572 1846 2625 tunc

180 2658 469 2732 temporis
498 2657 660 2713 Ebbo
692 2657 1005 2730 episcopus
1055 2658 1113 2712 in
1155 2658 1508 2714 monasterio
1540 2658 1598 2713 S.
1630 2657 1843 2725 Basoli,

1968 1500 2295 1558 recederem
2328 1502 2399 1558 ab
2433 1504 2622 1561 efﬁcio
2670 1510 2722 1559 et
2773 1505 3099 1589 ministerio
3144 1509 3483 1581 pontiﬁcali,
3508 1527 3623 1585 quo

1965 1604 2058 1645 me
2091 1606 2441 1663 recognosco
2474 1609 2601 1648 esse
2634 1596 2969 1667 indignum,
3002 1601 3058 1650 et
3088 1597 3349 1655 alienum
3382 1616 3476 1656 me
3499 1602 3625 1658 red-

1965 1678 2131 1748 dens,
2157 1697 2260 1752 pro
2294 1682 2553 1737 rentibus
2586 1683 2752 1751 meis,
2772 1684 2828 1738 in
2861 1685 3079 1757 quibus
3111 1703 3204 1743 me
3229 1703 3504 1760 peccasse
3532 1705 3623 1748 se-

1963 1772 2118 1823 creto
2152 1769 2269 1825 illis
2302 1772 2607 1827 confessus
2638 1790 2793 1839 sum,
2814 1789 2883 1829 eo
2916 1774 3141 1831 scilicet
3169 1777 3366 1847 modo,
3398 1782 3465 1834 ut
3510 1778 3626 1852 ipsi

1962 1863 2101 1912 sunt
2132 1862 2311 1915 testes
2343 1859 2521 1916 alium
2560 1863 2912 1918 succedendi
2935 1868 2991 1917 et
3011 1867 3389 1923 consecrandi
3415 1869 3625 1924 subro-

1958 1948 2255 2020 gandique
2275 1948 2332 2004 in
2356 1948 2482 2005 loco
2505 1966 2654 2019 meo,
2674 1950 2776 2023 qui
2800 1952 2976 2025 digne
2997 1971 3245 2026 prazesse
3265 1960 3322 2013 et
3341 1958 3622 2029 prodesse

1959 2034 2145 2105 possit
2172 2035 2573 2104 Ecclesia),cui
2608 2038 2893 2096 hactenus
2914 2039 3193 2114 indiguus
3213 2044 3446 2115 prazfui;
3479 2048 3537 2101 et
3556 2049 3625 2101 ut

1959 2122 2095 2179 inde
2124 2124 2279 2181 ultra
2294 2126 2519 2182 uullam
2540 2128 2950 2200 repetitionem
2969 2134 3072 2185 aut
3091 2130 3625 2204 interpellationem

1957 2213 2300 2270 auctoritate
2332 2216 2614 2271 canonica
2660 2216 2847 2273 facere
2893 2218 3335 2289 valeam,manu
3383 2223 3622 2294 propria
3666 2254 3673 2265 π

1956 2318 2087 2357 mea
2114 2304 2495 2361 subscribens
2519 2305 2809 2363 ﬁrmati.»
2838 2310 3095 2374 Quorum
3122 2308 3365 2366 testium
3379 2308 3468 2367 vel
3490 2328 3623 2367 con-

1954 2390 2244 2448 fessorum
2278 2393 2685 2450 testimonium
2726 2395 2787 2452 in
2817 2396 3191 2454 successione
3233 2403 3291 2454 et
3321 2396 3382 2455 in
3424 2414 3623 2457 cense.

1956 2482 2215 2537 oratione
2262 2483 2504 2539 alterius
2554 2483 2755 2541 nullus
2800 2502 3066 2557 unquam
3125 2486 3451 2559 requisivit,
3484 2504 3621 2549 eum

1954 2570 2133 2626 etiam
2168 2589 2322 2628 unus
2353 2589 2580 2639 eorum,
2614 2574 2954 2630 Badaradus
3006 2574 3245 2645 scilicet,
3280 2575 3341 2632 in
3383 2577 3619 2635 restitu-

1955 2659 2111 2716 tione
2135 2660 2393 2718 Ebbonis
2423 2660 2616 2718 fuerit.

181 2747 696 2821 infraparochiam
717 2744 1392 2815 Rhemensem,claudus
1410 2749 1656 2819 utroque
1680 2747 1844 2819 pede.
1877 2777 1925 2844 Β
2029 2748 2217 2805 Finito
2269 2754 2465 2806 autem
2515 2750 2784 2817 concilio,
2819 2753 3097 2808 reductus
3155 2758 3242 2810 est
3299 2755 3411 2812 sub
3459 2759 3625 2815 arcta

182 2841 240 2892 et
269 2837 458 2892 nimia
489 2836 745 2891 afﬂictus
779 2834 1140 2890 inﬁrmitate.
1167 2836 1407 2891 Timens
1427 2852 1562 2890 vero
1584 2834 1723 2907 quia
1743 2850 1849 2892 nec

182 2943 319 2981 cum
351 2924 629 2980 Lothario
661 2923 815 2979 exire
838 2927 1083 2994 poterat,
1110 2940 1215 2978 nec
1237 2924 1502 2978 animum
1532 2924 1846 2995 imperato-

181 3014 261 3070 ris
293 3015 611 3070 adversum
647 3029 708 3066 se
738 3011 1062 3082 quidquam
1096 3011 1423 3067 emollitum
1456 3011 1727 3077 habebat,
1754 3027 1846 3077 ne,

177 3104 335 3159 sicut
384 3100 489 3156 tali
539 3100 773 3155 turbine
825 3099 1038 3155 furoris
1087 3100 1212 3155 fieri
1264 3099 1430 3166 solet,
1464 3099 1753 3156 alevibus
1792 3103 1851 3155 et

176 3188 641 3263 indisciplinatis
662 3188 1205 3261 hominibus,quasi
1228 3206 1331 3261 pro
1354 3188 1634 3244 ﬁdelitate
1646 3189 1847 3244 domui

176 3276 554 3353 imperatoris
584 3272 945 3349 perderetur;
956 3277 1139 3348 jussit
1159 3294 1220 3331 se
1245 3277 1539 3349 deportari
1562 3278 1633 3331 ad
1653 3293 1850 3349 quem~

177 3369 314 3424 dum
338 3368 588 3423 ﬂuvium
613 3365 850 3420 nomine
874 3365 1225 3433 Matronam,
1247 3365 1347 3437 qui
1370 3365 1610 3438 propius
1634 3370 1776 3435 erat,
1794 3371 1851 3423 et

179 3456 339 3513 mitti
372 3457 431 3511 in
465 3454 686 3523 navim,
707 3460 883 3527 atque
906 3454 1165 3511 Parisius
1190 3454 1261 3510 ad
1284 3456 1605 3526 quamdam
1638 3456 1847 3512 deduci

180 3545 455 3602 cellulam
487 3544 799 3616 cujusdam
832 3543 1090 3610 Reclusi,
1124 3560 1370 3617 sperans
1398 3543 1480 3599 ibi
1514 3550 1638 3600 tute
1677 3562 1849 3617 posse

184 3651 444 3703 manere,
478 3649 669 3706 usque
699 3633 845 3688 dum
879 3637 981 3689 aut
1009 3632 1277 3688 animum
1308 3632 1682 3705 imperatoris
1712 3651 1851 3707 quo-

183 3740 299 3796 quo
323 3723 502 3779 modo
522 3722 755 3795 placare
775 3720 1084 3793 potuisset,
1101 3726 1204 3778 aut
1233 3727 1467 3794 accepta
1490 3722 1744 3779 sanitate
1764 3724 1849 3779 ire

185 3817 316 3886 post
338 3811 685 3869 Lotharium
708 3801 943 3867 valeret.
960 3812 1219 3867 Audiens
1238 3829 1373 3868 vero
1395 3813 1650 3868 domnus
1670 3812 1748 3868 im
1758 3829 1849 3885 pe-

186 3906 345 3979 rator
372 3917 511 3959 eum
540 3900 682 3967 illuc
722 3901 1132 3973 transfugisse,
1167 3901 1349 3968 misit,
1384 3905 1441 3955 et
1478 3901 1665 3973 jussit
1710 3918 1847 3957 eum

184 3990 395 4047 deduci
417 3991 530 4047 sub
553 3989 822 4045 custodia
844 3990 915 4045 ad
938 3989 1181 4045 Voldam
1208 3990 1630 4046 monasterium
1650 3986 1847 4046 Sancti

185 4079 492 4147 Bonifacii,
526 4079 723 4150 ibique
755 4079 994 4145 servari,
1024 4083 1081 4134 et
1121 4082 1253 4150 post
1284 4077 1589 4134 biennium
1629 4078 1844 4135 adduci

182 4169 254 4231 ad
285 4140 794 4226 Teotouis-villam
848 4169 904 4222 in
958 4140 1231 4239 paroc‘hia
1260 4167 1551 4235 Mettensi,
1586 4166 1687 4221 ubi
1720 4172 1846 4224 erat
1874 4140 1918 4207 ρ

184 4253 465 4328 placitum
519 4256 890 4330 imperatoris
934 4254 1260 4326 publicum.
1308 4255 1700 4311 Pressentatus
1739 4273 1849 4312 au-

183 4342 300 4401 tem
332 4345 583 4403 concilio
610 4345 1041 4417 episcoporum,
1067 4347 1381 4417 accusatus
1429 4348 1520 4399 est
1560 4345 1632 4400 ab
1665 4345 1849 4416 impe-

188 4439 396 4503 ratore,
421 4441 598 4508 atque
629 4435 726 4489 diu
762 4433 961 4490 nimiis
992 4431 1315 4488 terroribus
1348 4433 1852 4501 maceratus,inito

186 4524 422 4581 tandem
441 4523 688 4581 consilio
707 4540 841 4578 cum
865 4520 1090 4578 caeteris
1107 4521 1467 4594 coepiscopis
1495 4527 1551 4578 et
1571 4521 1851 4578 fratribus

188 4611 482 4685 suis,quia
497 4613 810 4685 cpiscopus
830 4629 933 4667 nec
947 4610 1426 4682 archiepiscopus
1438 4610 1563 4668 suis
1577 4610 1853 4668 omnibus

190 4698 358 4756 bonis
388 4699 1017 4774 exspoliatur,subque
1042 4699 1310 4756 custodia
1337 4704 1632 4768 tcntus,et
1665 4702 1737 4756 ab
1769 4718 1855 4757 ec-

192 4785 368 4847 clesia
395 4808 507 4853 sua
538 4794 967 4862 sequestratus,
988 4789 1047 4844 in
1070 4789 1293 4862 synodo
1316 4789 1639 4861 apostolica
1662 4794 1856 4845 aucto-

192 4875 359 4935 ritate
388 4897 505 4936 non
529 4883 862 4944 convocata,
878 4894 1067 4951 neque
1088 4878 1216 4950 ejus
1241 4876 1530 4950 legatione
1562 4879 1853 4947 roborata,

193 4963 459 5024 damnari
472 4967 843 5039 nullatenusj
854 4972 992 5024 uxta
1008 4968 1241 5024 decreta
1262 4972 1601 5024 sanctorum
1618 4968 1854 5025 Patrum

194 5055 611 5127 potuisset,nec
634 5056 860 5114 diutius
882 5057 941 5112 in
964 5054 1182 5113 talibus
1204 5060 1658 5129 torqueretur,et
1676 5058 1856 5114 etiam

194 5155 372 5201 sanus
388 5160 628 5218 corpore
649 5144 796 5202 iram
810 5143 1051 5202 maximi
1066 5144 1353 5217 principis
1370 5161 1722 5219 quocunque
1739 5163 1860 5203 mo-

193 5227 264 5285 do
292 5231 874 5303 declinaret,coactus
890 5232 1129 5307 scripsit
1145 5232 1413 5290 libellum
1435 5233 1593 5291 hunc
1627 5250 1641 5291 :
1677 5258 1706 5285 ‹‹
1736 5236 1856 5309 Ego

195 5312 351 5377 Ebbo
397 5320 677 5397 indignus
730 5324 1030 5396 quondam
1081 5322 1393 5397 episcopus
1432 5340 1857 5398 recognoscens

199 5402 575 5479 fragilitatem
597 5427 792 5469 meam
814 5417 871 5469 et
888 5413 1150 5484 pondera
1170 5415 1545 5484 peccatorum
1564 5430 1853 5485 meorum,

1957 2837 2226 2894 custodia
2245 2837 2317 2893 ad
2340 2839 2633 2907 eumdem,
2651 2840 2849 2895 Sancti
2871 2840 3094 2897 scilicet
3117 2842 3399 2900 Bonifacii
3422 2860 3621 2902 mona-

1956 2925 2223 2981 sterium.
2258 2926 2393 2982 Post
2414 2926 2781 2998 aliquantum
2811 2944 2944 2983 vero
2975 2930 3277 3001 temporis,
3317 2946 3619 2990 commen-

1956 3014 2129 3070 datus
2157 3018 2248 3069 est
2268 3013 2538 3071 similiter
2568 3016 2637 3071 ad
2670 3016 3122 3073 custodiendum
3143 3018 3414 3075 Freculfo
3429 3020 3617 3079 Lexo-

1955 3102 2139 3159 viensi
2170 3103 2612 3176 episcopo,inde
2638 3106 2813 3161 etiam
2844 3105 3058 3161 Bosoni
3090 3106 3288 3164 abbati
3318 3107 3378 3165 in
3412 3126 3613 3169 mona-

1957 3192 2202 3248 sterium
2225 3193 2422 3248 Sancti
2446 3194 2761 3261 Benedicti,
2779 3195 2889 3250 sub
2923 3195 3093 3267 cujus
3115 3212 3296 3253 manu
3310 3197 3623 3257 exsulabat

1957 3280 2191 3351 quando
2215 3280 2491 3337 dominus
2513 3282 2832 3354 imperator
2847 3282 3000 3338 viam
3016 3282 3200 3340 totius
3210 3284 3623 3359 ingressusest,

1958 3368 2172 3424 carnis.
2207 3369 2490 3425 Defuncto
2524 3376 2720 3426 autem
2756 3372 3128 3444 imperatore,
3155 3374 3434 3432 reduetus
3463 3380 3556 3433 est
3582 3395 3621 3435 a

1949 3457 2075 3526 jam
2110 3458 2264 3513 dicto
2288 3460 2511 3515 Bosone
2535 3460 2743 3515 abbate
2774 3461 2846 3516 ad
2881 3460 3244 3530 Lotharium,
3268 3467 3326 3519 et
3367 3464 3622 3522 obviavit

1958 3546 2009 3600 ei
2029 3547 2183 3617 apud
2208 3548 2625 3618 Ingelenhaim.
2651 3549 2753 3603 Ubi
2789 3555 3142 3622 congregata
3172 3552 3396 3624 synodo
3417 3556 3618 3611 aucto-

1958 3635 2127 3691 ritate
2158 3635 2482 3708 apostolica
2514 3644 2565 3692 et
2602 3638 2987 3711 praeceptione
3021 3639 3618 3713 Lothariiimperato-

1959 3725 2061 3793 ris,
2092 3726 2247 3796 apud
2280 3741 2410 3781 eam
2443 3727 2750 3782 restitutus
2779 3731 2867 3783 est
2898 3728 2969 3784 ab
3001 3727 3095 3783 his
3138 3729 3450 3802 episcopis,
3474 3730 3617 3789 Dro-

1957 3829 2105 3887 gone
2137 3815 2598 3886 cpiscopo,Hccti
2623 3815 3375 3890 archiepiscopo,0tbgario
3401 3818 3620 3877 archie-

1958 3903 2217 3975 piscopo,
2252 3902 2430 3957 David
2464 3903 2926 3976 archiepiscopo,
2957 3902 3291 3961 Amalwino
3329 3905 3616 3979 archiepi-

1956 4007 2151 4062 scopo,
2167 3990 2382 4061 Joseph
2416 3991 3131 4062 archiepiscopo,Andaux
3155 3992 3615 4068 archiepiscopo,

1956 4078 2285 4150 Adalulpho
2334 4078 2627 4149 episcopo,
2661 4079 2919 4134 Erminio
2968 4079 3263 4154 episcopo,
3314 4082 3614 4141 Badarado

1957 4166 2251 4240 episcopo,
2282 4168 2556 4238 Agauone
2580 4168 2874 4240 episcopo,
2909 4168 3145 4224 Samuel
3179 4171 3474 4244 episcopo,
3509 4172 3624 4230 Ro-

1959 4256 2135 4329 dingo
2166 4256 2460 4327 episcopo,
2486 4256 2791 4313 Frothario
2825 4257 3119 4331 episcopo,
3151 4258 3478 4317 Gisleberto
3507 4262 3625 4336 epi-

1959 4362 2156 4418 scopo,
2170 4344 2369 4400 Adone
2391 4345 2684 4417 episcopo,
2701 4346 3046 4419 liramperto
3075 4347 3371 4421 episcopo,
3390 4343 3624 4407 Ratulfo

1958 4438 2161 4490 vocato
2192 4433 2487 4506 episcopo,
2525 4434 2831 4491 Harcarrio
2863 4439 3064 4496 vocato
3096 4436 3393 4509 episcopo,
3423 4438 3628 4496 Amal-

1961 4524 2079 4579 rico
2101 4527 2303 4579 vocato
2334 4522 2629 4595 episc0po.
2677 4524 2901 4579 Bosone
2932 4524 3143 4579 abbate
3172 4541 3242 4580 ex
3270 4526 3630 4582 monasterio

1962 4612 2160 4670 Sancti
2179 4610 2496 4679 Benedicti,
2511 4627 2646 4666 cum
2665 4610 2797 4667 aliis
2814 4610 3272 4683 quampluribus
3290 4612 3628 4682 abbatibus,

1962 4702 2316 4775 presbyteris
2346 4704 2522 4772 atque
2551 4698 2918 4755 diacouibus.
2938 4699 3244 4757 Remissus
3266 4704 3356 4757 est
3377 4705 3635 4761 anteme.

1954 4792 2081 4863 jam
2115 4791 2269 4846 dicto
2300 4790 2650 4862 imperatore
2683 4787 2975 4855 Lothario,
3009 4803 3114 4843 seu
3146 4805 3181 4844 a
3220 4790 3462 4860 priefato
3495 4806 3632 4848 cou'

1964 4879 2206 4948 cilio,ad
2224 4879 2422 4935 sedem
2455 4876 2773 4951 propriam,
2794 4876 3185 4934 Rhemensem
3207 4876 3433 4935 scilicet
3452 4877 3631 4936 eccle-

1965 4970 2136 5026 siam.
2169 4969 2255 5024 Ad
2286 4984 2466 5040 quam
2495 4966 2734 5022 veniens
2766 4982 2869 5022 VIII
2909 4965 3047 5022 Idus
3084 4965 3444 5037 Decembris,
3471 4983 3630 5025 rece-

1966 5063 2103 5132 ptus
2152 5061 2240 5113 est
2288 5057 2360 5113 ab
2410 5055 2703 5129 episcopis
2753 5054 3142 5129 suﬁ‘raganeis
3181 5055 3329 5125 suis,
3362 5054 3631 5115 Rothado

1964 5147 2260 5221 episcopo,
2276 5145 2549 5202 Simeone
2569 5145 2865 5217 episcopo,
2882 5144 3045 5217 Lupo
3068 5143 3633 5218 episcopo,Erpuino

1964 5236 2394 5310 episcopo,una
2424 5250 2560 5290 cum
2591 5233 2799 5307 legatis
2823 5232 3093 5289 omnium
3124 5232 3379 5291 aliorum
3412 5231 3634 5306 episco-

1965 5341 2175 5398 porum
2206 5323 2560 5380 Rbemensis
2587 5321 2926 5391 diwceseos,
2960 5321 3061 5394 qui
3090 5320 3273 5379 variis
3301 5320 3525 5380 detenti
3544 5321 3635 5380 in-

1964 5413 2344 5471 ﬁrmitatibus
2366 5411 2505 5468 illuc
2522 5411 2809 5483 corporali
2828 5410 3144 5485 prtesentia
3173 5426 3482 5467 occurrere
3515 5426 3639 5471 non.

201 5493 370 5554 testes
399 5503 455 5554 et
484 5501 873 5569 confessores,
897 5501 1160 5558 Aiulfum
1181 5502 1451 5558 videlicet
1471 5502 1855 5575 archiepisco-
1886 5510 1935 5576 Β
1969 5503 2432 5570 valentes,suam
2465 5506 2660 5557 tamen
2694 5518 2797 5573 per
2825 5499 3255 5556 ecclesiasticos
3304 5498 3530 5573 legatos
3577 5501 3638 5563 et

201 5594 360 5652 pum,
395 5591 451 5641 et
483 5589 880 5646 Bradaradum
903 5591 1509 5663 episcopum,necnon
1548 5596 1604 5647 et
1632 5593 1860 5649 Modoi-

206 5684 345 5726 num
376 5675 737 5751 episcopum,
772 5679 1048 5734 constitui
1081 5680 1222 5734 mihi
1249 5680 1483 5750 judices
1513 5680 1857 5740 delictorum

213 5771 492 5832 meorum,
507 5770 563 5822 et
584 5784 793 5839 puram
814 5767 958 5840 ipsis
979 5768 1406 5824 confessionem
1430 5769 1860 5841 dedi,qua:rens

1970 5590 2366 5650 excusatorias
2398 5590 2623 5645 litteras
2674 5589 2758 5644 illi
2803 5588 3195 5644 exhibuerunt
3236 5587 3635 5659 praesentiam.

1973 5684 2217 5751 Insuper
2236 5680 2414 5734 etiam
2436 5696 2470 5734 a
2491 5678 2789 5734 canonicis
2813 5681 2870 5734 et
2890 5676 3218 5746 monachis,
3249 5680 3427 5749 atque
3443 5691 3639 5733 corre~

1971 5769 2305 5844 gionalibus
2336 5767 2548 5825 litteris
2571 5766 2749 5823 totius
2766 5765 3053 5833 dimcesis,
3075 5781 3210 5823 cum
3233 5765 3465 5824 inﬁnita
3484 5765 3637 5822 mul-
