3900 6450
254 508 332 571 19
1336 506 1673 576 EBBONIS
1718 501 2077 571 EPISCOPI
2123 503 2600 569 RHEMENSIS.
3608 499 3695 565 90

252 639 509 697 titudine
531 639 841 713 utriusque
862 640 1171 712 sexus,qui
1201 656 1405 695 omnes
1427 656 1561 695 eum
1586 639 1770 695 ramis
1800 637 1918 710 pal-
1943 637 2001 706 Α
2029 637 2492 693 Hirminfredum
2512 637 3151 710 presbyterum,postea
3164 652 3298 692 vero
3320 631 3694 693 Belvacensis

253 748 488 787 marum
518 735 575 786 et
603 731 787 785 cereis
817 730 1181 796 ardentibus,
1203 728 1526 800 laudesque
1549 729 1665 783 Deo
1686 728 1912 782 intimis

253 837 324 876 ex
352 819 626 876 cordibus
657 823 715 874 et
737 818 1153 874 excelsissimis
1185 818 1426 873 vocibus
1457 817 1912 889 proclamantes,

251 909 425 981 longe
455 908 505 964 ei
540 908 613 962 ab
645 905 892 963 ecclesia
941 906 1343 971 obviaverunt,
1377 909 1435 961 et
1474 922 1662 977 usque
1701 905 1771 960 ad
1822 921 1914 959 ec-

252 997 491 1054 clesiam
522 995 922 1051 indesinenter
954 994 1271 1067 psallentes
1313 1012 1447 1050 cum
1497 996 1913 1066 perduxerunt.

251 1089 414 1144 Tunc
436 1085 698 1141 oratione
718 1084 1029 1156 completa,
1050 1084 1400 1155 silentioque
1418 1083 1919 1155 imposito,ascen-

249 1176 335 1232 dit
366 1175 672 1231 Rothadus
723 1173 1035 1246 episcopus
1083 1174 1419 1241 umbonem,
1449 1173 1670 1227 ducens
1715 1187 1915 1226 secum

250 1265 631 1339 Ingobertum
653 1262 1032 1330 monachum,
1049 1267 1112 1317 et‘
1136 1263 1327 1333 primo
1352 1260 1643 1317 allocutus
1666 1264 1754 1316 est
1783 1278 1919 1333 gau-

248 1352 409 1410 denti
431 1351 598 1424 plebe
619 1352 691 1406 de
720 1349 1096 1407 desiderabili
1130 1350 1457 1406 reversione
1479 1348 1697 1422 preprii
1720 1352 1914 1420 pasto-

249 1443 353 1511 ris,
387 1446 445 1498 et
475 1440 728 1513 qualiter
757 1438 1070 1495 restitutus
1101 1457 1134 1495 a
1166 1443 1369 1495 sancto
1423 1438 1689 1507 concilio,
1709 1454 1811 1493 seu
1845 1438 1917 1493 ab

249 1530 607 1604 imperatore
638 1528 934 1598 Lothario,
968 1528 1053 1584 eis
1077 1529 1513 1584 remittebatur.
1538 1529 1606 1583 Et
1628 1526 1813 1599 jussit
1833 1522 1921 1582 In-

249 1620 558 1695 gobertum
572 1617 930 1674 monachum
945 1616 1066 1673 alta
1082 1635 1219 1674 voce
1242 1617 1429 1689 ipsam
1452 1617 1582 1687 ejus
1600 1614 1919 1671 restitutio-

249 1726 385 1766 nem
417 1709 628 1782 legere.
653 1706 951 1763 Dederunt
971 1706 1150 1761 etiam
1172 1708 1457 1777 praesente
1480 1704 1641 1761 omni
1672 1703 1918 1760 ecclesia

248 1799 425 1872 legati
449 1797 857 1870 episcoporum
901 1796 1310 1867 unusquisque
1341 1811 1653 1851 assensum
1686 1793 1916 1867 proprii

252 1888 344 1945 sui
368 1886 626 1960 episcopi
644 1890 709 1941 ut
734 1884 921 1959 plebis
958 1883 1395 1956 scriptumzqui
1424 1900 1629 1938 omnes
1660 1883 1916 1939 ecclesiae

252 1978 325 2034 ab
355 1977 663 2072 Ingoberto
695 1974 980 2072 monacbo
1014 1973 1248 2072 publice
1270 1973 1464 2072 relecti
1492 1972 1750 2072 sunt-.Ad
1775 1971 1914 2072 ulti—
1946 2007 1994 2072 Β

215 2068 222 2074 ’
253 2083 420 2122 mum
441 2066 600 2121 dedit
618 2065 817 2121 Iutaus
836 2062 1084 2137 (Vitaus)
1112 2063 1569 2135 chorepiscopus
1587 2065 1643 2118 et
1662 2060 1914 2117 vicarius

253 2154 592 2213 Theoderici
625 2154 881 2227 episcopi
906 2169 1214 2208 assensum
1240 2153 1391 2207 infra
1411 2152 1913 2224 scriptum.0ucm

251 2245 470 2302 idcirco
501 2244 597 2300 hic
627 2259 743 2316 prae
774 2241 997 2298 caeteris
1026 2240 1704 2313 inseruimus,quatinus
1743 2240 1804 2293 in
1849 2255 1915 2294 eo

253 2338 313 2390 et
358 2350 450 2389 res
493 2337 661 2405 gesta
688 2330 824 2386 licet
863 2329 1115 2385 breviter
1162 2329 1586 2401 comprehensa
1634 2327 1916 2400 liquidius

257 2422 530 2495 cognosci
562 2419 770 2492 possit,
802 2423 860 2474 et
888 2434 1214 2474 consensus
1247 2434 1450 2473 eorum
1475 2419 1571 2489 qui
1601 2420 1917 2489 praesentes

259 2511 468 2567 adesse
480 2525 597 2565 non
608 2506 919 2563 valuerunt
930 2506 989 2561 in
1003 2505 1372 2561 restitutione
1388 2504 1917 2577 ejus,manifestius

260 2596 583 2668 intelligi.»
626 2595 777 2650 Dum
817 2611 934 2649 non
982 2594 1231 2648 habetur
1278 2593 1663 2664 incognitum,
1697 2592 1852 2664 quod
1886 2609 1919 2646 a

259 2686 532 2760 pluribus
560 2684 791 2740 videtur
820 2700 949 2739 esse
978 2686 1366 2753 compertum,
1387 2680 1639 2752 qualiter
1662 2678 1920 2736 Ecclesia

260 2776 384 2832 haec
406 2774 663 2831 maxima
675 2772 995 2828 Galliarum
1018 2772 1127 2826 sub
1149 2770 1431 2842 regimine
1457 2771 1814 2825 Francorum
1835 2769 1916 2823 di-

257 2864 442 2921 versis
476 2861 1016 2937 perturbationibus
1047 2877 1113 2915 ae
1144 2859 1454 2915 discordiis
1476 2858 1916 2931 principumin-

259 2954 598 3027 dignatione
613 2949 866 3006 violcnta
881 2949 1011 3004 istis
1029 2949 1394 3020 temporibus
1417 2948 1636 3021 agitata
1656 2952 1915 3003 vexatur.

258 3042 423 3099 Unde
467 3045 525 3097 et
576 3038 815 3112 plurimi
866 3038 1273 3110 episcoporum
1319 3054 1353 3091 a
1381 3036 1635 3109 propriis
1678 3036 1918 3092 sedibus

256 3130 502 3203 expulsi,
538 3132 641 3184 aut
668 3128 881 3183 timore
910 3125 1203 3181 derelictis
1251 3125 1529 3198 gregibus
1581 3124 1824 3180 diversis
1858 3124 1916 3178 in

252 3218 518 3292 partibus
548 3216 909 3272 exsulantur.
944 3214 1102 3269 Inter
1131 3231 1277 3286 quos
1308 3213 1486 3269 etiam
1518 3213 1677 3268 Ebbo
1701 3211 1918 3268 archie-

253 3307 532 3381 piscopus
561 3303 910 3361 Rhemeusis
934 3302 1189 3358 ecclesias
1214 3306 1416 3374 raptus
1440 3320 1474 3358 a
1495 3302 1729 3374 propria
1751 3301 1908 3367 sedc,

2026 726 2279 783 ecclesiae
2303 727 2666 799 episcopum.
2683 726 2936 781 Sinistra
2957 729 3153 781 autem
3187 742 3367 780 manu
3387 726 3693 782 sustinens

2024 832 2159 871 eum
2192 816 2427 871 Simeon
2454 814 3077 888 episeopus,similiter
3106 832 3225 870 suae
3257 813 3441 886 partis
3475 815 3692 887 Erpui-

2026 921 2168 959 num
2199 904 2636 976 episcopum,et
2663 903 2898 958 Vitaum
2929 901 3219 974 (Jutaum)
3250 902 3694 960 Cameracensis

2025 993 2281 1049 ecclesiae
2314 993 2829 1065 cborepiscopum.
2865 994 2934 1046 Et
2966 992 3049 1046 sic
3080 992 3153 1047 ad
3185 994 3455 1047 sanctum
3505 991 3695 1049 altare

2026 1100 2161 1139 cum
2194 1101 2260 1139 co
2282 1084 2683 1155 procedentes,
2705 1084 2777 1137 ad
2796 1082 3094 1154 propriam
3125 1083 3323 1138 sedem
3346 1100 3479 1137 eum
3504 1084 3689 1138 dedu-

2025 1178 2252 1238 xerunt,
2270 1177 2444 1244 atque
2477 1189 2612 1227 cum
2644 1190 2710 1228 eo
2729 1170 2925 1227 cuncti
2947 1171 3315 1238 sedentes,in
3348 1172 3507 1227 omni
3548 1190 3687 1245 pon-

2026 1260 2227 1317 titicali
2258 1261 2450 1316 ofﬁcio
2472 1261 2601 1333 ipsa
2620 1260 2714 1316 die
2732 1261 2782 1315 ei
2813 1260 3415 1316 communicaverunt.
3432 1261 3693 1317 Fuerunt

2027 1355 2223 1406 autem
2255 1368 2359 1422 per
2389 1349 2629 1422 longum
2663 1349 2921 1421 spatium
2946 1350 3074 1419 ejus
3106 1348 3405 1405 exsulatus
3434 1349 3687 1406 ordinati

2026 1440 2282 1512 episcopi
2316 1455 2382 1494 eo
2410 1439 2671 1508 absente,
2707 1438 2942 1493 Simeon
2973 1437 3308 1510 episcopus,
3330 1438 3530 1511 Lupus
3559 1439 3690 1511 epi-

2027 1546 2261 1601 scopus,
2297 1527 2593 1600 Erpuinus
2618 1526 2962 1600 cpiscopus;
2996 1527 3151 1599 quod
3182 1526 3537 1583 omnimodis
3558 1545 3693 1583 san-

2026 1618 2309 1674 ctissimis
2341 1616 2690 1690 prohibetur
2712 1616 3058 1672 canonibus.
3093 1615 3199 1682 Qui
3229 1614 3517 1688 completa
3551 1633 3691 1673 cum

2027 1706 2186 1762 omni
2219 1707 2434 1780 gaudio
2468 1711 2524 1763 et
2553 1704 2756 1761 laetitia
2787 1704 3225 1761 consecratione
3246 1710 3306 1760 et
3321 1703 3695 1762 solemnitate

2027 1795 2298 1852 sacriﬁcii
2316 1798 2603 1868 praesente
2616 1795 2775 1850 omni
2794 1794 3052 1850 Ecclesia
3069 1792 3362 1866 deprecati
3373 1798 3515 1850 sunt
3530 1810 3692 1862 eum,

2028 1889 2092 1940 ut
2113 1885 2301 1956 ipsius
2318 1883 2670 1939 auctoritate
2697 1900 2899 1938 eorum
2925 1887 3283 1938 statueretur
3305 1900 3371 1938 ac
3392 1883 3696 1941 roborare-

2028 1980 2124 2029 tur
2153 1971 2585 2038 ordinatio.Qui
2611 1972 3038 2044 benignissime
3068 1989 3266 2028 eorum
3289 1989 3487 2044 preces
3517 1973 3697 2028 obau-

2025 2063 2191 2131 aliens
2224 2062 2386 2117 dedit
2427 2061 2511 2117 eis
2561 2060 2793 2132 publice
2844 2077 3041 2116 coram
3094 2066 3467 2117 sacrosancto
3517 2061 3691 2117 altari

2025 2152 2275 2208 annulos
2302 2156 2358 2205 et
2377 2149 2618 2205 baculos
2643 2167 2760 2205 suae
2784 2149 3150 2206 auctoritatis
3170 2149 3230 2205 in
3250 2150 3694 2208 confirmatione

2024 2258 2227 2298 eorum
2253 2238 2660 2306 ordinationis,
2694 2243 2752 2294 et
2803 2238 3095 2295 allocutus
3141 2243 3229 2296 cst
3278 2240 3350 2296 de
3394 2239 3477 2296 eis
3527 2241 3694 2296 omni

2025 2329 2315 2395 Ecclesiae,
2351 2332 2417 2383 ut
2443 2328 2662 2384 scirent
2686 2328 2944 2383 universi
2969 2343 3030 2383 se
3063 2327 3123 2382 in
3144 2327 3448 2397 charitate,
3474 2345 3603 2401 qua:
3623 2346 3696 2386 ex

2027 2419 2142 2474 Deo
2175 2422 2280 2486 est,
2299 2433 2500 2473 eorum
2534 2416 2902 2473 ordinatione
2943 2417 3294 2486 consentire,
3312 2421 3488 2490 atque
3549 2420 3693 2475 sub-

2029 2507 2258 2563 sistere.

2100 2597 2304 2651 Postea
2325 2612 2459 2652 vero
2483 2597 2777 2668 accipiens
2800 2595 3088 2652 auxilium
3109 2599 3168 2652 et
3188 2595 3537 2669 legationem
3562 2597 3693 2668 jam

2028 2701 2179 2757 saepe
2211 2685 2311 2740 fati
2348 2685 2606 2741 Lotharii
2641 2684 3119 2757 imperatoris,ad
3150 2684 3358 2741 limina
3386 2685 3694 2741 beatorum
3734 2756 3737 2757 ν

2029 2775 2281 2846 perrexit
2303 2774 2724 2847 apostolorum,
2755 2792 2870 2830 non
2902 2774 3046 2830 satis
3078 2774 3304 2830 habens
3333 2774 3393 2830 in
3444 2774 3693 2829 restitu-

2028 2862 2186 2918 tione
2209 2882 2313 2919 sua
2333 2864 2458 2918 sine
2477 2863 2808 2936 apostolica:
2833 2862 2990 2919 sedis
3011 2863 3376 2931 auctoritate,
3392 2880 3689 2920 consensu

2029 2956 2327 3007 tantorum
2360 2952 2794 3024 episcoporum,
2829 2956 2886 3007 et
2917 2951 3167 3007 aliorum
3189 2951 3478 3008 bonorum
3500 2952 3690 3008 homi-

2030 3058 2193 3096 num.
2229 3040 2333 3095 Ubi
2387 3058 2421 3095 a
2472 3040 2739 3112 piissimo
2788 3057 2855 3095 ac
2906 3039 3154 3113 spiritali
3203 3044 3367 3112 patre
3394 3041 3691 3113 Gregorio,

2029 3131 2245 3185 domno
2258 3128 3309 3201 videlicetapostolico,bonignissimc
3327 3133 3695 3202 estreccptus

2028 3224 2085 3274 et
2101 3218 2423 3290 apostolica
2443 3219 2787 3274 auctoritate
2810 3217 3151 3289 plenissime
3182 3217 3694 3286 restitutus,sicuti

2032 3325 2210 3379 penes
2242 3325 2349 3363 nos
2399 3307 2709 3363 habemus.
2742 3308 3110 3362 Postremum
3160 3306 3412 3378 denique
3458 3308 3696 3363 functos

255 3373 590 3468 principum
622 3392 1028 3465 indignatione
1057 3373 1312 3447 violenta
1342 3391 1402 3445 in
1451 3373 1655 3446 exsilio
1704 3392 1918 3445 ductus
1949 3373 1992 3441 C
2031 3373 2271 3468 paciﬁca
2305 3395 2437 3467 plus
2469 3412 2647 3468 quam
2679 3395 2912 3450 biennio
2950 3393 3227 3448 omnibus
3258 3373 3695 3467 episcopalibus

255 3489 366 3541 est.
398 3484 563 3540 Unde
593 3486 651 3536 et
681 3483 959 3537 reductus
1010 3480 1121 3535 sub
1170 3480 1459 3544 custodia,
1492 3483 1557 3533 ut
1587 3478 1915 3551 periculum

256 3572 578 3627 imminens
609 3571 969 3638 evaderet,et
1001 3569 1227 3624 furores
1251 3567 1727 3641 persequentium
1758 3566 1914 3623 miti-

257 3663 443 3733 garet,
477 3658 818 3713 redimendo
851 3662 1085 3729 tempus
1110 3661 1174 3711 ut
1204 3655 1433 3711 meliori
1463 3673 1524 3711 se
1558 3656 1805 3728 tempori
1830 3675 1915 3712 re-

256 3752 536 3815 servaret,
562 3762 696 3801 eum
727 3762 1018 3802 consensu
1046 3744 1457 3818 episcoporum
1480 3744 1798 3815 pontificali
1821 3763 1916 3801 se-

257 3837 436 3893 cessit
465 3854 499 3892 a
527 3834 878 3902 ministerio,
906 3835 1047 3890 dum
1074 3834 1226 3888 inter
1246 3837 1497 3889 terrores
1515 3838 1572 3888 et
1593 3833 1916 3891 discordias

256 3926 405 3983 ratio
436 3942 552 3981 non
575 3924 717 3980 sinit
737 3923 1044 3979 immolare
1059 3923 1350 3989 victimas,
1377 3921 1604 3977 dicente
1626 3922 1791 3977 Domi
1802 3942 1872 3979 no
1900 3941 1912 3978 :

252 4017 316 4073 Si
368 4016 528 4088 offers
583 4031 785 4070 munus
834 4021 990 4069 tuum
1037 4012 1108 4067 ad
1154 4014 1345 4080 altare,
1377 4022 1429 4068 et
1477 4013 1557 4067 ibi
1606 4013 1915 4070 recordatus

249 4108 425 4177 fueris
457 4106 589 4178 quia
617 4105 792 4175 frater
838 4112 964 4158 tuus
1022 4102 1182 4157 habet
1235 4101 1453 4173 aliquid
1498 4101 1787 4157 adversum
1844 4113 1910 4169 te,

251 4195 502 4266 relinque
534 4194 614 4248 ibi
640 4208 842 4247 munus
873 4200 1050 4256 tuum,
1083 4196 1141 4245 et
1170 4194 1397 4257 caetera,
1434 4190 1749 4262 Postquam
1780 4208 1913 4247 vero

254 4283 410 4337 Deus
440 4280 710 4336 Ecclesiae
755 4297 873 4335 suae
904 4278 1313 4350 tranquilliora
1341 4282 1608 4350 tempera
1638 4279 1912 4349 reddidit,

252 4369 476 4442 placuit
490 4367 858 4440 principibus
871 4372 927 4422 et
944 4367 1386 4439 magistratibus
1407 4367 1915 4435 ecclesiasticis,ut

250 4456 441 4514 isdem
465 4460 666 4531 pastor
685 4456 758 4511 ad
789 4455 1054 4512 debitum
1096 4454 1243 4510 ovile
1278 4460 1750 4526 reverteretur,et
1779 4472 1912 4513 oves

251 4562 423 4619 quas,
442 4544 787 4618 compulsus
809 4544 1145 4617 reliquerat,
1161 4546 1409 4600 tuendas
1429 4545 1581 4600 idem
1608 4546 1908 4617 reciperet.

250 4635 476 4703 Quibus
507 4639 564 4691 et
592 4632 1007 4690 ecclesiasticis
1037 4632 1249 4688 debitis
1281 4633 1552 4706 negotiis,
1582 4649 1689 4706 ego
1725 4634 1910 4690 Theo-

2027 3486 2259 3553 ofﬁeiis,
2277 3486 2503 3541 vocavit
2531 3502 2638 3541 nos
2652 3485 2778 3557 jam
2802 3500 2953 3555 saepe
2974 3482 3092 3537 fata
3116 3485 3305 3537 mater
3336 3482 3694 3541 Rhemensis

2027 3573 2309 3630 eccelesia
2341 3575 2411 3630 ad
2463 3575 2684 3647 gradus
2733 3570 3181 3639 ecclesiasticos,
3216 3571 3288 3626 ad
3339 3588 3508 3643 quos,
3533 3573 3694 3630 Deus

2029 3663 2209 3731 novit,
2245 3682 2360 3719 non
2394 3663 2728 3735 importune
2761 3679 2867 3717 nos
2919 3659 3236 3733 gessimus,
3271 3661 3374 3715 sed
3405 3660 3694 3719 electione

2027 3752 2435 3808 ministrorum
2471 3751 2758 3817 Ecclesiae,
2795 3750 3332 3823 magistrorumque
3354 3753 3690 3807 nostrorum

2027 3838 2654 3905 acclamatione,etiam
2688 3843 2862 3909 atque
2894 3837 3186 3893 oblatione
3215 3836 3396 3894 totius
3416 3837 3689 3895 Ecclesiae

2027 3928 2205 3984 delati
2250 3944 2479 3982 sumus.
2516 3927 2652 3982 Post
2699 3927 2820 3981 haec
2871 3943 3003 3984 vero
3051 3926 3376 3982 dividentes
3424 3924 3575 3981 inter
3626 3945 3689 3985 se

2026 4033 2204 4089 regna
2235 4021 2497 4087 paterna,
2532 4014 2848 4070 Lotharius
2881 4015 3200 4086 imperator
3221 4032 3288 4070 ac
3319 4014 3570 4070 domnus
3591 4033 3689 4072 no-

2025 4110 2144 4160 ster
2173 4104 2412 4159 Carolus
2444 4103 2909 4175 gloriosissimus
2950 4103 3321 4171 rex,devenit
3358 4103 3484 4175 jam
3534 4120 3685 4176 saepe

2025 4192 2180 4249 dicta
2212 4198 2398 4248 mater
2427 4196 2629 4247 nostra
2650 4191 2998 4247 Rhemensis
3028 4190 3273 4247 ecclesia
3301 4191 3361 4245 in
3386 4194 3608 4262 partem
3630 4195 3686 4247 et

2025 4282 2306 4336 ditionem
2319 4279 2731 4353 gloriosissimi
2747 4280 2902 4352 regis
2919 4279 3271 4349 Caroli,cum
3295 4295 3407 4351 quo
3426 4282 3684 4352 eratgra-

2023 4371 2295 4426 tissimus
2325 4386 2390 4425 ac
2422 4368 2874 4441 potentissimus
2910 4367 3127 4424 Fulcho
3160 4367 3680 4440 abbas,quiipsam

2022 4458 2328 4515 ecclesiam
2352 4458 2553 4514 domui
2578 4457 2853 4513 Ludovici
2871 4455 3240 4529 imperatoris
3262 4459 3432 4511 antea
3450 4457 3678 4528 presby-

2021 4553 2110 4603 ter
2140 4548 2493 4614 obtinuerat,
2525 4551 2582 4601 ct
2625 4546 2816 4618 gratia
2865 4545 3132 4615 ejusdem
3182 4543 3359 4616 regis,
3388 4560 3521 4599 cum
3564 4560 3678 4616 quo

2021 4640 2164 4704 erat,
2190 4635 2403 4691 iterum
2436 4635 2682 4706 adeptus
2713 4639 2803 4690 est
2832 4650 2982 4689 eam.
3000 4633 3483 4705 Cujusimpetum
3507 4635 3678 4706 atque

247 4724 480 4781 dericus
497 4723 936 4780 Cameracensis
954 4721 1265 4795 episcopus
1283 4739 1593 4779 assensum
1611 4723 1911 4779 canonicis
1941 4740 1990 4805 D
2024 4723 2280 4778 furorem
2314 4726 2582 4777 metuens
2607 4722 2734 4793 jam
2767 4737 2918 4792 saepe
2945 4719 3137 4775 dictus
3166 4719 3325 4775 Ebbo
3346 4718 3675 4792 episcopus,

245 4812 701 4887 praebens,sicut
730 4813 895 4884 prius
925 4813 997 4868 de
1026 4811 1188 4868 illius
1213 4811 1476 4867 discessu
1496 4812 1905 4883 compatiendo

247 4901 533 4971 dolui,ita
581 4902 755 4957 modo
803 4903 875 4957 de
923 4901 1112 4972 ipsius
1150 4901 1479 4956 reversione
1507 4903 1904 4974 congaudens,

246 4990 698 5046 constitutiones
726 4990 835 5045 bas
856 4989 1155 5045 seniorum
1185 4988 1274 5045 vel
1306 4987 1555 5044 fratrum
1578 4990 1906 5047 roborando

246 5078 575 5151 subscripsi
609 5097 622 5135 :
656 5080 796 5152 quia
828 5078 968 5134 talia
998 5096 1148 5150 saepe
1196 5078 1512 5151 contigisse
1557 5083 1615 5135 et
1662 5079 1722 5135 in
1774 5081 1906 5138 aliis

246 5167 429 5240 gestis
455 5166 871 5223 ecclesiasticis
901 5167 1037 5239 legi.
1075 5190 1096 5215 υ
1134 5167 1235 5221 llis
1265 5167 1348 5221 ita
1377 5167 1651 5239 peractis,
1692 5169 1905 5224 iterum

247 5256 629 5312 reboantibus
650 5255 857 5327 signis,
881 5262 938 5311 et
965 5256 1313 5311 vociferante
1339 5257 1497 5312 omni
1536 5257 1813 5327 Ecclesia,
1843 5262 1907 5316 Te

245 5344 418 5399 Deum
448 5342 760 5409 laudamus,
795 5344 1011 5398 ductus
1041 5346 1130 5398 est
1152 5344 1279 5413 jam
1320 5360 1473 5414 saepe
1521 5344 1714 5399 dictus
1747 5346 1906 5402 Ebbo

245 5432 560 5504 episcopus
585 5430 645 5486 in
675 5430 1041 5496 vestiarium,
1074 5435 1131 5487 et
1180 5432 1423 5488 indutus
1473 5433 1907 5506 episcopalibus

243 5518 631 5589 vestimentis,
646 5517 920 5575 similiter
938 5518 1115 5575 etiam
1137 5519 1235 5575 alii
1252 5520 1595 5593 episcopi,et
1615 5538 1909 5594 processe-

247 5608 388 5661 runt
407 5622 542 5659 cum
565 5622 631 5661 eo
648 5606 723 5661 ad
744 5606 1194 5661 celebrationem
1216 5607 1580 5664 Missan.Nam
1600 5610 1905 5667 Rotbadus

246 5693 776 5762 episcOpusdextra
798 5709 976 5747 manu
1008 5709 1143 5747 eum
1172 5697 1758 5764 sustentans,habuit
1786 5717 1903 5755 sua:

246 5777 434 5847 partis
464 5778 695 5849 Lupum
718 5777 1163 5837 Catalauneusis
1187 5781 1442 5838 ecclesiae
1465 5785 1828 5856 episcopum,
1848 5793 1904 5844 et

2022 4811 2240 4884 quippe
2262 4810 2361 4882 qui
2387 4810 2606 4866 nedum
2629 4826 2766 4864 cum
2788 4808 2989 4864 eodem
3015 4824 3149 4881 rege
3165 4807 3507 4880 pacificatus
3534 4812 3674 4874 erat,

2019 4917 2155 4955 cum
2181 4899 2473 4966 Lothario,
2498 4898 2598 4970 qui
2633 4896 2907 4970 primitus
2937 4896 3284 4963 adhaeserat,
3302 4897 3670 4963 remanendo,

2016 4989 2277 5055 secessit,
2298 4991 2355 5042 et
2376 5004 2511 5041 cum
2543 5003 2609 5041 eo
2641 4990 2905 5042 moratus
2936 4985 3151 5041 timens
3174 4984 3313 5056 quia
3342 4983 3670 5039 nullatenus

2018 5094 2188 5134 suam
2211 5075 2457 5148 adipisci
2491 5078 2689 5147 posset
2712 5075 2953 5147 paciﬁcc
2982 5073 3540 5146 sedem,apostolica
3569 5089 3669 5129 au-

2015 5165 2283 5222 ctoritate
2314 5169 2374 5220 et
2398 5182 2693 5221 consensu
2725 5162 3325 5236 episeoporum,dono
3359 5162 3537 5219 etiam
3562 5163 3668 5218 Lu-

2016 5255 2203 5310 dovici
2235 5253 2388 5326 rsgis
2419 5253 2745 5310 Germaniae
2763 5253 3010 5326 adeptus
3027 5257 3116 5309 est
3146 5269 3250 5325 pro
3268 5255 3530 5324 tempore
3552 5251 3668 5324 ipse

2016 5361 2231 5400 vacans
2251 5346 2555 5398 vacantem
2579 5342 2776 5398 sedem
2802 5339 3508 5414 liiltineshcim,aspirans
3531 5356 3667 5396 sem-

2017 5451 2121 5507 per
2150 5433 2222 5488 ad
2254 5430 2548 5503 propriam
2575 5430 2794 5487 sedem.
2829 5432 3016 5498 Quam
3060 5429 3356 5502 siquidem
3394 5446 3429 5485 a
3458 5429 3663 5485 domno

2015 5522 2219 5578 Carolo
2251 5537 2403 5593 rege,
2424 5519 2560 5577 licet
2578 5518 2774 5575 valida
2794 5520 3011 5591 pedum
3030 5518 3372 5575 inﬁrmitate
3401 5533 3664 5590 gravare-

2016 5616 2134 5679 tur,
2155 5610 2434 5682 repetisse
2483 5608 2804 5664 multorum
2849 5608 3187 5664 testimonio
3237 5606 3659 5679 comprobatur.

2015 5701 2177 5756 Unde
2207 5697 2554 5753 necessitate
2585 5697 2949 5769 compulsus,
2984 5697 3056 5752 ad
3089 5697 3424 5769 praedictam
3472 5696 3658 5750 sedem

2014 5786 2425 5847 Hiltinesheim
2483 5791 2799 5855 revertens,
2858 5788 3185 5844 secundum
3242 5784 3657 5843 restitutionem
