3900 6432
173 480 276 543 Si
1734 480 2169 561 ΡΟΕΜΑΤΙΑ.
3585 490 3664 561 22

176 618 559 692 apostolicae
591 618 748 677 sedis
779 615 1095 693 episcopali
1122 616 1314 677 officio
1343 620 1581 678 functus
1614 636 1804 694 usque
1835 620 1893 676 in
1923 618 1981 687 Α
2010 621 2134 677 nire
2185 622 2420 681 meruit.
2465 622 2587 682 Illis
2636 630 2833 686 autem
2876 625 2957 686 ita
3011 626 3526 703 contendentibus,
3557 647 3664 690 nos

178 712 407 767 ﬁnem
439 711 568 766 vitm
619 709 1071 768 immutabiliter
1119 711 1301 765 fuisse
1352 710 1739 766 convincitur.
1785 710 1894 766 Ubi
2007 728 2240 784 semper
2269 713 2574 771 humiliter
2617 720 2675 771 et
2717 718 2957 789 paciﬂce
3008 724 3273 776 nostram
3319 721 3666 779 sustinendo

176 799 381 856 inter
408 804 617 855 czetera
648 799 838 855 multa
869 800 1042 866 bona,
1073 800 1336 855 diversas
1357 800 1534 855 etiam
1569 800 1707 855 fecit
1741 800 1894 855 ordi-
2007 802 2367 873 portavimus
2399 804 2853 875 ignominiosam
2887 808 3295 879 dejectionem.

176 889 514 957 nationes,
530 906 658 961 quae
678 889 902 961 absque
925 888 1044 943 ulla
1062 906 1322 961 unquam
1348 889 1800 960 reprehensione
1823 889 1894 945 ab
2077 891 2359 947 Defuncto
2380 898 2573 949 autem
2591 896 2716 964 jam
2732 896 2883 951 dicto
2899 898 3232 954 ordinatore
3248 904 3443 955 nostro
3464 915 3666 959 mense

174 979 502 1035 omnibus
535 980 650 1034 Deo
678 978 1033 1034 amabilibus
1062 979 1387 1050 gaudenter
1426 980 1854 1051 amplexantur.
2006 980 2449 1048 Martie,statim
2486 984 2740 1039 obtinuit
2772 987 3049 1043 dominus
3081 994 3279 1044 noster
3310 990 3661 1049 Hincmarus

273 1070 527 1124 Interea
554 1084 687 1123 vero
720 1069 1131 1140 unusquisque
1162 1073 1431 1123 nostrum
1460 1069 1517 1123 in
1548 1086 1653 1124 suo
1688 1068 1892 1125 ordine
2005 1071 2158 1140 apud
2193 1071 2460 1126 Carolum
2485 1080 2778 1143 regem,ut
2805 1082 3148 1133 convocaret
3172 1080 3461 1149 synodum
3491 1081 3662 1138 Sues-

174 1158 465 1231 pacifice
490 1158 869 1225 ministravit,
890 1162 1063 1228 atque
1085 1174 1218 1212 cum
1239 1158 1515 1213 omnibus
1534 1160 1603 1213 ad
1623 1159 1891 1213 eamdem
2003 1158 2186 1213 sionis
2218 1160 2369 1231 apud
2406 1162 2826 1217 monasterium
2859 1166 3055 1220 Sancti
3092 1166 3370 1235 Medardi,
3396 1172 3453 1223 et
3477 1169 3659 1241 jussit

177 1250 475 1302 matrem
541 1245 863 1303 Ecclesiam
917 1247 1382 1314 confluentibus,
1429 1252 1546 1301 tam
1599 1247 1890 1319 episcopis
2003 1264 2108 1301 nos
2142 1248 2258 1301 fere
2293 1254 2431 1303 tunc
2456 1248 2733 1319 temporis
2764 1256 3207 1321 quatuordecim
3232 1273 3477 1313 numero
3499 1273 3656 1330 pres-

174 1353 398 1409 quam
422 1336 602 1391 etiam
636 1336 894 1409 regibus,
921 1336 1714 1408 atquecunctispotcntibus,
1737 1352 1890 1391 com-
2000 1335 2231 1407 byteros
2260 1341 2319 1391 et.
2348 1338 2625 1393 diaconos
2659 1340 2795 1393 illuc
2825 1340 2927 1408 ire,
2958 1344 3306 1413 promittens
3337 1362 3399 1401 se
3430 1347 3502 1402 de
3547 1362 3651 1403 no-

176 1426 546 1482 municavit
566 1441 579 1480 :
601 1426 785 1481 donec
801 1427 927 1497 jam
951 1425 1328 1497 supradictus
1350 1425 1592 1482 Carolus
1614 1443 1713 1481 rex
1735 1443 1889 1482 eam~
1998 1423 2088 1478 bis
2119 1423 2575 1481 misericorditer
2622 1430 3027 1483 tractatururn.
3062 1430 3170 1496 Qui
3216 1438 3551 1505 renuentes,
3591 1439 3650 1492 et

173 1515 340 1571 dem
374 1513 688 1570 ecclesiam
719 1514 892 1587 longe
933 1520 1067 1588 post
1107 1519 1368 1587 tempore
1410 1516 1723 1571 reverenda
1762 1515 1885 1571 viro
1996 1512 2304 1569 humiliter
2334 1516 2820 1587 dcprecantcs,nc
2846 1536 2951 1573 nos
2981 1517 3120 1575 illuc
3143 1521 3212 1575 ad
3236 1524 3521 1593 majorem
3553 1541 3651 1582 no-

174 1605 535 1661 Hincmaro
575 1603 1024 1676 gubernandum
1057 1603 1373 1659 commisit.
1399 1603 1506 1670 Qui
1534 1604 1736 1659 statim
1750 1609 1885 1677 post
1994 1606 2179 1657 stram
2212 1603 2615 1660 confusionem
2648 1602 2730 1660 ire
2762 1608 2975 1662 faceret
3005 1613 3062 1663 ct
3088 1609 3495 1682 dejectionem,
3531 1630 3648 1669 non

173 1692 649 1776 ordinationem
668 1709 837 1748 suam
861 1692 1032 1748 nobis
1054 1691 1303 1748 infestus
1324 1692 1660 1749 ministrare
1683 1692 1881 1766 prohi-
1993 1692 2235 1759 audivit,
2261 1694 2365 1748 sed
2395 1694 2593 1765 potius
2641 1696 2945 1768 magistris
2982 1698 3200 1753 nostris
3251 1701 3544 1773 praecepit,
3584 1705 3649 1759 ut

173 1784 356 1841 buit.
374 1782 486 1839 Cui
509 1799 645 1839 cum
665 1781 973 1838 humiliter
992 1781 1227 1855 culpam
1251 1786 1513 1838 nostram
1532 1782 1880 1854 abjectionis
1990 1780 2348 1839 omnimodis
2369 1799 2476 1838 nos
2497 1783 2637 1839 illuc
2658 1784 2740 1839 ire
2767 1786 3025 1841 facerent
3057 1803 3069 1841 :
3105 1789 3261 1859 quod
3285 1793 3342 1844 et
3362 1790 3643 1847 fecerunt.

170 1870 1329 1948 quaerendointerrogasscmus,nullam
1354 1871 1523 1927 nobis
1535 1871 1882 1943 oulpam'ob.
1987 1870 2300 1927 Venientes
2325 1876 2522 1927 autem
2545 1872 2704 1939 illuc,
2721 1875 2995 1945 prmccpit
3026 1876 3195 1931 nobis
3219 1877 3358 1933 dare
3378 1877 3644 1936 libellum

161 1968 379 2043 jiccre
403 1964 717 2032 voluit,sed
732 1960 1241 2033 tamenapropriis
1255 1961 1465 2016 officiis
1478 1978 1705 2017 cessare
1735 1980 1878 2034 pras‘
1903 1990 1958 2060 Β
1986 1959 2459 2031 proclamationis
2494 1978 2506 2016 :
2542 1963 2696 2033 quod
2733 1963 2976 2018 minime
3006 1964 3368 2034 volebamus,
3390 1967 3643 2026 scientes

168 2053 500 2131 cepit.Qui
515 2057 709 2109 autem
725 2049 1056 2107 abecclesia
1077 2049 1391 2106 Rhemensi
1425 2068 1491 2105 ex
1522 2051 1691 2106 nobis
1715 2068 1870 2108 rece-
1903 2049 1953 2060 ’⁷
1976 2049 2102 2119 jam
2129 2066 2197 2105 ex
2228 2053 2410 2121 parte,
2446 2049 2598 2105 sicut
2638 2056 2694 2106 et
2724 2055 2926 2123 postea
2954 2053 3326 2110 manifestius
3376 2057 3641 2129 cognovi-

168 2150 332 2205 dere
368 2160 482 2219 pro
503 2143 613 2199 hac
636 2142 841 2198 eadem
873 2139 1282 2195 interdictione
1297 2139 1631 2209 noluerunt,
1647 2140 1871 2214 absque
1982 2139 2293 2211 mus,quid
2317 2139 2386 2193 de
2419 2139 2985 2197 nobistractabatur.
3004 2144 3226 2198 Tamen
3260 2143 3400 2200 licet
3429 2146 3635 2218 coacti,

169 2238 313 2296 ulla
357 2230 830 2292 contradictione
864 2232 1067 2302 postea
1097 2244 1328 2301 semper
1361 2228 1864 2288 ministraverunt.
1981 2227 2254 2284 dedimus
2284 2226 2747 2301 cazteri,excepto
2792 2229 3433 2305 uno,qui,priusquam
3473 2235 3634 2291 Ebbo

169 2327 361 2385 Unde
389 2326 619 2397 quanta
625 2319 826 2394 jurgia
846 2323 902 2375 et
916 2317 1490 2375 contentionesinter
1505 2337 1639 2375 eum
1662 2325 1720 2376 et
1740 2338 1870 2378 nos-
1978 2316 2622 2385 removeretur,litteris
2653 2318 2952 2375 canonicis
2982 2320 3235 2377 traditus
3265 2326 3354 2377 est
3386 2322 3633 2380 Liutado

170 2421 355 2474 trum
394 2411 795 2470 ordlnatorem
820 2408 948 2480 jam
978 2406 1304 2480 sepissime
1321 2407 1544 2464 dictum
1566 2409 1864 2466 Ebbonom
1975 2404 2372 2461 Vincentiensi
2405 2406 2696 2479 episcopo,
2730 2412 2787 2462 et
2820 2411 3023 2479 postea
3067 2408 3305 2466 licentia
3342 2415 3401 2466 et
3429 2412 3633 2484 depre-

172 2503 556 2570 exstiterint,
571 2501 815 2573 longum
837 2501 927 2555 est
946 2496 1157 2553 litteris
1188 2497 1700 2570 comprehendere,
1725 2500 1867 2573 quia

172 2596 351 2671 quod
367 2590 697 2665 expetierat
707 2586 987 2660 consequi
1007 2585 1728 2660 nequivit.0btinuitenim
1742 2594 1866 2646 tan-

173 2686 325 2741 dem
348 2681 518 2753 apud
539 2678 877 2753 piissimum
892 2676 1144 2732 Leonem
1159 2677 1867 2749 papam,utdareteijudi-

174 2792 281 2831 ces
307 2789 442 2829 sua:
463 2766 909 2831 vicissitudinis,
936 2765 1264 2837 Drogonem
1295 2765 1657 2839 episcopum,
1682 2766 1861 2840 Otga-

173 2862 347 2921 rium
376 2853 1082 2929 archiepiscopum,Hecti
1100 2852 1693 2927 archiepiscopum,ct
1709 2857 1863 2912 Gun-

175 2951 447 3008 baldum
487 2944 1015 3016 archiepiscopum.
1036 2941 1200 2996 Unde
1222 2945 1279 2996 et
1315 2941 1527 2998 litteris
1552 2944 1678 3014 jam
1706 2944 1860 3001 dicto

172 3033 516 3097 Hincmaro
547 3034 789 3089 mittens
821 3030 1186 3103 praicepit,ut
1214 3030 1298 3085 eis
1327 3047 1497 3086 suam
1510 3032 1864 3088 vicissitudi-

174 3146 319 3186 nem
355 3123 724 3182 habentibus
754 3121 826 3175 ad
858 3135 1066 3175 causas
1098 3119 1426 3174 reddendas
1456 3122 1857 3177 contraEbbo-

173 3236 317 3275 nem
340 3233 409 3271 se
434 3210 701 3269 Treveris
720 3211 1114 3282 prmsentaret.
1132 3208 1292 3274 Quod
1315 3207 1859 3277 minime,variisin-

174 3302 661 3365 tervenientibus
700 3298 1132 3366 occasionibus,
1156 3297 1228 3353 ad
1270 3297 1540 3352 effectum
1573 3300 1853 3370 pervenit.

1976 2495 2203 2551 catione
2232 2494 2421 2567 ipsius
2456 2495 2762 2550 nobiscum
2796 2497 3123 2554 ordinatus.
3160 2499 3291 2572 Ipse
3318 2500 3476 2557 enim
3507 2506 3634 2559 erat

1975 2600 2109 2639 cum
2144 2583 2346 2640 Carolo
2381 2600 2535 2657 rege,
2560 2589 2617 2639 et
2647 2584 2984 2641 nullatenus
3016 2587 3085 2642 ad
3114 2588 3406 2661 synodum
3431 2591 3627 2648 venit:

1975 2672 2190 2744 quippe
2222 2674 2395 2743 cujus
2420 2674 2693 2744 proprius
2722 2674 3031 2747 episcopus
3063 2674 3143 2730 ibi
3175 2692 3291 2732 non
3339 2682 3485 2734 erat.
3516 2679 3631 2735 Sed

1974 2779 2079 2816 nec
2102 2761 2434 2833 ipse,sicuti
2454 2767 2509 2816 et
2529 2779 2655 2827 nos,
2678 2762 2749 2817 ad
2782 2765 3071 2835 synodum
3098 2765 3376 2822 canonice
3390 2771 3631 2826 vocatus

1972 2851 2303 2905 advenerat.
2326 2850 2577 2922 Ideoque
2609 2868 2783 2905 suum
2813 2868 3025 2907 nomen
3047 2852 3188 2909 illuc
3204 2855 3491 2928 scriptum
3511 2874 3628 2914 non

1972 2940 2154 3005 misit,
2189 2939 2323 2993 licet
2353 2939 2581 2993 dicatur
2614 2939 2922 3010 scripsisse
2956 2942 3012 2995 in
3045 2940 3242 2998 libello
3273 2959 3307 2999 a
3338 2944 3508 2999 nobis
3538 2961 3629 3001 vo-

1971 3028 2111 3082 lenti
2147 3025 2532 3098 praeceptione
2565 3028 2992 3099 subscripto,et
3023 3046 3126 3101 per
3151 3030 3547 3103 Sigloardnm,
3569 3036 3628 3090 et

1972 3117 2310 3181 Leutonem,
2329 3120 2504 3186 atque
2525 3116 2704 3181 Isaac,
2721 3116 2860 3171 illuc
2881 3117 3283 3175 transmisisse
3307 3136 3319 3175 :
3345 3121 3499 3192 quod
3523 3120 3627 3176 mi-

1969 3206 2127 3260 nime
2162 3204 2313 3258 fecit.
2367 3204 2508 3259 Dato
2552 3209 2745 3259 autem
2800 3204 3016 3271 libello,
3051 3222 3300 3279 surgens
3347 3209 3624 3268 dominus

1971 3300 2166 3349 noster
2189 3292 2536 3348 llincmarus
2559 3294 3034 3366 archiepiscopus
3052 3295 3351 3368 elegitsibi
3366 3298 3623 3369 judices,

318 3359 468 3467 quae
487 3388 901 3445 interhazcduo
924 3386 1093 3457 signa
1110 3359 1497 3454 habentur,ab
1513 3359 1640 3460 ipso
1655 3405 1855 3445 mona-
1885 3359 1933 3431 (ἶ
1968 3381 2335 3440 Wenilonem
2358 3359 2886 3454 archiepiscopum.
2920 3359 3279 3441 Amalrioum
3302 3359 3626 3461 archiepis;

180 3486 370 3542 choet
391 3481 469 3537 ab
490 3480 586 3535 bis
607 3478 707 3550 qui
730 3476 1122 3532 interfuerunt
1142 3475 1509 3532 audivimus:
1537 3494 1642 3534 nos
1659 3482 1855 3535 tamen

180 3572 302 3647 ipsi
318 3588 445 3627 non
458 3568 777 3623 vidimus.«
796 3563 1082 3622 Similiter
1102 3563 1277 3620 etiam
1301 3569 1366 3620 ut
1388 3566 1858 3633 fertur,sicutau-

182 3661 453 3719 divimus
486 3656 721 3731 quando
752 3652 997 3727 pallium
1029 3654 1101 3709 ab
1150 3653 1471 3726 apostolica
1512 3657 1857 3713 auctoritate

179 3751 376 3808 isdem
391 3748 751 3803 Hincmarus
767 3743 956 3816 petiit,
971 3760 1084 3798 non
1118 3747 1293 3798 antea
1314 3742 1628 3814 impetrare
1642 3746 1854 3817 potuit,

182 3855 368 3913 quam
400 3837 477 3894 ab
509 3832 865 3891 Ermenardo
897 3832 1151 3903 quodam
1200 3831 1515 3887 Orbacensi
1567 3835 1854 3891 monacho

179 3929 377 3985 eidem
410 3927 632 3982 sanctaa
663 3923 937 3977 Romanae
984 3920 1107 3977 sedi
1148 3925 1515 3977 sacramento
1549 3924 1851 3979 firmatum

181 4019 294 4083 est,
325 4013 635 4069 Ebbonom
665 4010 789 4081 jam
824 4008 1035 4064 saeculo
1086 4008 1435 4075 decessisse;
1469 4026 1604 4065 cum
1637 4012 1848 4078 adhuc,

178 4102 318 4161 licet
346 4104 655 4159 senectute
686 4101 745 4154 et
762 4096 1400 4153 variisinfirmitatibus
1430 4103 1724 4169 gravatus,
1759 4117 1853 4156 su-

183 4194 412 4265 perstes
448 4194 675 4253 tamen,
690 4186 889 4241 sedem
916 4184 1325 4241 Hiltinesheim
1357 4186 1597 4256 paciﬁce
1627 4193 1852 4259 regeret

187 4296 252 4335 ac
273 4279 654 4353 gubernaret.
674 4275 786 4330 Sed
821 4278 1017 4329 tamen
1040 4272 1097 4326 in
1120 4271 1266 4343 ipsis
1288 4271 1617 4343 apostolica:
1650 4278 1848 4329 aucto-

188 4367 384 4423 ritatis
427 4364 663 4432 litteris,
697 4362 915 4435 quibus
947 4359 1136 4416 eidem
1170 4357 1482 4414 Hincmaro
1512 4376 1657 4414 usus
1688 4359 1850 4431 pallii

190 4472 509 4513 concessus
541 4457 654 4521 est,
688 4455 875 4517 caute,
910 4452 976 4504 ut
1012 4448 1072 4503 in
1117 4446 1351 4502 scrintis
1401 4452 1616 4502 sancta:
1646 4448 1851 4505 matris

192 4546 468 4601 Romana
491 4540 763 4599 Ecclesiae
784 4538 1030 4595 inveniri
1061 4541 1272 4610 potest,
1292 4536 1579 4591 inscrtum
1599 4535 1812 4609 legitur
1834 4553 1848 4592 :

194 4633 583 4690 Concedimus
614 4631 721 4686 tibi
763 4644 938 4685 usum
972 4626 1155 4700 pallii,
1190 4625 1347 4681 salva
1379 4630 1575 4681 tamen
1609 4630 1851 4681 conten—

1967 3470 2534 3544 cOpum,Pardulum
2559 3487 2792 3541 quoque
2824 3472 3166 3544 episcopum
3197 3491 3371 3530 suum
3420 3479 3626 3536 suffra-

1967 3560 2679 3633 ganeum,commcndans
2714 3560 2762 3614 ei
2797 3561 2973 3615 etiam
3007 3561 3199 3617 locum
3223 3566 3625 3624 suum.Jussit

1965 3655 2163 3705 autem
2205 3665 2311 3702 nos
2342 3648 2689 3719 eligere,qui
2716 3650 2842 3717 jam
2877 3650 2948 3705 ab
2982 3649 3107 3721 ipso
3159 3651 3305 3721 solo,
3329 3653 3378 3709 si
3419 3654 3508 3711 fas
3536 3659 3626 3713 est

1965 3740 2301 3804 dicere,non
2325 3736 2601 3793 canonice
2615 3738 3103 3794 excommunicati
3120 3755 3376 3797 eramus.
3391 3741 3626 3801 Manen-

1962 3833 2051 3884 tes
2073 3832 2266 3883 autem
2290 3826 2347 3881 in
2372 3826 2479 3881 hac
2500 3825 2754 3882 maxima
2775 3827 3450 3897 tribulatione,timentes
3465 3834 3621 3904 quod

1963 3918 2012 3974 si
2046 3934 2160 3972 non
2192 3916 2561 3985 eligeremus,
2596 3916 2881 3985 superbire
2914 3921 2971 3971 et
2999 3918 3346 3988 arrogantia)
3377 3919 3619 3991 deputa-

1963 4012 2153 4069 retur;
2178 4003 2223 4059 si
2257 4008 2451 4058 autem
2476 4003 3198 4073 eligeremusmullatenus
3228 4006 3398 4063 nobis
3427 4010 3621 4079 profu-

1958 4101 2157 4149 turum
2194 4092 2543 4157 sciebamus,
2561 4108 2695 4145 cum
2720 4092 2919 4147 omnia
2938 4091 3219 4149 violenter
3244 4094 3411 4151 nobis
3433 4100 3623 4154 extor-

1958 4182 2309 4255 quebantur,
2342 4179 2482 4250 quia
2512 4178 2736 4234 scilicet
2765 4196 2870 4234 nos
2921 4180 3187 4253 proloqui
3234 4199 3610 4257 nequaquam

1961 4271 2223 4335 cedebat,
2255 4268 2343 4323 vel
2376 4268 2883 4324 condcmnationis
2914 4269 3448 4341 prmjudieium,vel
3480 4290 3619 4331 evo-

1961 4358 2111 4415 catio
2143 4373 2256 4411 non
2290 4357 2494 4429 legalis
2538 4357 2611 4412 ad
2661 4359 2971 4429 synodum.
3001 4360 3242 4418 Judices
3286 4361 3488 4434 etiam,
3521 4364 3622 4436 qui

1960 4450 2127 4503 erant
2157 4444 2326 4500 nobis
2357 4445 2927 4517 eligendi,quoniam
2959 4465 3074 4503 non
3098 4449 3444 4522 interposita
3473 4457 3621 4509 tem-

1962 4536 2119 4608 poris
2152 4534 2449 4602 dilatione,
2483 4551 2686 4590 verum
2719 4535 2929 4591 subita:
2963 4538 3418 4595 necessitudinis
3451 4537 3626 4597 inter-

1963 4625 2276 4701 pellatione
2306 4628 2503 4679 essent
2552 4621 2838 4693 eligendi;
2870 4641 3004 4679 cum
3052 4627 3379 4682 secundum
3426 4627 3623 4701 legum

194 4723 350 4779 tione
381 4740 509 4796 qua:
541 4721 696 4776 inter
739 4724 794 4774 te
817 4722 873 4775 et
895 4717 1195 4773 Ebbonom
1228 4715 1543 4770 habetur.»
1568 4716 1651 4770 Ad
1677 4731 1855 4786 quam
1890 4730 1938 4794 D
1970 4715 2289 4771 constituta
2321 4730 2422 4784 per
2451 4712 2730 4783 temporis
2771 4711 3027 4782 spatium
3078 4712 3212 4786 eligi
3256 4715 3490 4785 judices
3524 4718 3624 4774 de-

196 4811 583 4868 oontentionis
612 4809 777 4864 litem
809 4806 1149 4872 ﬁniendam,
1183 4802 1345 4860 nullo
1402 4804 1667 4875 imperio,
1696 4802 1861 4860 nulla

198 4912 456 4972 unquam
474 4896 839 4955 auctoritatis
861 4895 1248 4968 praaceptionc
1269 4893 1456 4949 isdem
1480 4892 1642 4949 Ebbo
1664 4909 1857 4964 perve-

1969 4804 2161 4869 beant,
2180 4807 2242 4857 ut
2266 4800 2492 4873 possint
2511 4800 2819 4872 diligenter
2840 4802 3066 4858 edoceri
3094 4804 3311 4873 quibus
3345 4806 3417 4861 de
3448 4807 3625 4863 rebus

1967 4891 2087 4946 sint
2110 4890 2454 4962 judicaturi.

1334 5160 1708 5249 EBBON
1715 5162 1814 5248 IS
1872 5159 2483 5248 POEMATIA.

1453 5310 1781 5373 (Flodoard.,
1810 5311 1943 5361 Hist.
1975 5310 2111 5360 Eccl.
2144 5310 2359 5375 Rhem.)

1752 5436 2096 5449 -———————-

1014 5536 1036 5590 Ι

221 5653 488 5730 Inscriptio
521 5677 685 5734 quam
731 5658 874 5715 Ebbo
922 5659 1172 5731 praeﬁxit
1198 5659 1442 5717 ecclesia?
1471 5658 1657 5716 Sancti
1685 5660 1853 5717 Petri.

227 5777 535 5844 Ludovicus
563 5786 755 5846 Cwsar
783 5784 974 5843 factus
1004 5787 1316 5841 coronante
1348 5783 1644 5856 Stephano

2040 5535 2157 5592 Hac
2188 5536 2248 5591 in
2278 5536 2415 5592 sedo
2445 5550 2597 5609 papa
2626 5549 2838 5607 magno
2873 5552 2884 5592 :
2919 5538 3059 5590 tunc
3090 5538 3147 5594 et
3170 5534 3291 5595 Ebo
3335 5535 3593 5609 pontifex

1970 5625 2379 5681 Fundamenta
2411 5624 2706 5681 renovavit
2736 5627 2946 5681 cuncta
2972 5623 3081 5681 loci
3112 5624 3306 5696 istius,

1968 5711 2140 5768 Urbis
2157 5713 2296 5782 jura
2327 5711 2437 5766 sibi
2470 5712 2729 5768 subdens
2760 5711 2971 5783 praesul
3006 5712 3166 5767 auxit
3194 5714 3411 5769 omnia.
