3900 6396
88 467 199 529 23

1519 468 1621 529 DE
1666 466 2210 529 GRAMMATICA.
3495 468 3580 531 26

1506 746 2211 837 FRAGMENTA

634 915 774 1063 EX
884 914 1205 1063 Llllllll
1312 914 1971 1063 llllllllllNlllCl
2074 916 2207 1061 illi
2311 915 2988 1062 Gllzlilllslllﬂl
3060 918 3094 954 ³

1180 1135 1273 1190 AD
1316 1134 1803 1191 GRIMOALDUM
1836 1100 2549 1190 'ARCHICAPELLANUM

1231 1264 1351 1325 Ubi
1376 1263 1568 1325 multa
1598 1261 1669 1323 de
1698 1264 1843 1324 viris
1875 1262 2203 1323 illustribus
2236 1260 2300 1325 S.
2343 1261 2520 1325 Galli.

1492 1395 1761 1465 (Mabil].,
1791 1396 1921 1451 Vet.
1954 1394 2240 1455 Analect.)

204 1624 335 1681 Diu
376 1636 517 1678 sane
550 1621 693 1676 mihi
728 1623 1129 1693 pertractanti,
1156 1629 1574 1695 praceptorum
1600 1625 1812 1680 doctis-
1843 1626 1899 1693 Α
1926 1624 2152 1680 bistam
2176 1622 2486 1694 limpidum
2511 1626 2685 1692 atque
2706 1621 2999 1677 salubrem
3017 1623 3196 1679 totius
3210 1625 3581 1682 bonifontem

122 1716 320 1781 sime,
382 1728 499 1784 quo
548 1710 739 1783 primo
787 1711 1091 1767 exordium
1153 1712 1542 1785 adipiscendae
1591 1714 1816 1771 dilecta:

123 1803 435 1861 amicitiae
465 1788 668 1857 vestrm
699 1815 991 1873 caperem,
1023 1802 1175 1857 inter
1208 1803 1397 1859 multa
1426 1805 1622 1860 animo
1646 1822 1819 1877 oppo-

124 1893 257 1951 sita
288 1894 691 1947 occurrerunt
722 1889 867 1945 mihi
899 1890 1015 1946 duo
1062 1908 1277 1964 magna
1327 1892 1642 1950 luminaria
1679 1912 1690 1947 :
1730 1894 1814 1949 lu-

124 1982 391 2039 minare
420 1980 636 2051 majus,
663 1995 777 2052 quo
798 1978 1211 2038 illuminamur
1239 1986 1307 2038 ut
1337 1982 1615 2056 diligatur
1637 1983 1815 2055 Deus,

123 2076 194 2132 et
229 2069 545 2128 luminare
576 2069 776 2127 minus
807 2070 962 2126 unde
994 2070 1295 2143 proximus
1330 2087 1341 2127 :
1378 2074 1451 2129 ad
1494 2090 1623 2146 quas
1672 2091 1815 2147 prea-

124 2165 320 2234 cepta
344 2162 563 2215 caetera
579 2158 893 2226 cohaerent,
907 2159 1082 2215 veluti
1102 2160 1279 2217 etiam
1298 2162 1519 2218 nomini
1542 2168 1598 2218 et
1620 2163 1815 2232 verbo,

126 2253 197 2308 in
251 2248 493 2323 quibus
550 2263 862 2320 personam
911 2253 1182 2306 tenemus
1227 2255 1285 2307 et
1336 2256 1555 2319 actum,
1600 2259 1817 2309 caetera!

131 2344 356 2415 partes
389 2350 596 2395 omnes
625 2336 875 2394 invicem
909 2340 1261 2411 appendent.
1296 2340 1443 2397 Cum
1492 2342 1650 2399 enim
1702 2360 1817 2400 non

127 2430 363 2504 ignoro
399 2430 460 2484 te
487 2430 612 2483 tam
643 2425 704 2482 in
733 2432 1003 2499 poemate
1034 2443 1213 2500 quam
1243 2428 1305 2485 in
1328 2432 1491 2487 omni
1518 2436 1643 2488 arte
1672 2432 1821 2505 prio-

133 2535 287 2577 rum
316 2512 597 2589 adprime
628 2521 892 2584 cautum,
925 2515 985 2573 in
1014 2520 1272 2587 tantum,
1295 2524 1362 2575 ut
1402 2520 1698 2577 interdum
1731 2538 1823 2579 co-

133 2608 385 2665 thurno
415 2604 661 2667 comico.
694 2603 1014 2678 aliquando
1043 2623 1177 2662 vero
1218 2613 1378 2664 veste
1428 2610 1821 2682 septemplici,

137 2713 338 2771 quam
372 2693 598 2766 Sophia
627 2693 738 2750 sibi
767 2694 893 2751 suis
940 2695 1217 2753 manibus
1264 2701 1548 2766 texuerat,
1576 2698 1825 2756 indutus

138 2786 414 2843 mirifice
447 2782 734 2855 procedis.
770 2783 983 2840 Praeter
1010 2784 1134 2841 haec
1173 2787 1351 2843 etiam
1399 2789 1651 2859 gemmis
1697 2806 1822 2846 om-

141 2875 325 2933 nium
377 2871 666 2927 virtutum
714 2871 1054 2939 adornatus,
1087 2872 1418 2930 humilitate
1469 2875 1825 2948 praecipuus,

132 2962 397 3037 justitia
439 2964 797 3032 temperans,
825 2959 1166 3018 fortitudine
1214 2979 1476 3029 serenus,
1511 2965 1825 3035 prudentia

144 3057 402 3117 cautus,
436 3047 826 3120 temperantia
869 3050 1195 3118 modestus,
1230 3050 1350 3107 zelo
1393 3052 1493 3107 Dei
1542 3053 1820 3119 fervidus,

146 3138 459 3214 patientia
516 3137 878 3203 lenissimus,
933 3138 991 3193 in
1045 3140 1305 3196 adversis
1358 3140 1720 3209 lzetissimus,
1763 3140 1824 3197 in

149 3225 469 3301 prosperis
501 3224 874 3305 humillimus
905 3244 1095 3299 pares.
1128 3230 1197 3284 Et
1239 3247 1354 3285 non
1407 3231 1701 3286 immerito
1732 3230 1826 3287 his

147 3318 456 3374 virtutum
489 3314 599 3370 alis
630 3319 865 3371 caateros
898 3317 1181 3388 praecellis
1209 3336 1220 3373 :
1248 3319 1387 3390 quia
1418 3319 1606 3391 primo
1637 3321 1825 3375 astatis

152 3406 416 3463 ilosoulo
447 3406 603 3460 inter
632 3403 853 3460 aulicos
885 3406 1189 3462 beatorum
1212 3410 1610 3480 Augustorum
1634 3426 1826 3465 mores

151 3494 620 3552 decentissimos
644 3494 939 3549 enutritus
971 3512 1054 3561 es,
1087 3501 1207 3551 tam
1241 3498 1454 3569 dogma
1484 3498 1668 3554 totius
1701 3499 1824 3556 dis-

153 3583 422 3655 ciplinae,
447 3598 626 3654 quam
652 3598 918 3639 normam
953 3590 1102 3639 recte
1132 3586 1359 3642 vivendi
1389 3587 1459 3641 ab
1482 3588 1565 3642 eis
1587 3588 1824 3644 didicis-

156 3674 224 3742 ti,
259 3674 366 3744 qui
404 3673 469 3727 in
501 3671 663 3727 omni
694 3671 939 3744 imperio
970 3690 1105 3729 cum
1138 3676 1252 3730 Deo
1284 3677 1503 3731 summi
1538 3679 1716 3732 luere.

230 3762 349 3818 Sed
374 3765 437 3817 et
457 3760 741 3816 hactenus
772 3762 893 3817 rivo
917 3764 1355 3832 jucundissimo
1374 3783 1439 3820 ac
1462 3766 1518 3820 in
1542 3767 1701 3822 omni
1721 3766 1828 3821 vir-

157 3856 365 3907 tutum
389 3854 706 3906 stemmate
728 3850 1072 3924 prmfulgido
1096 3871 1163 3910 ex
1185 3856 1542 3925 primoribus
1566 3855 1826 3911 fontibus

155 3939 346 3996 totius
378 3939 630 4010 Europa)
661 3942 958 3995 emananti
991 3942 1269 4010 cobzeres,
1294 3944 1584 3999 Ludovico
1606 3944 1829 4001 scilicet

159 4027 560 4084 dilectissimo
591 4028 711 4100 regi
741 4033 961 4096 nostro,
986 4031 1087 4101 qui
1118 4030 1253 4086 licet
1285 4031 1610 4104 augustiori
1641 4032 1828 4088 limite

159 4119 487 4184 terrarum,
519 4116 736 4173 virtute
767 4120 964 4174 tamen
986 4120 1167 4174 vincit
1187 4119 1494 4177 Herculem
1517 4125 1827 4177 centauros

161 4205 601 4276 dominantem,
632 4211 691 4262 et
717 4205 978 4280 agilitate
1009 4207 1297 4280 Ulyssem.
1333 4210 1635 4281 Interroga
1665 4210 1826 4267 Sola-

159 4309 264 4351 ms
292 4294 353 4351 in
388 4311 557 4370 gyro,
592 4298 653 4351 et
684 4311 802 4352 non
832 4295 1064 4352 miraris
1093 4296 1352 4369 epitoma
1380 4312 1598 4353 meum.
1634 4297 1828 4355 Habe-

1925 1712 2397 1777 concessit,unde
2428 1714 2639 1765 cuncta
2661 1710 2903 1782 paciﬁca
2924 1716 2982 1766 et
2998 1711 3169 1767 utilia
3189 1730 3424 1788 semper
3442 1715 3584 1771 hau-

1928 1802 2134 1869 rimus,
2170 1801 2569 1870 haustumque
2593 1798 2722 1871 ipse
2751 1800 3028 1856 omnibus
3060 1802 3133 1857 ad
3166 1819 3230 1857 se
3257 1819 3581 1876 properan—

1926 1891 2088 1945 tibus
2118 1889 2464 1944 indeliciens
2494 1888 2713 1959 prmhet
2745 1892 2801 1941 et
2821 1888 2984 1960 cupit
3014 1885 3257 1945 hauiiiri.

1998 1979 2110 2035 Sed
2142 1978 2318 2034 eheul
2353 1977 2508 2033 idem
2538 1977 2662 2048 ipse
2693 1980 2813 2033 tam
2838 1977 3033 2033 labilis
3056 1977 3187 2035 fons
3208 1996 3280 2035 ne
3302 1980 3414 2036 late
3438 1982 3580 2038 ﬂue-

1927 2074 2034 2136 ret,
2068 2083 2244 2140 quam
2278 2082 2431 2138 saepe
2471 2065 2963 2122 machinamentis
3014 2069 3407 2139 quorumdam
3457 2074 3581 2127 tam

1927 2157 2496 2229 privatorum,quam
2508 2155 2685 2210 etiam
2700 2154 3071 2211 ethnicorum
3085 2173 3190 2213 seu
3208 2163 3583 2216 externorum

1927 2246 2236 2301 hominum
2268 2243 2574 2316 dispendio
2605 2243 2951 2311 obstruitur,
2986 2261 3219 2303 oremus
3269 2249 3484 2320 prodit,
3516 2266 3587 2306 ac

1927 2335 2128 2392 bestia)
2159 2333 2503 2407 loquuntur,
2538 2334 2722 2388 donec
2755 2337 3130 2407 restagnatus
3153 2334 3215 2390 in
3236 2342 3449 2402 sese,et
3467 2354 3583 2394 non

1928 2425 2057 2481 sine
2086 2423 2341 2496 periculo
2375 2422 2466 2478 sui
2499 2421 2931 2494 patientissime
2961 2440 3024 2479 se
3046 2424 3584 2499 exedebat,Deoque

1928 2530 2065 2571 eum
2096 2517 2434 2586 protegente
2465 2511 2647 2566 armis
2679 2510 3106 2583 rempublicam
3129 2513 3585 2572 defendebatzin

1930 2602 2101 2670 cujus
2132 2602 2311 2657 etiam
2343 2600 2568 2656 laribus
2599 2605 2662 2655 tu
2695 2600 2820 2671 ipse
2848 2599 3027 2656 veluti
3063 2601 3255 2657 fidelis
3285 2602 3421 2659 Jola
3448 2621 3586 2660 con-

1927 2689 2501 2761 vorsatus,latusque
2531 2690 2835 2744 dexterum
2866 2690 3203 2759 observans,
3238 2693 3422 2748 nostri
3464 2710 3586 2749 me—

1931 2781 2048 2836 lius
2078 2796 2254 2852 quam
2279 2777 2759 2849 incomparabilis
2791 2779 2872 2834 sit
2900 2779 3030 2848 ejus
3070 2780 3279 2851 pietas,
3313 2782 3502 2838 virtus
3532 2788 3595 2839 et.

1932 2867 2256 2939 ingenium,
2289 2866 2538 2922 aliarum
2570 2866 2835 2937 gentium
2870 2866 3130 2938 legibus!
3164 2869 3382 2942 quippe
3402 2871 3503 2941 qui
3528 2871 3593 2926 in.

1933 2956 2050 3011 Deo
2081 2954 2561 3027 solo.potentiam
2612 2954 2895 3025 possidet,
2930 2961 2988 3010 et
3032 2958 3200 3027 copia
3247 2958 3591 3014 divitiarum

1936 3046 2064 3113 ejus
2096 3048 2186 3099 est
2226 3043 2521 3113 sapientiae
2573 3043 2771 3096 decus.
2810 3043 3033 3113 Quippe
3083 3043 3211 3098 aliis
3260 3045 3488 3117 sophia,
3523 3052 3590 3104 ut

1936 3134 2160 3187 dictum
2193 3137 2300 3195 est,
2336 3132 2547 3201 impar,
2575 3147 2677 3185 avo
2712 3134 2942 3185 tantum
2974 3136 3139 3203 parte
3170 3149 3410 3189 censore
3432 3136 3589 3206 judi-

1937 3228 2102 3278 catus
2140 3240 2151 3275 :
2188 3226 2480 3293 quatenus
2513 3236 2577 3274 eo
2610 3218 2925 3290 superstite
2963 3219 3206 3290 habeas,
3237 3222 3392 3279 unde
3422 3223 3589 3297 inge-

1937 3310 2102 3364 nium
2133 3309 2439 3381 grandmvo
2463 3308 2589 3377 jam
2622 3308 2784 3362 senio
2823 3307 3046 3362 fessum
3094 3325 3366 3377 exacuas,
3397 3316 3455 3367 et
3483 3330 3589 3369 seu

1936 3398 2208 3454 Carolum
2239 3398 2531 3468 optimum
2565 3413 2681 3467 pra:
2703 3394 2888 3451 oculis
2909 3396 3111 3463 habes,
3130 3398 3211 3454 nil
3234 3401 3312 3456 sit
3330 3401 3418 3457 vel
3432 3404 3589 3474 quod

1937 3487 2156 3553 doleas,
2191 3485 2276 3541 vel
2308 3485 2707 3557 pertimescas.
2744 3485 2855 3540 Sed
2889 3484 3011 3540 luec
3043 3486 3223 3544 latius
3250 3489 3418 3547 alias.

2009 3578 2314 3640 Gestorum,
2354 3574 2434 3628 mi
2465 3574 2812 3628 charissima
2852 3573 3170 3644 didascale,
3203 3593 3274 3634 ne
3321 3595 3416 3635 me
3464 3580 3588 3638 lon-

1937 3666 2068 3737 gius
2100 3664 2171 3718 ah
2206 3665 2451 3735 inciepta
2481 3664 2577 3717 via
2604 3678 2909 3735 egressum
2950 3665 3247 3738 objurges,
3281 3669 3454 3726 redeo
3486 3670 3590 3726 de-

1939 3771 2101 3809 mum
2137 3752 2311 3825 adgid,
2341 3769 2457 3823 quo
2485 3768 2687 3807 omnes
2709 3752 2957 3808 virtutes
2984 3756 3385 3825 spectant,hoc
3408 3763 3591 3828 est,ut

1938 3842 2126 3916 primo
2178 3841 2492 3913 diligamus
2545 3841 2729 3896 Deum
2780 3846 2838 3894 et
2876 3841 3192 3899 Dominum
3223 3850 3491 3902 nostrum
3523 3864 3592 3904 ex

1937 3936 2056 3987 toto
2086 3931 2277 3999 corde,
2312 3935 2368 3984 et
2396 3946 2462 3984 ex
2500 3933 2620 3983 tota
2652 3930 2869 3993 anima,
2904 3934 2962 3984 et
2989 3946 3057 3985 ex
3088 3935 3210 3987 tota
3240 3936 3456 4002 mente,
3488 3937 3591 4008 qui

1937 4026 2027 4077 est
2059 4024 2271 4073 {eterna
2331 4016 2728 4088 pulchritudo,
2781 4021 2999 4072 aeterna
3055 4018 3324 4089 dulcedo,
3376 4026 3592 4081 aeterna

1937 4107 2218 4172 suavitas,
2249 4110 2466 4161 aeterna
2496 4104 3057 4177 t'ragrantia,azterna
3077 4107 3590 4185 jucunditas,per—

1939 4199 2154 4268 petuus
2184 4194 2389 4260 honor,
2424 4192 2766 4249 indeﬁciens
2798 4192 3067 4252 felicitas.
3092 4196 3238 4254 Dein
3271 4198 3591 4277 diligamus

1937 4284 2234 4357 proximos
2265 4286 2498 4339 nostros
2521 4286 2805 4355 tanquam
2838 4300 2944 4340 nos
2977 4284 3159 4357 ipsos.

164 4397 302 4440 mus
332 4382 594 4456 denique
625 4401 752 4453 nos,
784 4383 975 4458 ipsius
1005 4384 1229 4441 alumni
1261 4385 1626 4458 pauperculi,
1648 4387 1707 4443 in
1738 4402 1785 4443 et

2006 4375 2197 4429 Postea
2224 4379 2413 4427 auctor
2439 4374 2557 4443 agit
2581 4370 2648 4427 dc
2674 4374 2864 4429 anima
2893 4381 2945 4429 et
2974 4378 3219 4444 ratione;
3241 4384 3358 4434 tum
3375 4379 3589 4437 subdit:

168 4471 303 4528 dem
332 4473 460 4529 rivo
490 4473 747 4544 majores
778 4473 976 4547 copias
999 4472 1267 4547 Scythico
1288 4474 1465 4531 Canai
1489 4475 1829 4548 formasque

168 4558 329 4631 ipsas
360 4560 494 4619 Nilo
523 4562 915 4634 praferentes.
935 4562 999 4618 Ei
1024 4562 1243 4635 gratias
1274 4564 1707 4638 referimus,qui
1732 4581 1829 4621 no-

154 4735 160 4741 .
240 4701 267 4739 a
294 4685 358 4764 In
391 4684 750 4764 bibliotheca
781 4687 979 4764 Sancti
997 4686 1166 4764 _Galli
1191 4687 1426 4764 libellus
1454 4691 1638 4764 cujus
1669 4691 1828 4764 frag-

173 4761 373 4813 menta
393 4758 610 4813 damus
629 4763 821 4815 exstat
838 4775 974 4815 cum
997 4760 1106 4815 hoc
1126 4760 1298 4815 titulo
1319 4777 1333 4816 :
1358 4758 1583 4817 Ordiuir
1601 4758 1770 4818 osisto

172 4826 483 4886 Emwnrici
509 4832 750 4957 emacem?
776 4829 847 4885 ad
888 4830 1152 4887 domuum
1196 4833 1535 4890 Grimoldum
1582 4826 1829 4891 abbatem

175 4905 226 4953 et
244 4900 534 4957 archicane
614 4918 771 4956 nam.
815 4901 1006 4957 Codex
1053 4904 1308 4957 auctoris
1354 4910 1522 4957 astate
1571 4906 1827 4957 scrintus

175 4905 226 4989 et
241 4900 771 4989 ρνςιξίαιρεζιαηάγῃ.
815 4901 1006 4989 codex
1053 4904 1308 4989 auctoris
1352 4910 1522 4989 astate
1571 4906 1827 4989 scriptus

176 4973 283 5094 es;i
315 4972 378 5028 id
397 4972 489 5031 est.
513 4973 583 5029 ab
607 4972 779 5056 annis
801 4973 1151 5057 octingentis
1178 4992 1190 5029 :
1216 4992 1333 5048 quo
1348 4980 1610 5060 tempore
1630 4972 1829 5034 sancti

283 5040 323 5097 ll
341 5050 697 5121 monasterio
717 5051 960 5121 praeerat
973 5044 1446 5121 anmoldus,qu1
1467 5048 1627 5103 illius
1644 5066 1829 5121 cumo-

179 5108 261 5187 bii
288 5115 551 5187 regimen
581 5108 894 5172 iniit-anno
922 5119 1051 5186 841,
1077 5122 1223 5173 teste
1248 5108 1827 5177 EkHehardo.Libelli

180 5179 389 5263 titulun}
405 5186 701 5263 primaria
728 5205 909 5263 manu
927 5179 1212 5263 exaratus
1244 5194 1333 5246 est
1361 5195 1571 5263 prazter
1615 5209 1830 5251 nomen

181 5254 812 5379 reopiisecunderia,
843 5260 945 5316 sed
976 5260 1242 5334 antiqua,
1268 5254 1449 5318 manu
1481 5263 1826 5345 ascriptum.

228 5340 553 5379 rmenncus
585 5328 683 5379 hic
710 5330 822 5379 fuit
852 5331 1180 5379 monachus
1210 5332 1535 5379 Anainnain.
1572 5333 1723 5379 nllus:
1754 5335 1826 5379 nh

228 5327 553 5401 rmenricus
584 5328 683 5388 hic
710 5330 822 5387 fuit
852 5327 1180 5388 monachus
1207 5332 1537 5401 Augiensis,
1572 5327 1723 5390 alius
1754 5335 1827 5392 ab

185 5349 553 5387 ωὐιθητιουδ
584 5349 683 5388 mc
710 5349 822 5387 run
852 5349 1180 5388 monachus
1207 5349 1292 5388 au
1339 5350 1537 5401 laneis,
1572 5349 1723 5390 auus
1754 5349 1827 5392 an

183 5390 513 5482 Ermenrioo
535 5402 822 5482 monacho
844 5403 1279 5482 glevvangensi:
1292 5349 1465 5482 gerro
1483 5423 1551 5461 ex
1567 5405 1660 5482 his
1682 5407 1831 5482 frag-

187 5471 395 5551 mentis
409 5471 576 5551 inter
594 5471 1136 5551 aliaintelligimus,
1150 5474 1556 5551 Walafredum
1584 5471 1831 5551 Augieﬁ-

185 5549 308 5621 φρει
332 5539 801 5621 abbatem,cujus
813 5539 971 5621 mors
984 5547 1042 5601 in
1057 5539 1280 5621 annum
1292 5550 1476 5605 84901:
1488 5539 1827 5621 Hepidanno

186 5607 579 5692 giH‘ermanpo
591 5607 817 5692 inci-dit,
832 5617 1051 5692 obiisse
1067 5607 1637 5692 i‘nAlegatione,quan1
1652 5623 1827 5691 jussu

190 5674 455 5763 laudovici
486 5674 817 5763 Germaniae
843 5690 995 5762 regis
1024 5690 1095 5745 ad
1117 5674 1393 5747 Caiiolum
1413 5674 1824 5763 c'jté'r’iairém’,’

188 5759 563 5820 cognomento
594 5758 857 5829 Calvum,
884 5758 1313 5833 susceperatJn
1336 5758 1611 5835 praedicto
1636 5763 1831 5823 codice

1938 4462 2068 4518 Haec
2098 4459 2336 4527 idcirco,
2369 4459 2440 4514 de
2485 4458 2694 4514 animm
2744 4465 2901 4517 statu
2940 4462 3028 4518 vel
3079 4464 3434 4532 substantia,
3466 4471 3593 4527 tam

1936 4549 2050 4607 late
2078 4547 2389 4622 protuli,ut
2418 4546 2610 4604 sciant
2641 4547 2920 4622 legentes,
2941 4551 3040 4621 qui
3061 4567 3124 4608 se
3141 4552 3325 4608 Deum
3347 4553 3591 4628 diligere

1937 4675 2099 4730 deest
2127 4672 2383 4745 libellus,
2416 4688 2590 4743 quem
2623 4671 2701 4745 de,
2730 4674 3051 4745 incgptionc
3097 4679 3437 4733 monasterii
3467 4680 3589 4735 Au-

1936 4744 2178 4818 giensis,
2213 4744 2363 4818 etde
2397 4745 2514 4818 Vita
2539 4744 2958 4818 ejusdemilOci
3006 4746 3431 4805 monachorum
3463 4767 3500 4807 ο.
3527 4769 3591 4808 se

1936 4816 2223 4898 scriptum
2256 4816 2628 4898 Ermenricus
2661 4816 2771 4870 sub
2802 4817 2980 4873 finem
3011 4818 3383 4892 superiorum
3434 4822 3589 4898 frag-
3656 4860 3664 4867 ι

1938 4887 2271 4944 mentorum
2304 4887 2473 4942 dixit.

2010 4959 2299 5033 Homerus
2330 4963 2521 5033 poeta,
2553 4959 2731 5033 cujus
2738 4959 3071 5033 pentiam
3109 4961 3219 5016 sub
3270 4962 3469 5033 ﬁnem,
3501 4970 3592 5021 est

1937 5030 2274 5088 Grimaldus
2298 5029 3075 5101 magister,euiWalafridus
3089 5033 3338 5091 Strabus
3353 5029 3589 5093 carmen

1938 5102 2237 5180 quoddam
2268 5100 2656 5180 inscribit,_dc
2683 5100 2964 5180 βτίηωιᾷρ
2989 5106 3455 5179 nugistro,quem
3488 5125 3589 5180 po-

1937 5171 2064 5231 stea
2092 5173 2409 5230 Homerum
2433 5171 2652 5246 apellat
2682 5171 2777 5228 his
2805 5173 2999 5230 verbis
3030 5191 3045 5230 :

2063 5295 2321 5362 Quamvis
2342 5294 2527 5345 subter
2556 5308 2684 5358 agas
2713 5308 2902 5362 regum
2924 5298 3196 5362 tabularia
3222 5301 3410 5362 vitam,

2062 5360 2178 5409 Non
2209 5362 2258 5409 te
2287 5361 2567 5422 prmtereo,
2601 5361 2941 5422 specubusne
2971 5360 3183 5422 latebis,
3214 5360 3462 5415 Homere.

2062 5422 2194 5487 {Iovi
2226 5434 2457 5487 namque
2490 5420 2680 5487 Sicana
2709 5420 2803 5469 tibi
2832 5422 3011 5483 spelea
3038 5420 3267 5487 placere,

2063 5484 2219 5534 Solus
2249 5482 2339 5531 ubi
2372 5482 2571 5532 mensis
2601 5482 2875 5532 Musarum
2896 5490 2960 5533 et
2987 5482 3167 5537 amore
3197 5482 3413 5538 fruaris.

1938 5602 2142 5674 Itaque
2174 5595 2325 5674 alius
2358 5597 2483 5674 fuit
2508 5597 2794 5655 Homerus
2844 5598 2953 5654 iste
2994 5575 3361 5674 Angilberto.
3382 5604 3590 5664 abbate

1937 5668 2296 5744 Centulensi,
2331 5670 2433 5744 cui
2470 5668 2577 5723 hoc
2610 5686 2853 5744 nomen
2896 5668 3218 5744 ascriptum
3270 5681 3358 5731 est
3391 5693 3402 5730 :
3437 5676 3589 5735 alius

1859 5748 1909 5813 D
1940 5745 2080 5800 item
2111 5759 2145 5797 a
2176 5740 2475 5798 Grimaldo
2508 5740 2994 5815 archicapellano.
