3900 6384
325 409 404 477 97
1364 417 1801 483 ERMANRICI
1846 417 2205 485 MONACHI
2250 425 2702 492 AUGIENSIS.
3672 428 3750 497 28

327 550 693 624 profitentur,
729 550 885 624 quod
916 548 999 606 ita
1027 567 1160 607 eum
1192 550 1434 624 diligere
1466 551 1681 609 debent
1709 551 1885 610 veluti
1916 558 1981 611 tu
2013 554 2065 621 A
2095 556 2223 614 sine
2246 558 2427 615 dubio
2453 560 2814 617 domicilium
2842 560 3146 635 proprium
3167 562 3499 638 babet,qua2
3520 563 3627 623 etsi
3644 581 3747 640 pro

326 640 541 713 diligis,
577 658 645 698 ex
672 644 791 696 tota
820 640 1088 695 videlicet
1119 641 1337 707 anima,
1372 641 1427 696 id
1461 646 1549 697 est
1574 659 1707 698 cum
1734 643 1976 713 ratione,

325 735 535 788 etcum
566 729 840 785 omnibus
871 730 1145 786 sensibus
1168 730 1312 799 suis,
1339 732 1453 787 fide
1478 731 1778 805 firma,spe
1800 737 1977 800 certa,

324 819 605 877 eharitate
636 820 924 892 perfecta;
949 820 1192 875 credens
1216 822 1273 875 in
1296 837 1453 889 eum,
1471 838 1714 893 sperans
1740 822 1796 877 in
1820 838 1977 891 eum,

322 909 571 982 diligens
620 926 755 964 eum
788 927 821 964 a
853 926 969 981 quo
1019 909 1238 976 omnia,
1270 909 1328 963 in
1362 927 1477 983 qno
1527 913 1746 979 omnia,
1781 916 1835 967 et
1877 929 1981 984 per

321 1017 495 1074 quem
527 1000 726 1055 omnia
757 1002 897 1055 sunt
927 998 1100 1065 bona,
1137 1002 1311 1069 atque
1344 1001 1766 1071 permanentia.

391 1091 477 1145 Ob
507 1090 679 1162 cujus
708 1105 991 1154 amorem,
1015 1088 1153 1142 licet
1173 1087 1378 1142 habitu
1408 1088 1647 1153 hazreas,
1673 1091 1868 1144 animo
1900 1095 1979 1144 ta-

317 1198 450 1236 men
487 1179 717 1252 spernis
748 1195 1005 1250 prmsens
1037 1176 1339 1243 szeculum,
1374 1178 1619 1248 cupiens
1651 1180 1887 1234 dissolvi
1919 1187 1977 1235 et

316 1287 446 1327 esse
476 1285 611 1325 cum
645 1268 875 1324 Christo
900 1283 912 1320 :
938 1270 1169 1321 terrena
1199 1268 1375 1337 atque
1406 1267 1754 1337 temporalia
1785 1270 1975 1340 magis

316 1376 498 1431 agens
530 1374 597 1413 ex
629 1356 846 1420 debito,
882 1370 1061 1426 quam
1086 1352 1531 1422 exintcntionc;
1558 1355 1974 1411 misericordia:

314 1447 591 1518 operibus
621 1444 874 1510 deditus,
909 1441 1307 1513 hospitalitate
1338 1441 1690 1516 prmeipuus,
1725 1445 1823 1500 Dei
1860 1451 1975 1500 scr-

310 1536 452 1591 vitio
485 1535 766 1599 intentus,
795 1548 967 1588 omne
998 1532 1152 1602 quod
1188 1530 1259 1585 ad
1282 1530 1631 1598 cultum,vel
1654 1534 1724 1588 ad
1749 1533 1974 1605 religio-

312 1646 448 1686 nem
481 1625 690 1683 divina:
723 1622 957 1695 pietatis
989 1620 1262 1693 pertinet,
1297 1622 1451 1693 quod
1485 1622 1665 1678 Graeci
1699 1631 1973 1680 θεοσεϐείαν

309 1720 540 1783 xocant,
566 1728 943 1784 summopere
963 1710 1127 1766 colis.
1144 1711 1487 1766 Sacerdotes
1510 1711 1723 1767 Christi
1750 1712 1968 1786 diligis,

308 1823 565 1878 vasaque
597 1818 898 1860 sacrarum
932 1800 1143 1855 aedium
1170 1805 1487 1866 rcstauras,
1514 1803 1872 1858 monasteria
1889 1802 1970 1857 vi-

2092 650 2354 718 tempore
2388 649 2687 721 aliquanto
2719 649 2777 705 in
2812 649 2943 705 aliis
2978 652 3120 708 locis
3152 659 3515 710 commorata
3549 655 3743 721 fuerit,

2091 740 2147 790 et
2180 738 2573 807 particulatim
2606 756 2669 793 se
2702 740 2777 793 ibi
2818 740 3259 806 ostenderit,hic
3290 748 3486 799 tamen
3518 761 3747 817 semper

2091 840 2223 880 cum
2260 826 2378 881 ﬁlia
2409 834 2463 881 et
2493 827 2761 883 ministra
2793 833 2914 884 tota
2946 830 3234 885 consistit.

2162 915 2273 969 Nec
2305 920 2392 969 est
2415 916 2854 971 adventantium
2888 917 3189 991 hospitum
3225 918 3400 988 ullus,
3424 921 3513 975 cui
3547 923 3617 977 ab
3650 922 3741 978 bis

2086 1003 2279 1059 tribus
2310 1022 2425 1059 non
2456 1011 2791 1060 eeeurrratu
2803 1024 2844 1060 r.
2866 1007 3017 1063 Sunt
3038 1008 3194 1063 enim
3220 1008 3441 1080 jugiter
3461 1010 3635 1065 simul
3661 1012 3743 1066 in-

2087 1092 2482 1159 dissolubiles,
2517 1098 2583 1148 ut
2614 1094 2913 1150 funiculus
2963 1096 3193 1167 triplex,
3230 1102 3285 1151 et
3335 1096 3489 1154 inter
3538 1116 3738 1155 omnes

2086 1198 2323 1252 sparsae,
2358 1182 2593 1253 integrae
2618 1188 2815 1238 tamen
2841 1202 3024 1239 unum
3048 1185 3325 1241 omnibus
3348 1185 3736 1244 ministerium

2086 1271 2367 1341 praebent.
2400 1274 2444 1325 A
2477 1274 2648 1343 cujus
2680 1273 2903 1329 scilicet
2934 1274 3238 1330 charitatis
3272 1276 3551 1333 uberibus
3582 1278 3739 1333 suxit

2084 1360 2339 1415 domnus
2370 1361 2743 1433 Engilpertus
2769 1362 3121 1434 largitatem,
3146 1368 3203 1419 ct
3224 1364 3736 1436 ingeniosissimus

2084 1448 2433 1505 Herimodus
2460 1451 2879 1521 benignitatem
2909 1467 2921 1505 :
2949 1452 3122 1507 ambo
3157 1456 3276 1507 tam
3300 1453 3415 1509 Deo
3438 1471 3616 1527 quam
3639 1455 3738 1511 ho-

2081 1536 2344 1593 minibus
2376 1538 2731 1611 dignissimi,
2763 1538 2868 1593 tibi
2899 1539 3075 1594 etiam
3109 1539 3347 1596 domino
3388 1541 3735 1599 charissimo

2082 1643 2184 1698 per
2213 1626 2412 1681 omnia
2441 1626 2793 1694 fidelissimi,
2823 1644 2928 1683 ceu
2960 1644 3139 1684 aurea
3168 1630 3520 1686 candelabra
3540 1631 3740 1688 lucent

2080 1715 2138 1768 in
2173 1716 2344 1771 domo
2395 1720 2498 1771 tua
2548 1721 2682 1770 ante
2730 1716 2935 1771 Deum.
2971 1717 3087 1772 Nec
3136 1723 3307 1774 nocet
3347 1719 3395 1773 si
3427 1720 3606 1777 unius
3636 1720 3738 1777 lux

2078 1804 2255 1876 paulo
2287 1805 2603 1860 ferventius
2635 1806 2819 1873 ardet,
2855 1804 3097 1862 alterius
3146 1823 3278 1862 vero
3329 1807 3543 1875 lenius,
3571 1814 3631 1864 et
3663 1811 3737 1866 ob

309 1900 476 1963 sitas,
511 1912 576 1951 ac
606 1893 842 1948 visitata
872 1891 1352 1990 paterno-affectu
1378 1890 1663 1990 disponis,
1693 1896 1750 1990 et
1773 1909 1962 1964 aequa-
1999 1925 2045 1990 B
2076 1893 2185 1990 hoc
2216 1893 2451 1990 longi-us
2478 1910 2487 1947 :
2681 1897 2995 1990 utrum-quc
3018 1893 3327 1964 placeat,et
3347 1896 3551 1990 botrus
3573 1897 3675 1968 qui
3701 1914 3739 1953 ει

308 1985 564 2052 nimiter,
601 1983 649 2039 si
684 1999 801 2055 qua
826 1985 967 2036 sunt
997 1981 1052 2035 in
1088 1980 1172 2035 eis
1205 1979 1497 2047 anomala,
1534 1981 1761 2053 dirigis,
1790 1987 1968 2053 atque

307 2078 381 2134 ad
412 2078 633 2131 statum
665 2070 960 2143 aequitatis
992 2070 1288 2141 perducis.
1322 2069 1391 2124 Et
1411 2075 1651 2142 propter
1679 2087 1856 2143 quem
1877 2072 1965 2127 vel

305 2167 543 2240 propter
573 2161 715 2234 quid
747 2161 867 2215 haec
899 2159 1048 2231 agis,
1078 2157 1190 2214 nisi
1218 2164 1455 2231 propter
1475 2159 1659 2215 Deum
1686 2176 1859 2231 quem
1884 2160 1963 2216 di'

301 2254 459 2329 ligis,
493 2256 551 2309 et
573 2254 810 2324 propter
838 2247 1172 2321 proxlmum
1224 2264 1401 2321 quem
1455 2249 1537 2304 ita
1585 2248 1782 2322 diligis
1814 2254 1880 2305 ut
1909 2254 1965 2306 te

300 2344 522 2419 ipsum,
557 2357 623 2397 ac
673 2338 974 2395 interdum
1027 2337 1345 2410 plusquam
1379 2342 1437 2394 te
1485 2338 1728 2411 ipsum?
1758 2340 1962 2396 Nonne

300 2450 437 2489 cum
469 2431 665 2487 cibum
696 2427 783 2484 vel
815 2430 1035 2483 vestem
1088 2426 1194 2481 tibi
1226 2427 1547 2495 subtrahis,
1582 2432 1640 2483 et
1669 2427 1959 2500 indigenti

299 2521 533 2585 tribuis,
566 2518 931 2591 indigentem
962 2516 1296 2588 proximum
1328 2516 1645 2589 plusquam
1677 2521 1733 2573 te
1761 2517 1958 2590 ipsum

299 2610 487 2667 colis?
516 2610 584 2664 Et
616 2611 683 2663 ut
717 2605 823 2662 tibi
852 2608 1098 2678 pernota
1127 2604 1415 2660 incutiam
1441 2621 1454 2659 :
1481 2623 1613 2661 ecce
1646 2623 1749 2678 pro
1777 2607 1956 2663 invic-

298 2699 531 2755 tissime
558 2713 692 2769 rege
722 2698 921 2751 nostro
954 2697 1085 2766 post
1105 2693 1312 2759 Deum,
1337 2697 1618 2766 tanquam
1643 2713 1745 2767 pro
1767 2698 1957 2769 capite

298 2790 519 2852 nostro,
554 2786 723 2858 eique
758 2783 1110 2839 charissima
1152 2782 1377 2838 laterali
1429 2789 1608 2851 costa,
1644 2789 1820 2857 atque
1852 2804 1954 2858 pro

296 2880 421 2933 tota
450 2875 626 2931 simul
656 2873 817 2947 prole
846 2872 982 2927 inde
1014 2874 1378 2944 procedente,
1413 2873 1649 2943 quantis
1680 2875 1953 2946 precibus

296 2965 612 3033 incumbis,
646 2967 1014 3036 quantasque
1044 2960 1276 3033 vigilias
1308 2961 1545 3032 pateris,
1573 2968 1714 3035 quot
1743 2964 1953 3021 itinera

295 3054 557 3119 conﬁcis,
578 3055 917 3125 quantaque
948 3049 1083 3105 hinc
1102 3054 1160 3106 et
1177 3050 1312 3105 inde
1330 3050 1386 3104 in
1406 3066 1717 3108 commune
1739 3052 1950 3125 vulgus

294 3141 616 3216 expendis?
646 3140 949 3207 Ambulas,
984 3138 1193 3206 curris,
1226 3138 1285 3194 in
1333 3139 1635 3196 montibus
1689 3145 1946 3213 reptans,

293 3233 353 3288 in
384 3231 733 3288 fluminibus
761 3231 1003 3295 natans;
1029 3228 1205 3284 silvas
1228 3229 1637 3300 pertransis,et
1656 3229 1864 3285 volitas
1886 3231 1946 3286 in

2081 1982 2269 2037 calore
2302 1981 2441 2038 solis
2474 1981 2668 2048 citius,
2705 1985 2760 2035 et
2789 1982 2891 2052 qui
2913 1998 3041 2037 sero
3069 1982 3442 2052 maturescit;
3468 1988 3525 2039 et
3545 2001 3736 2057 equus

2075 2070 2259 2138 velox,
2289 2074 2346 2127 ct
2376 2069 2474 2142 qui
2505 2070 2923 2143 pedetemptim
2955 2069 3238 2140 ambulat,
3265 2087 3427 2143 isque
3458 2072 3737 2130 laudatur

2075 2160 2147 2216 ab
2179 2160 2290 2227 his,
2326 2160 2426 2232 qui
2468 2159 2764 2214 interdum
2815 2158 3014 2230 hujus,
3046 2158 3346 2215 interdum
3389 2176 3523 2217 vero
3570 2162 3730 2220 illius

2074 2248 2349 2317 utilitate,
2382 2254 2553 2322 prout
2584 2264 2675 2304 res
2707 2246 2899 2313 liceat,
2933 2250 3202 2303 utuntur.

2147 2340 2410 2410 Longum
2443 2342 2536 2394 est
2566 2353 2707 2392 sane
2739 2353 2842 2408 per
2873 2336 3139 2409 singulos
3186 2337 3534 2395 nominatim
3582 2339 3729 2397 velle

2070 2428 2417 2491 discurrere,
2446 2430 2721 2499 quantos,
2744 2424 3066 2497 qualesque
3088 2425 3188 2481 Dei
3211 2426 3463 2482 famulos
3482 2426 3542 2482 in
3564 2428 3726 2483 omni

2068 2523 2192 2573 arte
2212 2522 2270 2573 et
2287 2517 2570 2572 virtutum
2596 2519 2908 2570 stemmate
2929 2513 3232 2571 redimitos
3246 2515 3325 2571 ibi
3339 2515 3725 2573 viderim.Sed

2068 2606 2328 2677 nequein
2343 2604 2606 2660 aedificiis
2628 2603 3038 2659 construendis
3061 2621 3129 2659 ex
3151 2604 3310 2659 omni
3329 2604 3723 2673 materia,tam

2064 2694 2387 2750 industrios
2418 2694 2591 2759 viros,
2617 2692 2706 2747 vel
2732 2710 2860 2747 raro
2884 2709 3137 2764 usquam
3162 2694 3349 2765 reperi
3372 2693 3545 2749 sicuti
3570 2697 3722 2752 bene

2064 2783 2123 2838 in
2144 2783 2279 2839 nido
2298 2780 2770 2855 apparet,quales
2794 2781 3058 2836 volucres
3085 2780 3162 2836 ibi
3178 2782 3723 2859 inhabitant.Cerne

2064 2872 2365 2928 basilicam
2386 2878 2443 2927 et
2461 2870 2705 2926 cmnobii
2730 2870 3141 2938 claustrum,ct
3167 2888 3280 2926 non
3305 2870 3538 2927 miraris
3561 2874 3719 2944 quod

2061 2962 2344 3018 refero.Et
2372 2978 2443 3015 ne
2475 2962 2545 3015 de
2576 2960 2851 3015 omnibus
2882 2959 3108 3027 sileam,
3143 2959 3284 3031 quid
3308 2964 3398 3016 est
3419 2959 3719 3016 Uvinihar-

2058 3055 2176 3119 tus,
2210 3050 2321 3106 nisi
2356 3050 2481 3121 ipee
2513 3048 2825 3105 Daedalus?
2855 3048 2941 3103 vel
2972 3047 3104 3120 quis
3136 3049 3445 3117 Iscnricus,
3463 3048 3573 3105 nisi
3608 3050 3716 3105 Be—

2059 3140 2231 3197 seleel
2245 3139 2540 3196 secundus
2560 3139 2587 3194 ?
2608 3139 2667 3192 in
2686 3139 2857 3209 cujus
2880 3153 3061 3192 manu
3084 3142 3350 3193 versatur
3370 3154 3601 3209 semper
3613 3139 3716 3193 do-

2057 3228 2552 3300 labrum,cxcepto
2586 3228 2818 3299 quando
2853 3231 2968 3282 stat
2998 3227 3071 3282 ad
3103 3226 3303 3282 altaris
3336 3226 3482 3281 sacri
3538 3226 3716 3282 mini-

293 3320 555 3394 campis:
583 3336 687 3375 nec
720 3321 809 3373 est
846 3318 973 3388 jam
994 3293 998 3295 Π
1019 3316 1113 3371 his
1160 3293 1326 3372 labor
1376 3293 1675 3389 diligentis
1725 3321 1942 3388 animo,
1977 3293 2020 3360 α
2058 3293 2327 3373 sterium.
2362 3293 2550 3372 Tanta
2580 3293 2886 3371 humilitas
2916 3316 2976 3370 in
2998 3316 3083 3370 eis
3108 3320 3219 3383 est,
3243 3319 3311 3370 ut
3332 3318 3450 3371 tam
3471 3316 3715 3388 perfecti

294 3411 435 3483 quia
461 3408 630 3464 labor
658 3406 812 3478 parit
840 3404 1208 3477 patientiam,
1236 3406 1520 3476 patientia
1549 3405 1942 3477 tolerantiam,

292 3496 608 3555 tolerantia
637 3493 1065 3561 assiduitatem,
1097 3493 1419 3549 assiduitas
1470 3498 1666 3550 autem
1709 3497 1948 3553 adducit

291 3587 363 3644 ch
370 3586 453 3643 ari
461 3588 637 3641 tatem
648 3624 661 3637 .

367 3677 502 3731 Tum
537 3672 714 3728 multa
748 3672 909 3744 affert
935 3671 1000 3727 de
1030 3670 1318 3728 dilectione
1360 3673 1625 3743 proximi,
1659 3673 1853 3731 deinde
1881 3676 1947 3733 de

292 3772 524 3838 quatuor
532 3761 825 3834 virtutibus
836 3759 1293 3827 cardinalibus,et
1309 3763 1782 3820 intellectualibus.
1792 3767 1944 3822 Post-

289 3853 509 3909 modum
537 3849 813 3907 descendit
838 3849 910 3906 ad
928 3850 1456 3922 grammaticalia,ac
1477 3850 1695 3908 demum
1715 3854 1857 3911 redit
1876 3857 1947 3911 ad

288 3942 524 3999 moralia
550 3940 617 3997 de
643 3939 947 4007 dilectione,
963 3939 1028 3995 de
1055 3939 1335 4006 anima,de
1361 3940 1766 4013 redemptione;
1797 3953 1849 4000 et
1876 3944 1945 4001 ad

290 4031 508 4087 laudem
538 4031 713 4103 ipsius
747 4026 1050 4085 Grimoaldi
1072 4028 1415 4100 postmodum
1442 4028 1561 4086 haec
1605 4032 1790 4089 subdit
1817 4052 1834 4088 :
1867 4037 1944 4090 Ac

292 4137 363 4175 ne
376 4137 469 4174 me
486 4119 543 4173 in
567 4118 662 4174 his
682 4117 961 4173 laudibus
983 4116 1350 4189 hypocritam
1373 4119 1813 4185 sentias,dicam
1837 4123 1943 4179 tibi

292 4210 517 4281 absque
546 4207 679 4262 fuco
710 4203 1476 4276 simulationis,quia,prout
1497 4209 1946 4277 nosti,beatissi-

292 4314 388 4353 mo
420 4299 770 4368 praeceptore
799 4311 928 4349 meo
958 4293 1331 4349 Walahfredo
1362 4311 1465 4367 pro
1498 4313 1777 4368 responso
1799 4317 1942 4372 quo-

290 4387 426 4442 dam
458 4382 661 4440 domni
683 4381 837 4453 regis
859 4382 931 4436 ad
957 4381 1228 4437 Carolum
1252 4398 1601 4453 germanum
1624 4404 1799 4443 suum
1824 4406 1946 4460 per-

289 4478 481 4549 gente,
516 4472 715 4544 ibique
747 4471 1038 4536 defuncto,
1075 4470 1311 4526 interim
1342 4488 1458 4543 quo
1488 4490 1623 4530 eum
1654 4476 1791 4531 inde
1813 4495 1942 4549 spe-

289 4563 462 4620 rabas
493 4561 828 4618 incolumen
860 4560 1504 4630 reversurum,jussisti
1540 4579 1632 4618 me
1664 4565 1734 4620 de
1764 4567 1945 4623 Auva-

2052 3406 2159 3461 viri
2193 3423 2307 3461 non
2339 3405 2730 3478 dedignentur
2758 3422 2907 3477 opus
2950 3405 3238 3460 rusticum
3288 3421 3391 3476 per
3438 3421 3499 3460 se
3549 3405 3712 3476 ipsos

2055 3495 2313 3564 actitare,
2330 3498 2643 3567 pensantes
2662 3494 2946 3565 scriptum
2968 3511 2980 3548 :
3002 3493 3349 3549 Humilitate
3369 3497 3714 3565 penetratur

2054 3585 2287 3653 coelum,
2305 3589 2361 3639 et
2377 3584 2661 3639 charitate
2680 3584 3019 3655 pervenitur
3040 3583 3112 3638 ad
3135 3598 3383 3656 regnum
3407 3599 3527 3638 sem
3536 3583 3713 3654 piter-

2056 3692 2218 3730 num.
2244 3673 2391 3740 Quid
2425 3689 2743 3728 memorem
2767 3673 2837 3728 de
2858 3673 3072 3727 domno
3094 3671 3492 3744 Amalgero,in
3516 3671 3714 3727 consi-

2055 3764 2149 3820 liis
2178 3763 2437 3836 provido,
2469 3766 2528 3817 et
2558 3761 2937 3817 universitate
2971 3778 3203 3817 morum
3226 3761 3530 3816 honestate
3558 3778 3715 3833 prm-

2054 3852 2253 3909 claro?
2284 3853 2345 3907 In
2378 3851 2572 3906 divino
2605 3853 2803 3906 autem
2835 3849 2997 3905 cultu
3041 3867 3218 3922 quam
3273 3849 3580 3921 religiosus
3610 3848 3711 3917 sit,

2055 3946 2304 3999 testatur
2333 3941 2514 3997 altare
2544 3955 2810 4007 aureum,
2846 3945 2980 3995 ante
3009 3941 3163 4011 quod
3188 3938 3392 3995 sedulo
3416 3939 3715 4006 sedet,nee

2044 4033 2203 4103 jacet
2230 4047 2422 4086 orans.
2457 4030 2642 4083 Taceo
2675 4028 2744 4083 de
2777 4028 2992 4083 domno
3027 4028 3311 4100 Radgero,
3326 4027 3448 4082 viro
3480 4025 3713 4099 simpli-

2054 4120 2312 4187 cissime,
2337 4135 2643 4190 usquequo
2665 4121 2900 4171 ventum
2926 4116 3101 4171 fuerit
3121 4118 3192 4172 ad
3219 4116 3507 4188 hoc,quod
3532 4114 3713 4172 latius

2054 4211 2111 4265 id
2143 4209 2365 4265 valeam
2388 4223 2691 4278 exponere,
2717 4205 2970 4277 qualiter
2991 4207 3185 4262 omnis
3210 4204 3581 4277 congregatio
3605 4203 3711 4260 illa

2052 4316 2156 4372 per
2184 4301 2372 4354 totum
2403 4296 2557 4351 diem
2590 4295 2955 4351 laboraverat
2983 4294 3043 4350 in
3077 4312 3193 4350 una
3215 4293 3623 4350 columnarum
3643 4292 3712 4348 il-

2051 4388 2265 4454 larum,
2282 4403 2408 4458 quea
2426 4384 2485 4439 in
2503 4382 2746 4439 basilica
2761 4384 2890 4455 ipsa
2908 4383 3405 4455 ci‘rcumstanLAd
3430 4381 3709 4439 ultimum

2052 4476 2329 4533 omnibus
2353 4475 2479 4545 jam
2511 4472 2704 4537 fessis,
2732 4489 2799 4528 ac
2829 4473 2966 4529 inde
2984 4469 3583 4541 secedentibus,solus
3606 4469 3708 4526 ille

2053 4566 2126 4623 ab
2157 4565 2407 4635 incoepta
2439 4578 2613 4634 opere
2643 4578 2759 4617 non
2789 4563 3062 4629 recessit;
3095 4562 3197 4617 sed
3243 4566 3441 4616 tamen
3490 4560 3708 4616 frustra

287 4651 451 4708 vensi
483 4649 859 4717 monasterio,
894 4649 965 4704 ad
1001 4648 1423 4705 monasterium
1455 4650 1670 4706 S.Galli
1691 4670 1942 4712 commo-
1975 4665 2021 4731 D
2057 4654 2329 4717 sudabat,
2355 4655 2672 4722 antequam
2703 4650 2762 4705 in
2795 4650 2916 4707 haec
2947 4650 3122 4707 verba
3151 4649 3438 4722 prorupit,
3463 4648 3701 4703 dicens:

288 4741 480 4808 randi,
512 4745 570 4796 et
598 4738 861 4795 discendi
894 4738 1083 4809 gratia
1122 4737 1433 4808 proficisci,
1467 4739 1665 4812 ibique
1694 4759 1729 4797 a
1751 4740 1943 4800 fratri-

287 4830 401 4886 bus
458 4828 775 4885 honorifice
827 4830 1125 4899 receptum
1174 4825 1520 4897 aliquandiu
1570 4834 1942 4905 commorari,

287 4919 445 4992 quod
467 4922 526 4974 et
546 4916 654 4973 feci
678 4917 851 4988 juxta
879 4919 1235 4988 praceptum
1286 4915 1666 4989 benignitatis
1713 4928 1937 4982 vestra).

287 5008 505 5064 Navem
534 5006 870 5072 conscendi,
894 5008 1070 5075 atque
1092 5003 1233 5059 illuc
1255 5021 1389 5060 cum
1413 5007 1573 5061 omni
1597 5012 1944 5082 prosperita-

286 5100 364 5163 te,
398 5096 514 5151 Deo
544 5096 929 5167 gubernante,
966 5092 1224 5164 perveni,
1255 5096 1567 5166 tantasque
1603 5097 1849 5156 virtutes
1880 5103 1938 5157 in

287 5183 498 5239 iisdem
532 5181 812 5237 fratribus
844 5180 1215 5251 conspexi,ut
1242 5180 1337 5235 vix
1368 5180 1599 5249 illas,ne
1631 5184 1791 5242 dicas
1822 5205 1936 5260 me,

288 5272 391 5327 sed
413 5288 602 5343 neque
632 5269 1021 5341 Pythagoram
1052 5269 1123 5323 de
1162 5269 1337 5324 Samo
1385 5285 1689 5341 egressum
1738 5283 1937 5347 putem

286 5359 480 5432 eloqui
512 5375 702 5431 posse.
735 5357 898 5413 Alius
930 5356 1088 5413 enim
1111 5356 1224 5412 alio
1247 5356 1610 5428 humilior,et
1628 5365 1941 5434 patientior

288 5448 718 5515 invenitur,nee
748 5451 837 5502 est
856 5444 1018 5501 zelus
1037 5462 1275 5502 amarus
1297 5446 1450 5502 inter
1468 5450 1680 5516 eos,ch
1709 5452 1939 5513 invidias

287 5535 469 5590 livor:
496 5537 594 5592 sed
628 5534 755 5591 sola
799 5534 1055 5605 charitas
1094 5534 1173 5588 ibi
1204 5534 1589 5608 principatur,
1625 5546 1682 5596 et
1704 5543 1942 5615 justitia

292 5624 590 5691 regnat.Et
614 5623 698 5677 sic
721 5623 975 5677 charitas
998 5626 1187 5678 mater
1207 5627 1295 5677 est
1314 5622 1692 5696 virtutum,et
1710 5647 1942 5690 concor-

295 5708 392 5763 dia
417 5706 536 5763 ﬁlia
565 5709 717 5776 ejus,
746 5726 812 5765 ac
844 5709 1190 5782 simplicitas
1219 5727 1420 5767 earum
1470 5714 1792 5788 pedisequa
1820 5722 1940 5780 illic

2056 4746 2267 4801 Sancte
2301 4740 2481 4808 Galle,
2516 4740 2674 4795 ﬁnde
2705 4739 2889 4808 illam,
2914 4741 3248 4812 mirumque
3281 4739 3341 4793 in
3373 4737 3612 4793 modum
3644 4736 3706 4792 in

2054 4834 2146 4889 his
2176 4830 2366 4888 verbis
2396 4828 2743 4901 simpliciter
2772 4829 2982 4885 edictis
3013 4829 3177 4901 rupis
3208 4827 3366 4883 illius
3390 4824 3574 4882 moles
3594 4824 3705 4880 im-

2053 4938 2279 4987 mensa,
2312 4936 2421 4975 sua
2450 4921 2658 4990 sponte
2690 4918 2825 4973 inde
2858 4918 3000 4974 fissa
3029 4916 3427 4986 enituit,unde
3455 4919 3580 4970 tota
3607 4913 3708 4971 illa

2051 5009 2367 5067 mnltitudo
2389 5010 2523 5063 ante
2544 5004 2846 5076 laboravit,
2866 5011 2933 5063 ut
2954 5011 3152 5080 aperte
3174 5008 3414 5063 daretur
3435 5002 3703 5075 intelligi,

2051 5099 2206 5172 quod
2225 5097 2375 5154 hanc
2396 5096 2615 5153 findere
2640 5113 2755 5152 non
2779 5096 2945 5153 labor
2962 5093 3403 5163 hominum,sed
3426 5091 3703 5148 meritum

2051 5188 2236 5246 sancti
2268 5185 2413 5242 Galli
2445 5184 2654 5258 potuit,
2690 5202 2818 5257 quas
2854 5202 2957 5258 per
2984 5184 3414 5241 invocationem
3445 5178 3702 5236 nominis

2049 5280 2178 5351 ejus
2210 5276 2562 5348 simplicem,
2596 5279 2717 5331 tam
2747 5274 2914 5331 facile
2946 5276 3087 5331 fissa
3126 5271 3416 5347 apparuit.
3449 5271 3520 5326 Et
3566 5269 3706 5342 quia

2048 5369 2203 5424 idem
2236 5366 2361 5437 ipse
2394 5364 2570 5420 frater
2600 5364 2875 5421 columna
2915 5363 3244 5437 spiritualis
3292 5359 3521 5418 mdiflcii
3570 5358 3700 5427 fuit,

2049 5458 2110 5513 in
2128 5454 2229 5513 tali
2261 5452 2545 5511 miraculo
2574 5454 2793 5526 optime
2825 5453 3057 5510 claruit.

2124 5547 2389 5617 Longum
2403 5547 2493 5599 est
2505 5542 2759 5614 denique
2771 5543 2819 5598 si
2833 5542 3280 5601 omniaillorum
3298 5542 3545 5598 fratrum
3558 5537 3705 5595 bene

2050 5633 2457 5708 gesta,quibus
2480 5649 2584 5704 per
2606 5633 2880 5688 meritum
2908 5632 3269 5689 sancti'Galli
3301 5625 3703 5703 prmeminent,

2048 5724 2224 5780 velim
2256 5728 2377 5779 tam
2410 5720 2568 5777 brevi
2599 5737 2869 5779 sermone
2908 5722 3275 5790 concludere,
3310 5720 3450 5775 dum
3499 5730 3706 5773 omnes
