  <div class='ocr_page' id='page_1' title='image "/cluster/home/n/w/nwhite01/storage/ocr_20150623/115-116/uc1.31175006916467/756.png"; bbox 0 0 3900 6436; ppageno 0'>
   <div class='ocr_carea' id='block_1_1' title="bbox 171 478 3593 572">
    <p class='ocr_par' dir='ltr' id='par_1_1' title="bbox 171 478 3593 572">
     <span class='ocr_line' id='line_1_1' title="bbox 171 478 3593 572; baseline -0 -1"><span class='ocrx_word' id='word_1_1' title='bbox 171 502 255 571; x_wconf 74' lang='lat'>29</span> <span class='ocrx_word' id='word_1_2' title='bbox 1188 478 1208 489; x_wconf 78' lang='grc'><em>“</em></span> <span class='ocrx_word' id='word_1_3' title='bbox 1532 503 1636 567; x_wconf 83' lang='lat' dir='ltr'>DE</span> <span class='ocrx_word' id='word_1_4' title='bbox 1681 500 2228 569; x_wconf 77' lang='lat' dir='ltr'>GRAMMATICA.</span> <span class='ocrx_word' id='word_1_5' title='bbox 3510 504 3593 572; x_wconf 86' lang='lat'>30</span> 
     </span>
    </p>
   </div>
   <div class='ocr_carea' id='block_1_2' title="bbox 172 632 3586 713">
    <p class='ocr_par' dir='ltr' id='par_1_2' title="bbox 172 632 3586 713">
     <span class='ocr_line' id='line_1_2' title="bbox 172 632 3586 713; baseline 0 -15"><span class='ocrx_word' id='word_1_6' title='bbox 172 651 358 699; x_wconf 87' lang='lat' dir='ltr'>unum</span> <span class='ocrx_word' id='word_1_7' title='bbox 391 636 531 711; x_wconf 87' lang='lat' dir='ltr'>sint,</span> <span class='ocrx_word' id='word_1_8' title='bbox 562 640 622 695; x_wconf 91' lang='lat' dir='ltr'>et</span> <span class='ocrx_word' id='word_1_9' title='bbox 649 632 763 711; x_wconf 85' lang='lat' dir='ltr'>ipsi</span> <span class='ocrx_word' id='word_1_10' title='bbox 795 634 854 693; x_wconf 91' lang='lat' dir='ltr'>in</span> <span class='ocrx_word' id='word_1_11' title='bbox 884 633 1135 704; x_wconf 84' lang='lat' dir='ltr'>Christo,</span> <span class='ocrx_word' id='word_1_12' title='bbox 1169 638 1228 693; x_wconf 91' lang='lat' dir='ltr'>et</span> <span class='ocrx_word' id='word_1_13' title='bbox 1256 634 1526 693; x_wconf 80' lang='lat' dir='ltr'>Christus</span> <span class='ocrx_word' id='word_1_14' title='bbox 1577 634 1639 693; x_wconf 90' lang='lat' dir='ltr'>in</span> <span class='ocrx_word' id='word_1_15' title='bbox 1684 636 1768 694; x_wconf 90' lang='lat' dir='ltr'>eis</span> <span class='ocrx_word' id='word_1_16' title='bbox 1800 653 1813 692; x_wconf 90' lang='lat'><strong>:</strong></span> <span class='ocrx_word' id='word_1_17' title='bbox 1846 636 1903 704; x_wconf 74' lang='grc' dir='ltr'><strong>Α</strong></span> <span class='ocrx_word' id='word_1_18' title='bbox 1931 638 2053 695; x_wconf 78' lang='lat' dir='ltr'>haec</span> <span class='ocrx_word' id='word_1_19' title='bbox 2082 637 2260 694; x_wconf 89' lang='lat' dir='ltr'>etiam</span> <span class='ocrx_word' id='word_1_20' title='bbox 2292 637 2363 695; x_wconf 91' lang='lat' dir='ltr'>do</span> <span class='ocrx_word' id='word_1_21' title='bbox 2379 656 2494 695; x_wconf 92' lang='lat' dir='ltr'>uno</span> <span class='ocrx_word' id='word_1_22' title='bbox 2512 637 2671 696; x_wconf 89' lang='lat' dir='ltr'>fonte</span> <span class='ocrx_word' id='word_1_23' title='bbox 2688 656 2804 696; x_wconf 91' lang='lat' dir='ltr'>non</span> <span class='ocrx_word' id='word_1_24' title='bbox 2824 637 3052 713; x_wconf 81' lang='lat' dir='ltr'>putavit</span> <span class='ocrx_word' id='word_1_25' title='bbox 3066 637 3408 698; x_wconf 89' lang='lat' dir='ltr'>sitibundus</span> <span class='ocrx_word' id='word_1_26' title='bbox 3425 639 3586 699; x_wconf 90' lang='lat' dir='ltr'>sitim</span> 
     </span>
    </p>
   </div>
   <div class='ocr_carea' id='block_1_3' title="bbox 176 725 1825 803">
    <p class='ocr_par' dir='ltr' id='par_1_3' title="bbox 176 725 1825 803">
     <span class='ocr_line' id='line_1_3' title="bbox 176 725 1825 803; baseline -0.002 -18"><span class='ocrx_word' id='word_1_27' title='bbox 176 728 313 803; x_wconf 84' lang='lat' dir='ltr'>quia</span> <span class='ocrx_word' id='word_1_28' title='bbox 328 728 473 783; x_wconf 90' lang='lat' dir='ltr'>nihil</span> <span class='ocrx_word' id='word_1_29' title='bbox 493 725 859 799; x_wconf 91' lang='lat' dir='ltr'>impossibile</span> <span class='ocrx_word' id='word_1_30' title='bbox 875 730 964 781; x_wconf 91' lang='lat' dir='ltr'>est</span> <span class='ocrx_word' id='word_1_31' title='bbox 979 726 1153 798; x_wconf 88' lang='lat' dir='ltr'>capiti</span> <span class='ocrx_word' id='word_1_32' title='bbox 1174 727 1310 795; x_wconf 88' lang='lat' dir='ltr'>Deo,</span> <span class='ocrx_word' id='word_1_33' title='bbox 1327 727 1425 799; x_wconf 86' lang='lat' dir='ltr'>qui</span> <span class='ocrx_word' id='word_1_34' title='bbox 1441 726 1632 799; x_wconf 83' lang='lat' dir='ltr'>diligit</span> <span class='ocrx_word' id='word_1_35' title='bbox 1648 744 1825 782; x_wconf 90' lang='lat' dir='ltr'>mem-</span> 
     </span>
    </p>
   </div>
   <div class='ocr_carea' id='block_1_4' title="bbox 174 814 1825 889">
    <p class='ocr_par' dir='ltr' id='par_1_4' title="bbox 174 814 1825 889">
     <span class='ocr_line' id='line_1_4' title="bbox 174 814 1825 889; baseline -0.001 -15"><span class='ocrx_word' id='word_1_36' title='bbox 174 818 278 874; x_wconf 89' lang='lat' dir='ltr'>bra</span> <span class='ocrx_word' id='word_1_37' title='bbox 306 833 414 872; x_wconf 91' lang='lat' dir='ltr'>sua</span> <span class='ocrx_word' id='word_1_38' title='bbox 447 832 460 871; x_wconf 88' lang='lat'><strong>:</strong></span> <span class='ocrx_word' id='word_1_39' title='bbox 495 817 596 871; x_wconf 88' lang='lat' dir='ltr'>sed</span> <span class='ocrx_word' id='word_1_40' title='bbox 629 832 734 871; x_wconf 90' lang='lat' dir='ltr'>nec</span> <span class='ocrx_word' id='word_1_41' title='bbox 756 814 979 887; x_wconf 91' lang='lat' dir='ltr'>aliquid</span> <span class='ocrx_word' id='word_1_42' title='bbox 1000 816 1072 870; x_wconf 90' lang='lat' dir='ltr'>ad</span> <span class='ocrx_word' id='word_1_43' title='bbox 1097 814 1564 889; x_wconf 89' lang='lat' dir='ltr'>impretrandum</span> <span class='ocrx_word' id='word_1_44' title='bbox 1587 817 1825 873; x_wconf 83' lang='lat' dir='ltr'>difﬁcile</span> 
     </span>
    </p>
   </div>
   <div class='ocr_carea' id='block_1_5' title="bbox 175 903 1821 979">
    <p class='ocr_par' dir='ltr' id='par_1_5' title="bbox 175 903 1821 979">
     <span class='ocr_line' id='line_1_5' title="bbox 175 903 1821 979; baseline -0.001 -15"><span class='ocrx_word' id='word_1_45' title='bbox 175 906 283 964; x_wconf 88' lang='lat' dir='ltr'>erit</span> <span class='ocrx_word' id='word_1_46' title='bbox 312 904 594 961; x_wconf 79' lang='lat' dir='ltr'>membris</span> <span class='ocrx_word' id='word_1_47' title='bbox 624 903 876 977; x_wconf 90' lang='lat' dir='ltr'>suis,qui</span> <span class='ocrx_word' id='word_1_48' title='bbox 910 903 993 959; x_wconf 92' lang='lat' dir='ltr'>sic</span> <span class='ocrx_word' id='word_1_49' title='bbox 1026 904 1319 960; x_wconf 61' lang='lat' dir='ltr'>cohaerent</span> <span class='ocrx_word' id='word_1_50' title='bbox 1347 904 1522 979; x_wconf 83' lang='lat' dir='ltr'>capiti</span> <span class='ocrx_word' id='word_1_51' title='bbox 1555 923 1681 962; x_wconf 92' lang='lat' dir='ltr'>suo.</span> <span class='ocrx_word' id='word_1_52' title='bbox 1718 908 1821 963; x_wconf 82' lang='lat' dir='ltr'>Fa-</span> 
     </span>
    </p>
   </div>
   <div class='ocr_carea' id='block_1_6' title="bbox 173 992 1821 1067">
    <p class='ocr_par' dir='ltr' id='par_1_6' title="bbox 173 992 1821 1067">
     <span class='ocr_line' id='line_1_6' title="bbox 173 992 1821 1067; baseline -0.001 -15"><span class='ocrx_word' id='word_1_53' title='bbox 173 994 520 1061; x_wconf 88' lang='lat' dir='ltr'>teor,omnia</span> <span class='ocrx_word' id='word_1_54' title='bbox 548 992 870 1048; x_wconf 89' lang='lat' dir='ltr'>laudabilia</span> <span class='ocrx_word' id='word_1_55' title='bbox 895 993 1012 1048; x_wconf 90' lang='lat' dir='ltr'>vidi</span> <span class='ocrx_word' id='word_1_56' title='bbox 1040 993 1098 1048; x_wconf 90' lang='lat' dir='ltr'>in</span> <span class='ocrx_word' id='word_1_57' title='bbox 1126 994 1295 1061; x_wconf 88' lang='lat' dir='ltr'>eis,et</span> <span class='ocrx_word' id='word_1_58' title='bbox 1320 996 1609 1067; x_wconf 69' lang='lat' dir='ltr'>praecipue</span> <span class='ocrx_word' id='word_1_59' title='bbox 1635 996 1821 1051; x_wconf 87' lang='lat' dir='ltr'>chari-</span> 
     </span>
    </p>
   </div>
   <div class='ocr_carea' id='block_1_7' title="bbox 174 1083 1824 1157">
    <p class='ocr_par' dir='ltr' id='par_1_7' title="bbox 174 1083 1824 1157">
     <span class='ocr_line' id='line_1_7' title="bbox 174 1083 1824 1157; baseline 0.001 -16"><span class='ocrx_word' id='word_1_60' title='bbox 174 1088 351 1141; x_wconf 87' lang='lat' dir='ltr'>tatem</span> <span class='ocrx_word' id='word_1_61' title='bbox 384 1083 692 1150; x_wconf 83' lang='lat' dir='ltr'>ridentem,</span> <span class='ocrx_word' id='word_1_62' title='bbox 716 1087 774 1137; x_wconf 93' lang='lat' dir='ltr'>et</span> <span class='ocrx_word' id='word_1_63' title='bbox 790 1100 976 1139; x_wconf 91' lang='lat' dir='ltr'>unum</span> <span class='ocrx_word' id='word_1_64' title='bbox 992 1083 1080 1138; x_wconf 86' lang='lat' dir='ltr'>vel</span> <span class='ocrx_word' id='word_1_65' title='bbox 1096 1086 1517 1156; x_wconf 86' lang='lat' dir='ltr'>nusquam,vel</span> <span class='ocrx_word' id='word_1_66' title='bbox 1537 1086 1595 1141; x_wconf 90' lang='lat' dir='ltr'>in</span> <span class='ocrx_word' id='word_1_67' title='bbox 1620 1086 1824 1157; x_wconf 81' lang='lat' dir='ltr'>paucis</span> 
     </span>
    </p>
   </div>
   <div class='ocr_carea' id='block_1_8' title="bbox 174 1169 1872 1248">
    <p class='ocr_par' dir='ltr' id='par_1_8' title="bbox 174 1169 1872 1248">
     <span class='ocr_line' id='line_1_8' title="bbox 174 1169 1872 1248; baseline 0.002 -20"><span class='ocrx_word' id='word_1_68' title='bbox 174 1172 267 1229; x_wconf 91' lang='lat' dir='ltr'>hic</span> <span class='ocrx_word' id='word_1_69' title='bbox 288 1171 519 1228; x_wconf 91' lang='lat' dir='ltr'>nullum</span> <span class='ocrx_word' id='word_1_70' title='bbox 542 1172 956 1227; x_wconf 87' lang='lat' dir='ltr'>mussitantcm</span> <span class='ocrx_word' id='word_1_71' title='bbox 980 1191 992 1241; x_wconf 90' lang='lat'><strong>;</strong></span> <span class='ocrx_word' id='word_1_72' title='bbox 1016 1172 1461 1246; x_wconf 89' lang='lat' dir='ltr'>completurque</span> <span class='ocrx_word' id='word_1_73' title='bbox 1478 1175 1539 1231; x_wconf 91' lang='lat' dir='ltr'>in</span> <span class='ocrx_word' id='word_1_74' title='bbox 1560 1175 1645 1231; x_wconf 90' lang='lat' dir='ltr'>eis</span> <span class='ocrx_word' id='word_1_75' title='bbox 1667 1176 1822 1248; x_wconf 90' lang='lat' dir='ltr'>quod</span> <span class='ocrx_word' id='word_1_76' title='bbox 1869 1169 1872 1173; x_wconf 94' lang='grc' dir='ltr'> </span> 
     </span>
    </p>
   </div>
   <div class='ocr_carea' id='block_1_9' title="bbox 174 1261 1827 1335">
    <p class='ocr_par' dir='ltr' id='par_1_9' title="bbox 174 1261 1827 1335">
     <span class='ocr_line' id='line_1_9' title="bbox 174 1261 1827 1335; baseline 0.002 -18"><span class='ocrx_word' id='word_1_77' title='bbox 174 1261 311 1318; x_wconf 92' lang='lat' dir='ltr'>olim</span> <span class='ocrx_word' id='word_1_78' title='bbox 335 1263 490 1317; x_wconf 84' lang='lat' dir='ltr'><strong>Deus</strong></span> <span class='ocrx_word' id='word_1_79' title='bbox 510 1278 613 1333; x_wconf 89' lang='lat' dir='ltr'>per</span> <span class='ocrx_word' id='word_1_80' title='bbox 630 1261 979 1334; x_wconf 86' lang='lat' dir='ltr'>Prophetam</span> <span class='ocrx_word' id='word_1_81' title='bbox 1002 1279 1179 1317; x_wconf 91' lang='lat' dir='ltr'>suum</span> <span class='ocrx_word' id='word_1_82' title='bbox 1204 1264 1479 1335; x_wconf 84' lang='lat' dir='ltr'>promisit</span> <span class='ocrx_word' id='word_1_83' title='bbox 1499 1264 1700 1320; x_wconf 88' lang='lat' dir='ltr'>dicens</span> <span class='ocrx_word' id='word_1_84' title='bbox 1724 1282 1737 1321; x_wconf 90' lang='lat'><strong>:</strong></span> <span class='ocrx_word' id='word_1_85' title='bbox 1762 1267 1827 1321; x_wconf 80' lang='grc' dir='ltr'>Ει</span> 
     </span>
    </p>
   </div>
   <div class='ocr_carea' id='block_1_10' title="bbox 174 1350 1824 1422">
    <p class='ocr_par' dir='ltr' id='par_1_10' title="bbox 174 1350 1824 1422">
     <span class='ocr_line' id='line_1_10' title="bbox 174 1350 1824 1422; baseline 0.001 -16"><span class='ocrx_word' id='word_1_86' title='bbox 174 1353 394 1407; x_wconf 78' lang='lat' dir='ltr'>veniens</span> <span class='ocrx_word' id='word_1_87' title='bbox 422 1350 675 1406; x_wconf 74' lang='lat' dir='ltr'>habitabo</span> <span class='ocrx_word' id='word_1_88' title='bbox 700 1366 825 1405; x_wconf 84' lang='lat' dir='ltr'>cum</span> <span class='ocrx_word' id='word_1_89' title='bbox 854 1352 954 1419; x_wconf 72' lang='lat' dir='ltr'>eis,</span> <span class='ocrx_word' id='word_1_90' title='bbox 987 1358 1039 1406; x_wconf 81' lang='lat' dir='ltr'>et</span> <span class='ocrx_word' id='word_1_91' title='bbox 1059 1353 1169 1422; x_wconf 75' lang='lat' dir='ltr'>ipsi</span> <span class='ocrx_word' id='word_1_92' title='bbox 1193 1368 1427 1420; x_wconf 82' lang='lat' dir='ltr'>mecum,</span> <span class='ocrx_word' id='word_1_93' title='bbox 1448 1360 1500 1408; x_wconf 83' lang='lat' dir='ltr'>et</span> <span class='ocrx_word' id='word_1_94' title='bbox 1528 1354 1671 1408; x_wconf 80' lang='lat' dir='ltr'>inter</span> <span class='ocrx_word' id='word_1_95' title='bbox 1701 1354 1824 1409; x_wconf 74' lang='lat' dir='ltr'>illos</span> 
     </span>
    </p>
   </div>
   <div class='ocr_carea' id='block_1_11' title="bbox 173 1439 1823 1513">
    <p class='ocr_par' dir='ltr' id='par_1_11' title="bbox 173 1439 1823 1513">
     <span class='ocr_line' id='line_1_11' title="bbox 173 1439 1823 1513; baseline 0.001 -17"><span class='ocrx_word' id='word_1_96' title='bbox 173 1439 480 1507; x_wconf 79' lang='lat' dir='ltr'>umbulabo,</span> <span class='ocrx_word' id='word_1_97' title='bbox 511 1446 563 1495; x_wconf 80' lang='lat' dir='ltr'>et</span> <span class='ocrx_word' id='word_1_98' title='bbox 583 1453 677 1495; x_wconf 82' lang='lat' dir='ltr'>ero</span> <span class='ocrx_word' id='word_1_99' title='bbox 708 1439 937 1494; x_wconf 81' lang='lat' dir='ltr'>illorum</span> <span class='ocrx_word' id='word_1_100' title='bbox 963 1439 1125 1506; x_wconf 79' lang='lat' dir='ltr'>Deus,</span> <span class='ocrx_word' id='word_1_101' title='bbox 1158 1447 1210 1494; x_wconf 79' lang='lat' dir='ltr'>et</span> <span class='ocrx_word' id='word_1_102' title='bbox 1239 1441 1349 1511; x_wconf 77' lang='lat' dir='ltr'>ipsi</span> <span class='ocrx_word' id='word_1_103' title='bbox 1376 1449 1538 1497; x_wconf 77' lang='lat' dir='ltr'>erunt</span> <span class='ocrx_word' id='word_1_104' title='bbox 1563 1442 1707 1496; x_wconf 76' lang='lat' dir='ltr'>mihi</span> <span class='ocrx_word' id='word_1_105' title='bbox 1723 1458 1823 1513; x_wconf 81' lang='lat' dir='ltr'>po-</span> 
     </span>
    </p>
   </div>
   <div class='ocr_carea' id='block_1_12' title="bbox 169 1527 1825 1602">
    <p class='ocr_par' dir='ltr' id='par_1_12' title="bbox 169 1527 1825 1602">
     <span class='ocr_line' id='line_1_12' title="bbox 169 1527 1825 1602; baseline 0.001 -18"><span class='ocrx_word' id='word_1_106' title='bbox 169 1529 355 1602; x_wconf 80' lang='lat' dir='ltr'>pulus.</span> <span class='ocrx_word' id='word_1_107' title='bbox 391 1530 462 1584; x_wconf 87' lang='lat' dir='ltr'>Et</span> <span class='ocrx_word' id='word_1_108' title='bbox 481 1529 655 1600; x_wconf 81' lang='lat' dir='ltr'>juxta</span> <span class='ocrx_word' id='word_1_109' title='bbox 685 1527 1008 1585; x_wconf 83' lang='lat' dir='ltr'>Psalmistas</span> <span class='ocrx_word' id='word_1_110' title='bbox 1042 1528 1714 1599; x_wconf 88' lang='lat' dir='ltr'>cohortationem,senes</span> <span class='ocrx_word' id='word_1_111' title='bbox 1742 1532 1825 1587; x_wconf 90' lang='lat' dir='ltr'>ibi</span> 
     </span>
    </p>
   </div>
   <div class='ocr_carea' id='block_1_13' title="bbox 174 1617 1738 1689">
    <p class='ocr_par' dir='ltr' id='par_1_13' title="bbox 174 1617 1738 1689">
     <span class='ocr_line' id='line_1_13' title="bbox 174 1617 1738 1689; baseline 0.001 -15"><span class='ocrx_word' id='word_1_112' title='bbox 174 1633 307 1674; x_wconf 87' lang='lat' dir='ltr'>eum</span> <span class='ocrx_word' id='word_1_113' title='bbox 329 1617 673 1689; x_wconf 83' lang='lat' dir='ltr'>junioribus</span> <span class='ocrx_word' id='word_1_114' title='bbox 704 1633 936 1689; x_wconf 86' lang='lat' dir='ltr'>semper</span> <span class='ocrx_word' id='word_1_115' title='bbox 964 1617 1212 1673; x_wconf 86' lang='lat' dir='ltr'>laudant</span> <span class='ocrx_word' id='word_1_116' title='bbox 1238 1634 1453 1676; x_wconf 91' lang='lat' dir='ltr'>nomen</span> <span class='ocrx_word' id='word_1_117' title='bbox 1485 1620 1738 1677; x_wconf 90' lang='lat' dir='ltr'>Domini.</span> 
     </span>
    </p>
   </div>
   <div class='ocr_carea' id='block_1_14' title="bbox 243 1704 1821 1780">
    <p class='ocr_par' dir='ltr' id='par_1_14' title="bbox 243 1704 1821 1780">
     <span class='ocr_line' id='line_1_14' title="bbox 243 1704 1821 1780; baseline 0.002 -17"><span class='ocrx_word' id='word_1_118' title='bbox 243 1705 717 1780; x_wconf 83' lang='lat' dir='ltr'>QuaprOpter,mi</span> <span class='ocrx_word' id='word_1_119' title='bbox 735 1704 1081 1763; x_wconf 91' lang='lat' dir='ltr'>charissime</span> <span class='ocrx_word' id='word_1_120' title='bbox 1093 1707 1262 1763; x_wconf 87' lang='lat' dir='ltr'>Pater</span> <span class='ocrx_word' id='word_1_121' title='bbox 1272 1709 1485 1766; x_wconf 90' lang='lat' dir='ltr'>domne</span> <span class='ocrx_word' id='word_1_122' title='bbox 1506 1709 1821 1779; x_wconf 90' lang='lat' dir='ltr'>Grimolde,</span> 
     </span>
    </p>
   </div>
   <div class='ocr_carea' id='block_1_15' title="bbox 175 1793 1823 1867">
    <p class='ocr_par' dir='ltr' id='par_1_15' title="bbox 175 1793 1823 1867">
     <span class='ocr_line' id='line_1_15' title="bbox 175 1793 1823 1867; baseline 0.003 -16"><span class='ocrx_word' id='word_1_123' title='bbox 175 1795 274 1852; x_wconf 91' lang='lat' dir='ltr'>diu</span> <span class='ocrx_word' id='word_1_124' title='bbox 293 1793 641 1867; x_wconf 76' lang='lat' dir='ltr'>opitulatum</span> <span class='ocrx_word' id='word_1_125' title='bbox 663 1793 880 1851; x_wconf 88' lang='lat' dir='ltr'>mentis</span> <span class='ocrx_word' id='word_1_126' title='bbox 901 1812 1042 1851; x_wconf 61' lang='lat' dir='ltr'>mea)</span> <span class='ocrx_word' id='word_1_127' title='bbox 1056 1796 1442 1854; x_wconf 87' lang='lat' dir='ltr'>intentionem</span> <span class='ocrx_word' id='word_1_128' title='bbox 1456 1816 1614 1855; x_wconf 94' lang='lat' dir='ltr'>nunc</span> <span class='ocrx_word' id='word_1_129' title='bbox 1637 1800 1823 1856; x_wconf 90' lang='lat' dir='ltr'>reclu-</span> 
     </span>
    </p>
   </div>
   <div class='ocr_carea' id='block_1_16' title="bbox 175 1884 1826 1955">
    <p class='ocr_par' dir='ltr' id='par_1_16' title="bbox 175 1884 1826 1955">
     <span class='ocr_line' id='line_1_16' title="bbox 175 1884 1826 1955; baseline 0.004 -16"><span class='ocrx_word' id='word_1_130' title='bbox 175 1884 426 1940; x_wconf 88' lang='lat' dir='ltr'>dendam</span> <span class='ocrx_word' id='word_1_131' title='bbox 457 1884 667 1940; x_wconf 85' lang='lat' dir='ltr'>sentio.</span> <span class='ocrx_word' id='word_1_132' title='bbox 687 1884 833 1950; x_wconf 87' lang='lat' dir='ltr'>Quia</span> <span class='ocrx_word' id='word_1_133' title='bbox 853 1888 1051 1940; x_wconf 88' lang='lat' dir='ltr'>tamen</span> <span class='ocrx_word' id='word_1_134' title='bbox 1074 1886 1229 1941; x_wconf 89' lang='lat' dir='ltr'>bona</span> <span class='ocrx_word' id='word_1_135' title='bbox 1253 1886 1311 1941; x_wconf 92' lang='lat' dir='ltr'>in</span> <span class='ocrx_word' id='word_1_136' title='bbox 1341 1893 1416 1955; x_wconf 89' lang='lat' dir='ltr'>te,</span> <span class='ocrx_word' id='word_1_137' title='bbox 1438 1892 1496 1944; x_wconf 91' lang='lat' dir='ltr'>et</span> <span class='ocrx_word' id='word_1_138' title='bbox 1515 1889 1575 1943; x_wconf 91' lang='lat' dir='ltr'>in</span> <span class='ocrx_word' id='word_1_139' title='bbox 1602 1890 1826 1945; x_wconf 83' lang='lat' dir='ltr'>familia</span> 
     </span>
    </p>
   </div>
   <div class='ocr_carea' id='block_1_17' title="bbox 1934 729 3587 801">
    <p class='ocr_par' dir='ltr' id='par_1_17' title="bbox 1934 729 3587 801">
     <span class='ocr_line' id='line_1_17' title="bbox 1934 729 3587 801; baseline 0.002 -16"><span class='ocrx_word' id='word_1_140' title='bbox 1934 745 2102 785; x_wconf 91' lang='lat' dir='ltr'>suam</span> <span class='ocrx_word' id='word_1_141' title='bbox 2136 746 2308 801; x_wconf 83' lang='lat' dir='ltr'>posse</span> <span class='ocrx_word' id='word_1_142' title='bbox 2338 730 2550 785; x_wconf 88' lang='lat' dir='ltr'>sedari.</span> <span class='ocrx_word' id='word_1_143' title='bbox 2584 730 2670 784; x_wconf 87' lang='lat' dir='ltr'>Ad</span> <span class='ocrx_word' id='word_1_144' title='bbox 2703 747 2863 785; x_wconf 89' lang='lat' dir='ltr'>mare</span> <span class='ocrx_word' id='word_1_145' title='bbox 2892 730 3172 798; x_wconf 87' lang='lat' dir='ltr'>cucurrit,</span> <span class='ocrx_word' id='word_1_146' title='bbox 3206 729 3432 787; x_wconf 87' lang='lat' dir='ltr'>scilicet</span> <span class='ocrx_word' id='word_1_147' title='bbox 3473 732 3587 787; x_wconf 86' lang='lat' dir='ltr'>Ho-</span> 
     </span>
    </p>
   </div>
   <div class='ocr_carea' id='block_1_18' title="bbox 1935 818 3588 891">
    <p class='ocr_par' dir='ltr' id='par_1_18' title="bbox 1935 818 3588 891">
     <span class='ocr_line' id='line_1_18' title="bbox 1935 818 3588 891; baseline 0.003 -18"><span class='ocrx_word' id='word_1_148' title='bbox 1935 835 2162 874; x_wconf 90' lang='lat' dir='ltr'>merum</span> <span class='ocrx_word' id='word_1_149' title='bbox 2195 819 2389 875; x_wconf 88' lang='lat' dir='ltr'>nescio</span> <span class='ocrx_word' id='word_1_150' title='bbox 2420 834 2596 890; x_wconf 88' lang='lat' dir='ltr'>quem</span> <span class='ocrx_word' id='word_1_151' title='bbox 2619 836 2835 874; x_wconf 88' lang='lat' dir='ltr'>novum</span> <span class='ocrx_word' id='word_1_152' title='bbox 2857 835 2961 891; x_wconf 93' lang='lat' dir='ltr'>pro</span> <span class='ocrx_word' id='word_1_153' title='bbox 2983 818 3091 874; x_wconf 88' lang='lat' dir='ltr'>hac</span> <span class='ocrx_word' id='word_1_154' title='bbox 3119 836 3181 874; x_wconf 89' lang='lat' dir='ltr'>re</span> <span class='ocrx_word' id='word_1_155' title='bbox 3203 819 3482 876; x_wconf 85' lang='lat' dir='ltr'>invocans</span> <span class='ocrx_word' id='word_1_156' title='bbox 3503 820 3588 878; x_wconf 90' lang='lat' dir='ltr'>cis</span> 
     </span>
    </p>
   </div>
   <div class='ocr_carea' id='block_1_19' title="bbox 1936 906 3585 982">
    <p class='ocr_par' dir='ltr' id='par_1_19' title="bbox 1936 906 3585 982">
     <span class='ocr_line' id='line_1_19' title="bbox 1936 906 3585 982; baseline 0.002 -19"><span class='ocrx_word' id='word_1_157' title='bbox 1936 908 2230 975; x_wconf 81' lang='lat' dir='ltr'>Rhenum,</span> <span class='ocrx_word' id='word_1_158' title='bbox 2264 907 2365 980; x_wconf 88' lang='lat' dir='ltr'>qui</span> <span class='ocrx_word' id='word_1_159' title='bbox 2396 907 2455 962; x_wconf 92' lang='lat' dir='ltr'>in</span> <span class='ocrx_word' id='word_1_160' title='bbox 2495 923 2719 962; x_wconf 88' lang='lat' dir='ltr'>morem</span> <span class='ocrx_word' id='word_1_161' title='bbox 2772 906 2959 962; x_wconf 86' lang='lat' dir='ltr'>Flacci</span> <span class='ocrx_word' id='word_1_162' title='bbox 2996 924 3111 963; x_wconf 92' lang='lat' dir='ltr'>non</span> <span class='ocrx_word' id='word_1_163' title='bbox 3142 908 3325 962; x_wconf 90' lang='lat' dir='ltr'>currit</span> <span class='ocrx_word' id='word_1_164' title='bbox 3354 907 3414 964; x_wconf 93' lang='lat' dir='ltr'>in</span> <span class='ocrx_word' id='word_1_165' title='bbox 3449 926 3585 982; x_wconf 88' lang='lat' dir='ltr'>poe-</span> 
     </span>
    </p>
   </div>
   <div class='ocr_carea' id='block_1_20' title="bbox 1934 996 3590 1069">
    <p class='ocr_par' dir='ltr' id='par_1_20' title="bbox 1934 996 3590 1069">
     <span class='ocr_line' id='line_1_20' title="bbox 1934 996 3590 1069; baseline 0.001 -17"><span class='ocrx_word' id='word_1_166' title='bbox 1934 1002 2109 1064; x_wconf 88' lang='lat' dir='ltr'>mate,</span> <span class='ocrx_word' id='word_1_167' title='bbox 2144 999 2244 1051; x_wconf 79' lang='lat' dir='ltr'>sed</span> <span class='ocrx_word' id='word_1_168' title='bbox 2278 997 2426 1052; x_wconf 84' lang='lat' dir='ltr'>fluit.</span> <span class='ocrx_word' id='word_1_169' title='bbox 2448 996 2692 1068; x_wconf 91' lang='lat' dir='ltr'>Insuper</span> <span class='ocrx_word' id='word_1_170' title='bbox 2713 1000 2770 1051; x_wconf 89' lang='lat' dir='ltr'>et</span> <span class='ocrx_word' id='word_1_171' title='bbox 2790 996 2965 1068; x_wconf 87' lang='lat' dir='ltr'>Alpes</span> <span class='ocrx_word' id='word_1_172' title='bbox 2999 996 3491 1069; x_wconf 85' lang='lat' dir='ltr'>philosophantur</span> <span class='ocrx_word' id='word_1_173' title='bbox 3511 1000 3590 1054; x_wconf 90' lang='lat' dir='ltr'>vi-</span> 
     </span>
    </p>
   </div>
   <div class='ocr_carea' id='block_1_21' title="bbox 1934 1083 3587 1158">
    <p class='ocr_par' dir='ltr' id='par_1_21' title="bbox 1934 1083 3587 1158">
     <span class='ocr_line' id='line_1_21' title="bbox 1934 1083 3587 1158; baseline 0.001 -17"><span class='ocrx_word' id='word_1_174' title='bbox 1934 1104 2087 1152; x_wconf 87' lang='lat' dir='ltr'>rum,</span> <span class='ocrx_word' id='word_1_175' title='bbox 2124 1086 2235 1141; x_wconf 90' lang='lat' dir='ltr'>sub</span> <span class='ocrx_word' id='word_1_176' title='bbox 2268 1085 2486 1156; x_wconf 89' lang='lat' dir='ltr'>quibus</span> <span class='ocrx_word' id='word_1_177' title='bbox 2519 1086 2735 1157; x_wconf 86' lang='lat' dir='ltr'>jugum</span> <span class='ocrx_word' id='word_1_178' title='bbox 2786 1083 3206 1140; x_wconf 90' lang='lat' dir='ltr'>Sambutinum</span> <span class='ocrx_word' id='word_1_179' title='bbox 3258 1085 3587 1158; x_wconf 82' lang='lat' dir='ltr'>Radpertus</span> 
     </span>
    </p>
   </div>
   <div class='ocr_carea' id='block_1_22' title="bbox 1933 1173 3584 1249">
    <p class='ocr_par' dir='ltr' id='par_1_22' title="bbox 1933 1173 3584 1249">
     <span class='ocr_line' id='line_1_22' title="bbox 1933 1173 3584 1249; baseline 0.001 -20"><span class='ocrx_word' id='word_1_180' title='bbox 1933 1173 2112 1249; x_wconf 80' lang='lat' dir='ltr'>lyrico</span> <span class='ocrx_word' id='word_1_181' title='bbox 2146 1174 2407 1247; x_wconf 81' lang='lat' dir='ltr'>possidet</span> <span class='ocrx_word' id='word_1_182' title='bbox 2438 1188 2580 1227; x_wconf 88' lang='lat' dir='ltr'>sono</span> <span class='ocrx_word' id='word_1_183' title='bbox 2613 1188 2626 1226; x_wconf 94' lang='lat'>:</span> <span class='ocrx_word' id='word_1_184' title='bbox 2660 1176 2718 1227; x_wconf 90' lang='lat' dir='ltr'>et</span> <span class='ocrx_word' id='word_1_185' title='bbox 2748 1173 2798 1227; x_wconf 90' lang='lat' dir='ltr'>si</span> <span class='ocrx_word' id='word_1_186' title='bbox 2829 1175 3029 1227; x_wconf 84' lang='lat' dir='ltr'>nosset</span> <span class='ocrx_word' id='word_1_187' title='bbox 3058 1176 3227 1227; x_wconf 89' lang='lat' dir='ltr'>antra</span> <span class='ocrx_word' id='word_1_188' title='bbox 3256 1173 3584 1244; x_wconf 83' lang='lat' dir='ltr'>Musarum,</span> 
     </span>
    </p>
   </div>
   <div class='ocr_carea' id='block_1_23' title="bbox 1933 1260 3586 1336">
    <p class='ocr_par' dir='ltr' id='par_1_23' title="bbox 1933 1260 3586 1336">
     <span class='ocr_line' id='line_1_23' title="bbox 1933 1260 3586 1336; baseline 0.001 -17"><span class='ocrx_word' id='word_1_189' title='bbox 1933 1268 2089 1319; x_wconf 87' lang='lat' dir='ltr'>esset</span> <span class='ocrx_word' id='word_1_190' title='bbox 2122 1263 2276 1329; x_wconf 84' lang='lat' dir='ltr'>talis,</span> <span class='ocrx_word' id='word_1_191' title='bbox 2311 1267 2377 1317; x_wconf 91' lang='lat' dir='ltr'>ut</span> <span class='ocrx_word' id='word_1_192' title='bbox 2406 1260 2690 1333; x_wconf 70' lang='lat' dir='ltr'>Cynthius</span> <span class='ocrx_word' id='word_1_193' title='bbox 2722 1260 2943 1332; x_wconf 88' lang='lat' dir='ltr'>Apollo.</span> <span class='ocrx_word' id='word_1_194' title='bbox 2967 1262 3147 1333; x_wconf 89' lang='lat' dir='ltr'>Cujus</span> <span class='ocrx_word' id='word_1_195' title='bbox 3172 1263 3365 1334; x_wconf 87' lang='lat' dir='ltr'>poesis</span> <span class='ocrx_word' id='word_1_196' title='bbox 3396 1263 3586 1336; x_wconf 90' lang='lat' dir='ltr'>prisco</span> 
     </span>
    </p>
   </div>
   <div class='ocr_carea' id='block_1_24' title="bbox 1935 1349 3587 1422">
    <p class='ocr_par' dir='ltr' id='par_1_24' title="bbox 1935 1349 3587 1422">
     <span class='ocr_line' id='line_1_24' title="bbox 1935 1349 3587 1422; baseline 0.001 -15"><span class='ocrx_word' id='word_1_197' title='bbox 1935 1353 1987 1408; x_wconf 90' lang='lat' dir='ltr'>si</span> <span class='ocrx_word' id='word_1_198' title='bbox 2008 1353 2304 1407; x_wconf 89' lang='lat' dir='ltr'>interdum</span> <span class='ocrx_word' id='word_1_199' title='bbox 2333 1351 2660 1406; x_wconf 90' lang='lat' dir='ltr'>alternatur</span> <span class='ocrx_word' id='word_1_200' title='bbox 2680 1365 2861 1415; x_wconf 90' lang='lat' dir='ltr'>more,</span> <span class='ocrx_word' id='word_1_201' title='bbox 2887 1349 3244 1407; x_wconf 81' lang='lat' dir='ltr'>Hartmodus</span> <span class='ocrx_word' id='word_1_202' title='bbox 3265 1352 3393 1422; x_wconf 89' lang='lat' dir='ltr'>ejus</span> <span class='ocrx_word' id='word_1_203' title='bbox 3415 1370 3587 1409; x_wconf 85' lang='lat' dir='ltr'>aures</span> 
     </span>
    </p>
   </div>
   <div class='ocr_carea' id='block_1_25' title="bbox 1934 1436 3587 1511">
    <p class='ocr_par' dir='ltr' id='par_1_25' title="bbox 1934 1436 3587 1511">
     <span class='ocr_line' id='line_1_25' title="bbox 1934 1436 3587 1511; baseline 0 -14"><span class='ocrx_word' id='word_1_204' title='bbox 1934 1439 2149 1508; x_wconf 86' lang='lat' dir='ltr'>avellit,</span> <span class='ocrx_word' id='word_1_205' title='bbox 2166 1444 2305 1511; x_wconf 88' lang='lat' dir='ltr'>apta</span> <span class='ocrx_word' id='word_1_206' title='bbox 2320 1438 2633 1511; x_wconf 80' lang='lat' dir='ltr'>repingens</span> <span class='ocrx_word' id='word_1_207' title='bbox 2656 1436 3173 1509; x_wconf 88' lang='lat' dir='ltr'>proprietati.Nam</span> <span class='ocrx_word' id='word_1_208' title='bbox 3191 1443 3250 1493; x_wconf 93' lang='lat' dir='ltr'>ct</span> <span class='ocrx_word' id='word_1_209' title='bbox 3265 1438 3389 1511; x_wconf 88' lang='lat' dir='ltr'>ipse</span> <span class='ocrx_word' id='word_1_210' title='bbox 3406 1441 3587 1497; x_wconf 90' lang='lat' dir='ltr'>scien-</span> 
     </span>
    </p>
   </div>
   <div class='ocr_carea' id='block_1_26' title="bbox 1935 1525 3585 1601">
    <p class='ocr_par' dir='ltr' id='par_1_26' title="bbox 1935 1525 3585 1601">
     <span class='ocr_line' id='line_1_26' title="bbox 1935 1525 3585 1601; baseline 0 -15"><span class='ocrx_word' id='word_1_211' title='bbox 1935 1529 2078 1586; x_wconf 84' lang='lat' dir='ltr'>tiam</span> <span class='ocrx_word' id='word_1_212' title='bbox 2109 1527 2563 1601; x_wconf 85' lang='lat' dir='ltr'>philosophandi</span> <span class='ocrx_word' id='word_1_213' title='bbox 2592 1526 2787 1595; x_wconf 86' lang='lat' dir='ltr'>habet,</span> <span class='ocrx_word' id='word_1_214' title='bbox 2821 1529 2887 1581; x_wconf 91' lang='lat' dir='ltr'>ut</span> <span class='ocrx_word' id='word_1_215' title='bbox 2915 1525 3253 1583; x_wconf 86' lang='lat' dir='ltr'>Aristoteles</span> <span class='ocrx_word' id='word_1_216' title='bbox 3292 1527 3585 1586; x_wconf 85' lang='lat' dir='ltr'>calamum</span> 
     </span>
    </p>
   </div>
   <div class='ocr_carea' id='block_1_27' title="bbox 1934 1608 3591 1690">
    <p class='ocr_par' dir='ltr' id='par_1_27' title="bbox 1934 1608 3591 1690">
     <span class='ocr_line' id='line_1_27' title="bbox 1934 1608 3591 1690; baseline 0.001 -17"><span class='ocrx_word' id='word_1_217' title='bbox 1934 1608 2281 1675; x_wconf 62' lang='lat' dir='ltr'>in‘mentem</span> <span class='ocrx_word' id='word_1_218' title='bbox 2313 1616 2564 1690; x_wconf 80' lang='lat' dir='ltr'>erigens.</span> <span class='ocrx_word' id='word_1_219' title='bbox 2598 1616 2669 1671; x_wconf 91' lang='lat' dir='ltr'>Et</span> <span class='ocrx_word' id='word_1_220' title='bbox 2698 1614 2839 1688; x_wconf 86' lang='lat' dir='ltr'>quia</span> <span class='ocrx_word' id='word_1_221' title='bbox 2877 1614 3068 1670; x_wconf 89' lang='lat' dir='ltr'>multa</span> <span class='ocrx_word' id='word_1_222' title='bbox 3117 1619 3258 1671; x_wconf 88' lang='lat' dir='ltr'>sunt</span> <span class='ocrx_word' id='word_1_223' title='bbox 3305 1616 3591 1675; x_wconf 90' lang='lat' dir='ltr'>miracula</span> 
     </span>
    </p>
   </div>
   <div class='ocr_carea' id='block_1_28' title="bbox 1936 1692 3590 1778">
    <p class='ocr_par' dir='ltr' id='par_1_28' title="bbox 1936 1692 3590 1778">
     <span class='ocr_line' id='line_1_28' title="bbox 1936 1692 3590 1778; baseline -0.001 -13"><span class='ocrx_word' id='word_1_224' title='bbox 1936 1708 2125 1765; x_wconf 89' lang='lat' dir='ltr'>sancti</span> <span class='ocrx_word' id='word_1_225' title='bbox 2187 1706 2359 1777; x_wconf 89' lang='lat' dir='ltr'>Galli,</span> <span class='ocrx_word' id='word_1_226' title='bbox 2419 1692 2836 1778; x_wconf 24' lang='lat' dir='ltr'>plures‘decet</span> <span class='ocrx_word' id='word_1_227' title='bbox 2891 1704 3109 1760; x_wconf 87' lang='lat' dir='ltr'>habeat</span> <span class='ocrx_word' id='word_1_228' title='bbox 3174 1705 3590 1778; x_wconf 89' lang='lat' dir='ltr'>astipulatores</span> 
     </span>
    </p>
   </div>
   <div class='ocr_carea' id='block_1_29' title="bbox 1935 1792 3593 1869">
    <p class='ocr_par' dir='ltr' id='par_1_29' title="bbox 1935 1792 3593 1869">
     <span class='ocr_line' id='line_1_29' title="bbox 1935 1792 3593 1869; baseline -0.001 -15"><span class='ocrx_word' id='word_1_229' title='bbox 1935 1797 2410 1869; x_wconf 81' lang='lat' dir='ltr'>multiplicesque</span> <span class='ocrx_word' id='word_1_230' title='bbox 2440 1794 2889 1851; x_wconf 86' lang='lat' dir='ltr'>laudatores.Ac</span> <span class='ocrx_word' id='word_1_231' title='bbox 2907 1809 2980 1850; x_wconf 90' lang='lat' dir='ltr'>ne</span> <span class='ocrx_word' id='word_1_232' title='bbox 3000 1792 3164 1850; x_wconf 91' lang='lat' dir='ltr'>solus</span> <span class='ocrx_word' id='word_1_233' title='bbox 3183 1792 3243 1849; x_wconf 92' lang='lat' dir='ltr'>in</span> <span class='ocrx_word' id='word_1_234' title='bbox 3266 1794 3395 1866; x_wconf 87' lang='lat' dir='ltr'>ejus</span> <span class='ocrx_word' id='word_1_235' title='bbox 3417 1794 3593 1852; x_wconf 89' lang='lat' dir='ltr'>laude</span> 
     </span>
    </p>
   </div>
   <div class='ocr_carea' id='block_1_30' title="bbox 1936 1881 3594 1958">
    <p class='ocr_par' dir='ltr' id='par_1_30' title="bbox 1936 1881 3594 1958">
     <span class='ocr_line' id='line_1_30' title="bbox 1936 1881 3594 1958; baseline -0.002 -16"><span class='ocrx_word' id='word_1_236' title='bbox 1936 1887 2164 1954; x_wconf 90' lang='lat' dir='ltr'>sileam,</span> <span class='ocrx_word' id='word_1_237' title='bbox 2196 1901 2385 1958; x_wconf 89' lang='lat' dir='ltr'>usque</span> <span class='ocrx_word' id='word_1_238' title='bbox 2414 1882 2702 1940; x_wconf 83' lang='lat' dir='ltr'>beneﬁcia</span> <span class='ocrx_word' id='word_1_239' title='bbox 2731 1882 3023 1938; x_wconf 90' lang='lat' dir='ltr'>immensa</span> <span class='ocrx_word' id='word_1_240' title='bbox 3047 1882 3106 1937; x_wconf 90' lang='lat' dir='ltr'>in</span> <span class='ocrx_word' id='word_1_241' title='bbox 3130 1899 3223 1937; x_wconf 90' lang='lat' dir='ltr'>me</span> <span class='ocrx_word' id='word_1_242' title='bbox 3246 1881 3373 1955; x_wconf 91' lang='lat' dir='ltr'>ipso</span> <span class='ocrx_word' id='word_1_243' title='bbox 3396 1900 3594 1956; x_wconf 84' lang='lat' dir='ltr'>exper-</span> 
     </span>
    </p>
   </div>
   <div class='ocr_carea' id='block_1_31' title="bbox 173 1969 3587 2076">
    <p class='ocr_par' dir='ltr' id='par_1_31' title="bbox 173 1969 3587 2076">
     <span class='ocr_line' id='line_1_31' title="bbox 173 1969 3587 2076; baseline -0 -47"><span class='ocrx_word' id='word_1_244' title='bbox 173 1976 292 2041; x_wconf 88' lang='lat' dir='ltr'>tua,</span> <span class='ocrx_word' id='word_1_245' title='bbox 313 1990 416 2045; x_wconf 89' lang='lat' dir='ltr'>per</span> <span class='ocrx_word' id='word_1_246' title='bbox 445 1973 545 2028; x_wconf 89' lang='lat' dir='ltr'>Dei</span> <span class='ocrx_word' id='word_1_247' title='bbox 567 1972 818 2045; x_wconf 84' lang='lat' dir='ltr'>gratiam</span> <span class='ocrx_word' id='word_1_248' title='bbox 838 1975 1247 2046; x_wconf 81' lang='lat' dir='ltr'>conspexi,ceu</span> <span class='ocrx_word' id='word_1_249' title='bbox 1271 1977 1506 2034; x_wconf 86' lang='lat' dir='ltr'>basium</span> <span class='ocrx_word' id='word_1_250' title='bbox 1527 1979 1824 2050; x_wconf 86' lang='lat' dir='ltr'>quoddam</span> <span class='ocrx_word' id='word_1_251' title='bbox 1858 2010 1907 2076; x_wconf 83' lang='lat' dir='ltr'><strong>B</strong></span> <span class='ocrx_word' id='word_1_252' title='bbox 1938 1980 2033 2031; x_wconf 88' lang='lat' dir='ltr'>tus</span> <span class='ocrx_word' id='word_1_253' title='bbox 2077 1993 2232 2043; x_wconf 90' lang='lat' dir='ltr'>sum,</span> <span class='ocrx_word' id='word_1_254' title='bbox 2266 1979 2385 2029; x_wconf 90' lang='lat' dir='ltr'>tam</span> <span class='ocrx_word' id='word_1_255' title='bbox 2438 1972 2521 2072; x_wconf 44' lang='lat' dir='ltr'>in.</span> <span class='ocrx_word' id='word_1_256' title='bbox 2545 1971 2703 2069; x_wconf 78' lang='lat' dir='ltr'>vocis</span> <span class='ocrx_word' id='word_1_257' title='bbox 2753 1969 3038 2076; x_wconf 62' lang='lat' dir='ltr'>claritate,</span> <span class='ocrx_word' id='word_1_258' title='bbox 3071 1987 3249 2076; x_wconf 80' lang='lat' dir='ltr'>quam</span> <span class='ocrx_word' id='word_1_259' title='bbox 3300 1971 3476 2076; x_wconf 76' lang='lat' dir='ltr'>etiam</span> <span class='ocrx_word' id='word_1_260' title='bbox 3529 1973 3587 2028; x_wconf 91' lang='lat' dir='ltr'>in</span> 
     </span>
    </p>
   </div>
   <div class='ocr_carea' id='block_1_32' title="bbox 175 2061 1831 2138">
    <p class='ocr_par' dir='ltr' id='par_1_32' title="bbox 175 2061 1831 2138">
     <span class='ocr_line' id='line_1_32' title="bbox 175 2061 1831 2138; baseline 0.003 -21"><span class='ocrx_word' id='word_1_261' title='bbox 175 2062 499 2134; x_wconf 88' lang='lat' dir='ltr'>rependens</span> <span class='ocrx_word' id='word_1_262' title='bbox 519 2061 789 2118; x_wconf 89' lang='lat' dir='ltr'>charitati</span> <span class='ocrx_word' id='word_1_263' title='bbox 806 2066 1030 2130; x_wconf 68' lang='lat' dir='ltr'>vestris,</span> <span class='ocrx_word' id='word_1_264' title='bbox 1047 2063 1291 2136; x_wconf 85' lang='lat' dir='ltr'>cogitavi</span> <span class='ocrx_word' id='word_1_265' title='bbox 1307 2065 1525 2138; x_wconf 91' lang='lat' dir='ltr'>scripto</span> <span class='ocrx_word' id='word_1_266' title='bbox 1540 2082 1663 2122; x_wconf 90' lang='lat' dir='ltr'>com</span> <span class='ocrx_word' id='word_1_267' title='bbox 1674 2084 1831 2123; x_wconf 90' lang='lat' dir='ltr'>men-</span> 
     </span>
    </p>
   </div>
   <div class='ocr_carea' id='block_1_33' title="bbox 175 2148 1831 2225">
    <p class='ocr_par' dir='ltr' id='par_1_33' title="bbox 175 2148 1831 2225">
     <span class='ocr_line' id='line_1_33' title="bbox 175 2148 1831 2225; baseline 0.004 -19"><span class='ocrx_word' id='word_1_268' title='bbox 175 2150 311 2206; x_wconf 89' lang='lat' dir='ltr'>dare</span> <span class='ocrx_word' id='word_1_269' title='bbox 341 2166 469 2223; x_wconf 66' lang='lat' dir='ltr'>quis</span> <span class='ocrx_word' id='word_1_270' title='bbox 501 2148 645 2205; x_wconf 90' lang='lat' dir='ltr'>mihi</span> <span class='ocrx_word' id='word_1_271' title='bbox 676 2154 949 2207; x_wconf 87' lang='lat' dir='ltr'>constant</span> <span class='ocrx_word' id='word_1_272' title='bbox 980 2152 1051 2207; x_wconf 93' lang='lat' dir='ltr'>de</span> <span class='ocrx_word' id='word_1_273' title='bbox 1078 2157 1274 2209; x_wconf 77' lang='lat' dir='ltr'>vestra</span> <span class='ocrx_word' id='word_1_274' title='bbox 1304 2153 1563 2211; x_wconf 87' lang='lat' dir='ltr'>bonitate</span> <span class='ocrx_word' id='word_1_275' title='bbox 1594 2159 1751 2225; x_wconf 89' lang='lat' dir='ltr'>nota,</span> <span class='ocrx_word' id='word_1_276' title='bbox 1772 2160 1831 2212; x_wconf 90' lang='lat' dir='ltr'>et</span> 
     </span>
    </p>
   </div>
   <div class='ocr_carea' id='block_1_34' title="bbox 174 2236 1831 2311">
    <p class='ocr_par' dir='ltr' id='par_1_34' title="bbox 174 2236 1831 2311">
     <span class='ocr_line' id='line_1_34' title="bbox 174 2236 1831 2311; baseline 0.004 -17"><span class='ocrx_word' id='word_1_277' title='bbox 174 2236 541 2311; x_wconf 87' lang='lat' dir='ltr'>dignissima.</span> <span class='ocrx_word' id='word_1_278' title='bbox 574 2239 646 2295; x_wconf 84' lang='lat' dir='ltr'>Et</span> <span class='ocrx_word' id='word_1_279' title='bbox 674 2256 780 2294; x_wconf 90' lang='lat' dir='ltr'>cur</span> <span class='ocrx_word' id='word_1_280' title='bbox 808 2257 924 2295; x_wconf 91' lang='lat' dir='ltr'>non</span> <span class='ocrx_word' id='word_1_281' title='bbox 947 2241 1243 2297; x_wconf 67' lang='lat' dir='ltr'>memoria}</span> <span class='ocrx_word' id='word_1_282' title='bbox 1263 2242 1555 2299; x_wconf 88' lang='lat' dir='ltr'>tradimus</span> <span class='ocrx_word' id='word_1_283' title='bbox 1579 2245 1732 2300; x_wconf 86' lang='lat' dir='ltr'>facta</span> <span class='ocrx_word' id='word_1_284' title='bbox 1752 2246 1831 2300; x_wconf 77' lang='lat' dir='ltr'>vi-</span> 
     </span>
    </p>
   </div>
   <div class='ocr_carea' id='block_1_35' title="bbox 174 2326 1828 2407">
    <p class='ocr_par' dir='ltr' id='par_1_35' title="bbox 174 2326 1828 2407">
     <span class='ocr_line' id='line_1_35' title="bbox 174 2326 1828 2407; baseline 0.004 -25"><span class='ocrx_word' id='word_1_285' title='bbox 174 2342 373 2383; x_wconf 88' lang='lat' dir='ltr'>rerum</span> <span class='ocrx_word' id='word_1_286' title='bbox 403 2342 540 2382; x_wconf 90' lang='lat' dir='ltr'>cum</span> <span class='ocrx_word' id='word_1_287' title='bbox 570 2326 802 2383; x_wconf 90' lang='lat' dir='ltr'>Christo</span> <span class='ocrx_word' id='word_1_288' title='bbox 832 2329 1231 2396; x_wconf 87' lang='lat' dir='ltr'>viventium,si</span> <span class='ocrx_word' id='word_1_289' title='bbox 1262 2334 1426 2389; x_wconf 88' lang='lat' dir='ltr'>tanto</span> <span class='ocrx_word' id='word_1_290' title='bbox 1458 2332 1654 2389; x_wconf 91' lang='lat' dir='ltr'>studio</span> <span class='ocrx_word' id='word_1_291' title='bbox 1686 2333 1828 2407; x_wconf 85' lang='lat' dir='ltr'>legi-</span> 
     </span>
    </p>
   </div>
   <div class='ocr_carea' id='block_1_36' title="bbox 174 2415 1829 2492">
    <p class='ocr_par' dir='ltr' id='par_1_36' title="bbox 174 2415 1829 2492">
     <span class='ocr_line' id='line_1_36' title="bbox 174 2415 1829 2492; baseline 0.005 -21"><span class='ocrx_word' id='word_1_292' title='bbox 174 2432 308 2472; x_wconf 87' lang='lat' dir='ltr'>mus</span> <span class='ocrx_word' id='word_1_293' title='bbox 336 2415 492 2472; x_wconf 86' lang='lat' dir='ltr'>facta</span> <span class='ocrx_word' id='word_1_294' title='bbox 511 2416 824 2474; x_wconf 85' lang='lat' dir='ltr'>hominum</span> <span class='ocrx_word' id='word_1_295' title='bbox 855 2417 1194 2492; x_wconf 91' lang='lat' dir='ltr'>iniquorum</span> <span class='ocrx_word' id='word_1_296' title='bbox 1217 2426 1673 2489; x_wconf 88' lang='lat' dir='ltr'>mortuorum,et</span> <span class='ocrx_word' id='word_1_297' title='bbox 1693 2440 1829 2479; x_wconf 90' lang='lat' dir='ltr'>cum</span> 
     </span>
    </p>
   </div>
   <div class='ocr_carea' id='block_1_37' title="bbox 174 2504 1828 2584">
    <p class='ocr_par' dir='ltr' id='par_1_37' title="bbox 174 2504 1828 2584">
     <span class='ocr_line' id='line_1_37' title="bbox 174 2504 1828 2584; baseline 0.005 -25"><span class='ocrx_word' id='word_1_298' title='bbox 174 2504 407 2561; x_wconf 88' lang='lat' dir='ltr'>diabolo</span> <span class='ocrx_word' id='word_1_299' title='bbox 437 2505 498 2560; x_wconf 93' lang='lat' dir='ltr'>in</span> <span class='ocrx_word' id='word_1_300' title='bbox 529 2505 756 2563; x_wconf 85' lang='lat' dir='ltr'>inferno</span> <span class='ocrx_word' id='word_1_301' title='bbox 785 2507 1151 2581; x_wconf 91' lang='lat' dir='ltr'>sepultorum</span> <span class='ocrx_word' id='word_1_302' title='bbox 1169 2510 1197 2565; x_wconf 82' lang='lat'><strong>?</strong></span> <span class='ocrx_word' id='word_1_303' title='bbox 1226 2510 1374 2577; x_wconf 85' lang='lat' dir='ltr'>Quid</span> <span class='ocrx_word' id='word_1_304' title='bbox 1400 2511 1557 2566; x_wconf 90' lang='lat' dir='ltr'>enim</span> <span class='ocrx_word' id='word_1_305' title='bbox 1578 2512 1828 2584; x_wconf 87' lang='lat' dir='ltr'>Jupiter,</span> 
     </span>
    </p>
   </div>
   <div class='ocr_carea' id='block_1_38' title="bbox 173 2592 1832 2673">
    <p class='ocr_par' dir='ltr' id='par_1_38' title="bbox 173 2592 1832 2673">
     <span class='ocr_line' id='line_1_38' title="bbox 173 2592 1832 2673; baseline 0.006 -25"><span class='ocrx_word' id='word_1_306' title='bbox 173 2592 260 2649; x_wconf 85' lang='lat' dir='ltr'>vel</span> <span class='ocrx_word' id='word_1_307' title='bbox 291 2594 542 2662; x_wconf 89' lang='lat' dir='ltr'>Mavors,</span> <span class='ocrx_word' id='word_1_308' title='bbox 577 2593 691 2651; x_wconf 89' lang='lat' dir='ltr'>nisi</span> <span class='ocrx_word' id='word_1_309' title='bbox 721 2595 993 2654; x_wconf 91' lang='lat' dir='ltr'>homines</span> <span class='ocrx_word' id='word_1_310' title='bbox 1022 2599 1312 2670; x_wconf 71' lang='lat' dir='ltr'>pessimi?</span> <span class='ocrx_word' id='word_1_311' title='bbox 1331 2603 1389 2655; x_wconf 89' lang='lat' dir='ltr'>et</span> <span class='ocrx_word' id='word_1_312' title='bbox 1410 2600 1552 2673; x_wconf 89' lang='lat' dir='ltr'>quid</span> <span class='ocrx_word' id='word_1_313' title='bbox 1575 2619 1605 2656; x_wconf 88' lang='lat' dir='ltr'>e</span> <span class='ocrx_word' id='word_1_314' title='bbox 1628 2607 1832 2657; x_wconf 90' lang='lat' dir='ltr'>contra</span> 
     </span>
    </p>
   </div>
   <div class='ocr_carea' id='block_1_39' title="bbox 176 2682 1831 2752">
    <p class='ocr_par' dir='ltr' id='par_1_39' title="bbox 176 2682 1831 2752">
     <span class='ocr_line' id='line_1_39' title="bbox 176 2682 1831 2752; baseline 0.005 -14"><span class='ocrx_word' id='word_1_315' title='bbox 176 2687 418 2739; x_wconf 89' lang='lat' dir='ltr'>sanctus</span> <span class='ocrx_word' id='word_1_316' title='bbox 438 2682 925 2752; x_wconf 89' lang='lat' dir='ltr'>Columbanus,et</span> <span class='ocrx_word' id='word_1_317' title='bbox 942 2692 1185 2744; x_wconf 89' lang='lat' dir='ltr'>sanctus</span> <span class='ocrx_word' id='word_1_318' title='bbox 1197 2688 1400 2745; x_wconf 88' lang='lat' dir='ltr'>Gallus</span> <span class='ocrx_word' id='word_1_319' title='bbox 1424 2689 1536 2744; x_wconf 88' lang='lat' dir='ltr'>nisi</span> <span class='ocrx_word' id='word_1_320' title='bbox 1560 2690 1831 2746; x_wconf 78' lang='lat' dir='ltr'>homines</span> 
     </span>
    </p>
   </div>
   <div class='ocr_carea' id='block_1_40' title="bbox 175 2771 1831 2845">
    <p class='ocr_par' dir='ltr' id='par_1_40' title="bbox 175 2771 1831 2845">
     <span class='ocr_line' id='line_1_40' title="bbox 175 2771 1831 2845; baseline 0.004 -18"><span class='ocrx_word' id='word_1_321' title='bbox 175 2771 380 2844; x_wconf 81' lang='lat' dir='ltr'>optimi</span> <span class='ocrx_word' id='word_1_322' title='bbox 420 2772 701 2828; x_wconf 81' lang='lat' dir='ltr'>fuerunt?</span> <span class='ocrx_word' id='word_1_323' title='bbox 732 2791 984 2845; x_wconf 82' lang='lat' dir='ltr'>quorum</span> <span class='ocrx_word' id='word_1_324' title='bbox 1035 2776 1279 2844; x_wconf 83' lang='lat' dir='ltr'>familia,</span> <span class='ocrx_word' id='word_1_325' title='bbox 1313 2779 1495 2834; x_wconf 89' lang='lat' dir='ltr'>tantis</span> <span class='ocrx_word' id='word_1_326' title='bbox 1540 2784 1831 2835; x_wconf 87' lang='lat' dir='ltr'>terrarum</span> 
     </span>
    </p>
   </div>
   <div class='ocr_carea' id='block_1_41' title="bbox 179 2860 1829 2940">
    <p class='ocr_par' dir='ltr' id='par_1_41' title="bbox 179 2860 1829 2940">
     <span class='ocr_line' id='line_1_41' title="bbox 179 2860 1829 2940; baseline 0.004 -25"><span class='ocrx_word' id='word_1_327' title='bbox 179 2860 386 2932; x_wconf 88' lang='lat' dir='ltr'>spatiis</span> <span class='ocrx_word' id='word_1_328' title='bbox 412 2861 731 2934; x_wconf 84' lang='lat' dir='ltr'>dirempta,</span> <span class='ocrx_word' id='word_1_329' title='bbox 759 2862 893 2919; x_wconf 90' lang='lat' dir='ltr'>talis</span> <span class='ocrx_word' id='word_1_330' title='bbox 924 2869 1032 2932; x_wconf 90' lang='lat' dir='ltr'>est,</span> <span class='ocrx_word' id='word_1_331' title='bbox 1058 2869 1125 2921; x_wconf 92' lang='lat' dir='ltr'>ut</span> <span class='ocrx_word' id='word_1_332' title='bbox 1145 2884 1263 2922; x_wconf 90' lang='lat' dir='ltr'>una</span> <span class='ocrx_word' id='word_1_333' title='bbox 1281 2866 1394 2935; x_wconf 86' lang='lat' dir='ltr'>sit;</span> <span class='ocrx_word' id='word_1_334' title='bbox 1418 2871 1699 2940; x_wconf 91' lang='lat' dir='ltr'>tantaque</span> <span class='ocrx_word' id='word_1_335' title='bbox 1721 2872 1829 2936; x_wconf 91' lang='lat' dir='ltr'>est,</span> 
     </span>
    </p>
   </div>
   <div class='ocr_carea' id='block_1_42' title="bbox 179 2948 1833 3027">
    <p class='ocr_par' dir='ltr' id='par_1_42' title="bbox 179 2948 1833 3027">
     <span class='ocr_line' id='line_1_42' title="bbox 179 2948 1833 3027; baseline 0.004 -24"><span class='ocrx_word' id='word_1_336' title='bbox 179 2951 245 3003; x_wconf 89' lang='lat' dir='ltr'>ut</span> <span class='ocrx_word' id='word_1_337' title='bbox 271 2965 375 3020; x_wconf 88' lang='lat' dir='ltr'>per</span> <span class='ocrx_word' id='word_1_338' title='bbox 404 2948 507 3005; x_wconf 89' lang='lat' dir='ltr'>Dei</span> <span class='ocrx_word' id='word_1_339' title='bbox 538 2949 789 3022; x_wconf 82' lang='lat' dir='ltr'>gratiam</span> <span class='ocrx_word' id='word_1_340' title='bbox 821 2952 991 3024; x_wconf 87' lang='lat' dir='ltr'>signa</span> <span class='ocrx_word' id='word_1_341' title='bbox 1019 2954 1333 3011; x_wconf 85' lang='lat' dir='ltr'>faciat.Sed</span> <span class='ocrx_word' id='word_1_342' title='bbox 1365 2955 1506 3027; x_wconf 89' lang='lat' dir='ltr'>quia</span> <span class='ocrx_word' id='word_1_343' title='bbox 1535 2957 1606 3011; x_wconf 88' lang='lat' dir='ltr'>de</span> <span class='ocrx_word' id='word_1_344' title='bbox 1637 2956 1833 3012; x_wconf 90' lang='lat' dir='ltr'>omni-</span> 
     </span>
    </p>
   </div>
   <div class='ocr_carea' id='block_1_43' title="bbox 182 3036 1831 3111">
    <p class='ocr_par' dir='ltr' id='par_1_43' title="bbox 182 3036 1831 3111">
     <span class='ocr_line' id='line_1_43' title="bbox 182 3036 1831 3111; baseline 0.006 -20"><span class='ocrx_word' id='word_1_345' title='bbox 182 3036 290 3092; x_wconf 89' lang='lat' dir='ltr'>bus</span> <span class='ocrx_word' id='word_1_346' title='bbox 319 3038 565 3111; x_wconf 90' lang='lat' dir='ltr'>longum</span> <span class='ocrx_word' id='word_1_347' title='bbox 591 3043 682 3094; x_wconf 89' lang='lat' dir='ltr'>est</span> <span class='ocrx_word' id='word_1_348' title='bbox 710 3056 1193 3110; x_wconf 89' lang='lat' dir='ltr'>commemorare,</span> <span class='ocrx_word' id='word_1_349' title='bbox 1227 3044 1315 3099; x_wconf 87' lang='lat' dir='ltr'>vel</span> <span class='ocrx_word' id='word_1_350' title='bbox 1357 3045 1428 3100; x_wconf 89' lang='lat' dir='ltr'>de</span> <span class='ocrx_word' id='word_1_351' title='bbox 1474 3046 1595 3100; x_wconf 90' lang='lat' dir='ltr'>vita</span> <span class='ocrx_word' id='word_1_352' title='bbox 1643 3048 1831 3102; x_wconf 87' lang='lat' dir='ltr'>sancti</span> 
     </span>
    </p>
   </div>
   <div class='ocr_carea' id='block_1_44' title="bbox 181 3125 1834 3207">
    <p class='ocr_par' dir='ltr' id='par_1_44' title="bbox 181 3125 1834 3207">
     <span class='ocr_line' id='line_1_44' title="bbox 181 3125 1834 3207; baseline 0.004 -27"><span class='ocrx_word' id='word_1_353' title='bbox 181 3125 348 3194; x_wconf 85' lang='lat' dir='ltr'>Galli,</span> <span class='ocrx_word' id='word_1_354' title='bbox 374 3126 547 3198; x_wconf 83' lang='lat' dir='ltr'>cujus</span> <span class='ocrx_word' id='word_1_355' title='bbox 571 3131 635 3183; x_wconf 92' lang='lat' dir='ltr'>tu</span> <span class='ocrx_word' id='word_1_356' title='bbox 660 3132 859 3200; x_wconf 88' lang='lat' dir='ltr'>pastor</span> <span class='ocrx_word' id='word_1_357' title='bbox 878 3147 1058 3201; x_wconf 89' lang='lat' dir='ltr'>quam</span> <span class='ocrx_word' id='word_1_358' title='bbox 1081 3132 1299 3204; x_wconf 90' lang='lat' dir='ltr'>optime</span> <span class='ocrx_word' id='word_1_359' title='bbox 1321 3133 1623 3206; x_wconf 88' lang='lat' dir='ltr'>tugurium</span> <span class='ocrx_word' id='word_1_360' title='bbox 1645 3134 1834 3207; x_wconf 86' lang='lat' dir='ltr'>possi-</span> 
     </span>
    </p>
   </div>
   <div class='ocr_carea' id='block_1_45' title="bbox 180 3213 1834 3288">
    <p class='ocr_par' dir='ltr' id='par_1_45' title="bbox 180 3213 1834 3288">
     <span class='ocr_line' id='line_1_45' title="bbox 180 3213 1834 3288; baseline 0.007 -20"><span class='ocrx_word' id='word_1_361' title='bbox 180 3213 305 3281; x_wconf 90' lang='lat' dir='ltr'>des,</span> <span class='ocrx_word' id='word_1_362' title='bbox 320 3219 379 3270; x_wconf 91' lang='lat' dir='ltr'>et</span> <span class='ocrx_word' id='word_1_363' title='bbox 395 3214 681 3270; x_wconf 88' lang='lat' dir='ltr'>familiam</span> <span class='ocrx_word' id='word_1_364' title='bbox 704 3216 859 3288; x_wconf 82' lang='lat' dir='ltr'>regis</span> <span class='ocrx_word' id='word_1_365' title='bbox 879 3235 892 3284; x_wconf 92' lang='lat'>;</span> <span class='ocrx_word' id='word_1_366' title='bbox 919 3217 1088 3273; x_wconf 90' lang='lat' dir='ltr'>liceat</span> <span class='ocrx_word' id='word_1_367' title='bbox 1108 3220 1327 3276; x_wconf 90' lang='lat' dir='ltr'>amoris</span> <span class='ocrx_word' id='word_1_368' title='bbox 1350 3237 1530 3277; x_wconf 88' lang='lat' dir='ltr'>causa</span> <span class='ocrx_word' id='word_1_369' title='bbox 1547 3223 1834 3278; x_wconf 91' lang='lat' dir='ltr'>virtutum</span> 
     </span>
    </p>
   </div>
   <div class='ocr_carea' id='block_1_46' title="bbox 180 3302 1834 3379">
    <p class='ocr_par' dir='ltr' id='par_1_46' title="bbox 180 3302 1834 3379">
     <span class='ocr_line' id='line_1_46' title="bbox 180 3302 1834 3379; baseline 0.005 -22"><span class='ocrx_word' id='word_1_370' title='bbox 180 3302 309 3373; x_wconf 87' lang='lat' dir='ltr'>ejus</span> <span class='ocrx_word' id='word_1_371' title='bbox 330 3303 622 3375; x_wconf 89' lang='lat' dir='ltr'>quosdam</span> <span class='ocrx_word' id='word_1_372' title='bbox 639 3304 930 3361; x_wconf 88' lang='lat' dir='ltr'>ﬂoscellos</span> <span class='ocrx_word' id='word_1_373' title='bbox 944 3307 1275 3379; x_wconf 89' lang='lat' dir='ltr'>decarpere,</span> <span class='ocrx_word' id='word_1_374' title='bbox 1296 3313 1354 3363; x_wconf 91' lang='lat' dir='ltr'>et</span> <span class='ocrx_word' id='word_1_375' title='bbox 1374 3310 1633 3366; x_wconf 91' lang='lat' dir='ltr'>metricis</span> <span class='ocrx_word' id='word_1_376' title='bbox 1656 3311 1834 3367; x_wconf 90' lang='lat' dir='ltr'>melo-</span> 
     </span>
    </p>
   </div>
   <div class='ocr_carea' id='block_1_47' title="bbox 1941 2059 3587 2127">
    <p class='ocr_par' dir='ltr' id='par_1_47' title="bbox 1941 2059 3587 2127">
     <span class='ocr_line' id='line_1_47' title="bbox 1941 2059 3587 2127; baseline -0.002 -7"><span class='ocrx_word' id='word_1_377' title='bbox 1941 2065 2140 2120; x_wconf 90' lang='lat' dir='ltr'>luctus</span> <span class='ocrx_word' id='word_1_378' title='bbox 2171 2063 2284 2119; x_wconf 91' lang='lat' dir='ltr'>mei</span> <span class='ocrx_word' id='word_1_379' title='bbox 2318 2060 2622 2127; x_wconf 90' lang='lat' dir='ltr'>solamine,</span> <span class='ocrx_word' id='word_1_380' title='bbox 2660 2059 2741 2114; x_wconf 90' lang='lat' dir='ltr'>ita</span> <span class='ocrx_word' id='word_1_381' title='bbox 2788 2063 2853 2114; x_wconf 91' lang='lat' dir='ltr'>ut</span> <span class='ocrx_word' id='word_1_382' title='bbox 2900 2062 3076 2113; x_wconf 85' lang='lat' dir='ltr'>noctu</span> <span class='ocrx_word' id='word_1_383' title='bbox 3120 2063 3256 2115; x_wconf 89' lang='lat' dir='ltr'>ante</span> <span class='ocrx_word' id='word_1_384' title='bbox 3306 2059 3587 2117; x_wconf 88' lang='lat' dir='ltr'>tinnitum</span> 
     </span>
    </p>
   </div>
   <div class='ocr_carea' id='block_1_48' title="bbox 1939 2151 3193 2223">
    <p class='ocr_par' dir='ltr' id='par_1_48' title="bbox 1939 2151 3193 2223">
     <span class='ocr_line' id='line_1_48' title="bbox 1939 2151 3193 2223; baseline -0.006 -12"><span class='ocrx_word' id='word_1_385' title='bbox 1939 2154 2107 2223; x_wconf 71' lang='lat' dir='ltr'>noles,</span> <span class='ocrx_word' id='word_1_386' title='bbox 2140 2153 2297 2210; x_wconf 91' lang='lat' dir='ltr'>hunc</span> <span class='ocrx_word' id='word_1_387' title='bbox 2326 2166 2562 2207; x_wconf 90' lang='lat' dir='ltr'>versum</span> <span class='ocrx_word' id='word_1_388' title='bbox 2596 2151 2861 2205; x_wconf 89' lang='lat' dir='ltr'>cantaret</span> <span class='ocrx_word' id='word_1_389' title='bbox 2891 2151 3026 2203; x_wconf 89' lang='lat' dir='ltr'>ante</span> <span class='ocrx_word' id='word_1_390' title='bbox 3055 2164 3149 2205; x_wconf 91' lang='lat' dir='ltr'>me</span> <span class='ocrx_word' id='word_1_391' title='bbox 3180 2164 3193 2203; x_wconf 90' lang='lat'><strong>:</strong></span> 
     </span>
    </p>
   </div>
   <div class='ocr_carea' id='block_1_49' title="bbox 2265 2336 3266 2401">
    <p class='ocr_par' dir='ltr' id='par_1_49' title="bbox 2265 2336 3266 2401">
     <span class='ocr_line' id='line_1_49' title="bbox 2265 2336 3266 2401; baseline -0.006 -10"><span class='ocrx_word' id='word_1_392' title='bbox 2265 2342 2304 2391; x_wconf 93' lang='grc'>0</span> <span class='ocrx_word' id='word_1_393' title='bbox 2334 2341 2566 2399; x_wconf 88' lang='lat' dir='ltr'>alumne,</span> <span class='ocrx_word' id='word_1_394' title='bbox 2599 2342 2722 2388; x_wconf 82' lang='lat' dir='ltr'>tuos</span> <span class='ocrx_word' id='word_1_395' title='bbox 2749 2337 3042 2401; x_wconf 85' lang='lat' dir='ltr'>comprime</span> <span class='ocrx_word' id='word_1_396' title='bbox 3072 2336 3266 2387; x_wconf 85' lang='lat' dir='ltr'>luctus.</span> 
     </span>
    </p>
   </div>
   <div class='ocr_carea' id='block_1_50' title="bbox 1940 2507 3595 2583">
    <p class='ocr_par' dir='ltr' id='par_1_50' title="bbox 1940 2507 3595 2583">
     <span class='ocr_line' id='line_1_50' title="bbox 1940 2507 3595 2583; baseline -0.004 -12"><span class='ocrx_word' id='word_1_397' title='bbox 1940 2520 2123 2583; x_wconf 83' lang='lat' dir='ltr'>Quem</span> <span class='ocrx_word' id='word_1_398' title='bbox 2155 2516 2328 2571; x_wconf 89' lang='lat' dir='ltr'>etiam</span> <span class='ocrx_word' id='word_1_399' title='bbox 2362 2511 2589 2567; x_wconf 89' lang='lat' dir='ltr'>luctum</span> <span class='ocrx_word' id='word_1_400' title='bbox 2617 2527 2721 2582; x_wconf 91' lang='lat' dir='ltr'>pro</span> <span class='ocrx_word' id='word_1_401' title='bbox 2754 2508 3016 2564; x_wconf 89' lang='lat' dir='ltr'>manenti</span> <span class='ocrx_word' id='word_1_402' title='bbox 3048 2507 3447 2575; x_wconf 85' lang='lat' dir='ltr'>corcordiu,ne</span> <span class='ocrx_word' id='word_1_403' title='bbox 3470 2527 3595 2580; x_wconf 88' lang='lat' dir='ltr'>pro-</span> 
     </span>
    </p>
   </div>
   <div class='ocr_carea' id='block_1_51' title="bbox 1941 2598 3597 2679">
    <p class='ocr_par' dir='ltr' id='par_1_51' title="bbox 1941 2598 3597 2679">
     <span class='ocr_line' id='line_1_51' title="bbox 1941 2598 3597 2679; baseline -0.003 -18"><span class='ocrx_word' id='word_1_404' title='bbox 1941 2611 2071 2679; x_wconf 86' lang='lat' dir='ltr'>pter</span> <span class='ocrx_word' id='word_1_405' title='bbox 2099 2622 2192 2660; x_wconf 89' lang='lat' dir='ltr'>me</span> <span class='ocrx_word' id='word_1_406' title='bbox 2222 2602 2441 2657; x_wconf 87' lang='lat' dir='ltr'>ibidem</span> <span class='ocrx_word' id='word_1_407' title='bbox 2474 2616 2738 2672; x_wconf 83' lang='lat' dir='ltr'>unquam</span> <span class='ocrx_word' id='word_1_408' title='bbox 2768 2601 3116 2667; x_wconf 85' lang='lat' dir='ltr'>mutaretur,</span> <span class='ocrx_word' id='word_1_409' title='bbox 3141 2598 3201 2654; x_wconf 93' lang='lat' dir='ltr'>in</span> <span class='ocrx_word' id='word_1_410' title='bbox 3224 2602 3424 2671; x_wconf 79' lang='lat' dir='ltr'>crypta</span> <span class='ocrx_word' id='word_1_411' title='bbox 3443 2600 3597 2671; x_wconf 89' lang='lat' dir='ltr'>ejus-</span> 
     </span>
    </p>
   </div>
   <div class='ocr_carea' id='block_1_52' title="bbox 1942 2686 3593 2763">
    <p class='ocr_par' dir='ltr' id='par_1_52' title="bbox 1942 2686 3593 2763">
     <span class='ocr_line' id='line_1_52' title="bbox 1942 2686 3593 2763; baseline -0.004 -13"><span class='ocrx_word' id='word_1_412' title='bbox 1942 2697 2075 2750; x_wconf 86' lang='lat' dir='ltr'>dem</span> <span class='ocrx_word' id='word_1_413' title='bbox 2102 2692 2289 2749; x_wconf 86' lang='lat' dir='ltr'>sancti</span> <span class='ocrx_word' id='word_1_414' title='bbox 2312 2692 2427 2746; x_wconf 89' lang='lat' dir='ltr'>Deo</span> <span class='ocrx_word' id='word_1_415' title='bbox 2454 2689 2971 2760; x_wconf 82' lang='lat' dir='ltr'>fudi.Quaproptcr</span> <span class='ocrx_word' id='word_1_416' title='bbox 2989 2686 3122 2742; x_wconf 86' lang='lat' dir='ltr'>licet</span> <span class='ocrx_word' id='word_1_417' title='bbox 3136 2704 3316 2760; x_wconf 86' lang='lat' dir='ltr'>supra</span> <span class='ocrx_word' id='word_1_418' title='bbox 3332 2686 3593 2763; x_wconf 79' lang='lat' dir='ltr'>nomina-</span> 
     </span>
    </p>
   </div>
   <div class='ocr_carea' id='block_1_53' title="bbox 1941 2775 3593 2855">
    <p class='ocr_par' dir='ltr' id='par_1_53' title="bbox 1941 2775 3593 2855">
     <span class='ocr_line' id='line_1_53' title="bbox 1941 2775 3593 2855; baseline -0.005 -15"><span class='ocrx_word' id='word_1_419' title='bbox 1941 2785 2019 2840; x_wconf 88' lang='lat' dir='ltr'>tis</span> <span class='ocrx_word' id='word_1_420' title='bbox 2050 2783 2238 2855; x_wconf 88' lang='lat' dir='ltr'>poetis</span> <span class='ocrx_word' id='word_1_421' title='bbox 2268 2780 2380 2836; x_wconf 90' lang='lat' dir='ltr'>sim</span> <span class='ocrx_word' id='word_1_422' title='bbox 2414 2777 2713 2849; x_wconf 88' lang='lat' dir='ltr'>abjectior,</span> <span class='ocrx_word' id='word_1_423' title='bbox 2743 2780 2800 2831; x_wconf 92' lang='lat' dir='ltr'>et</span> <span class='ocrx_word' id='word_1_424' title='bbox 2819 2776 2892 2831; x_wconf 94' lang='lat' dir='ltr'>ob</span> <span class='ocrx_word' id='word_1_425' title='bbox 2921 2775 3186 2847; x_wconf 88' lang='lat' dir='ltr'>ipsorum</span> <span class='ocrx_word' id='word_1_426' title='bbox 3216 2775 3464 2832; x_wconf 88' lang='lat' dir='ltr'>facetam</span> <span class='ocrx_word' id='word_1_427' title='bbox 3496 2794 3593 2832; x_wconf 90' lang='lat' dir='ltr'>ur-</span> 
     </span>
    </p>
   </div>
   <div class='ocr_carea' id='block_1_54' title="bbox 1943 2864 3595 2938">
    <p class='ocr_par' dir='ltr' id='par_1_54' title="bbox 1943 2864 3595 2938">
     <span class='ocr_line' id='line_1_54' title="bbox 1943 2864 3595 2938; baseline -0.005 -9"><span class='ocrx_word' id='word_1_428' title='bbox 1943 2873 2264 2929; x_wconf 88' lang='lat' dir='ltr'>banitatem</span> <span class='ocrx_word' id='word_1_429' title='bbox 2294 2868 2437 2925; x_wconf 89' lang='lat' dir='ltr'>satis</span> <span class='ocrx_word' id='word_1_430' title='bbox 2468 2870 2723 2938; x_wconf 87' lang='lat' dir='ltr'>spretus,</span> <span class='ocrx_word' id='word_1_431' title='bbox 2749 2864 2888 2937; x_wconf 88' lang='lat' dir='ltr'>quia</span> <span class='ocrx_word' id='word_1_432' title='bbox 2908 2881 3013 2919; x_wconf 91' lang='lat' dir='ltr'>nec</span> <span class='ocrx_word' id='word_1_433' title='bbox 3033 2867 3265 2935; x_wconf 89' lang='lat' dir='ltr'>poetam</span> <span class='ocrx_word' id='word_1_434' title='bbox 3297 2882 3401 2920; x_wconf 91' lang='lat' dir='ltr'>nec</span> <span class='ocrx_word' id='word_1_435' title='bbox 3434 2882 3595 2921; x_wconf 89' lang='lat' dir='ltr'>amu-</span> 
     </span>
    </p>
   </div>
   <div class='ocr_carea' id='block_1_55' title="bbox 1943 2953 3597 3031">
    <p class='ocr_par' dir='ltr' id='par_1_55' title="bbox 1943 2953 3597 3031">
     <span class='ocr_line' id='line_1_55' title="bbox 1943 2953 3597 3031; baseline -0.005 -14"><span class='ocrx_word' id='word_1_436' title='bbox 1943 2967 2215 3018; x_wconf 69' lang='lat' dir='ltr'>saaterum</span> <span class='ocrx_word' id='word_1_437' title='bbox 2246 2955 2605 3031; x_wconf 80' lang='grc' dir='ltr'>[ἀμυσὼτερον]</span> <span class='ocrx_word' id='word_1_438' title='bbox 2640 2970 2732 3008; x_wconf 90' lang='lat' dir='ltr'>mc</span> <span class='ocrx_word' id='word_1_439' title='bbox 2756 2969 2883 3008; x_wconf 86' lang='lat' dir='ltr'>esse</span> <span class='ocrx_word' id='word_1_440' title='bbox 2913 2953 3220 3024; x_wconf 82' lang='lat' dir='ltr'>profiteor:</span> <span class='ocrx_word' id='word_1_441' title='bbox 3245 2956 3443 3008; x_wconf 86' lang='lat' dir='ltr'>tamen</span> <span class='ocrx_word' id='word_1_442' title='bbox 3472 2969 3597 3009; x_wconf 86' lang='lat' dir='ltr'>ves-</span> 
     </span>
    </p>
   </div>
   <div class='ocr_carea' id='block_1_56' title="bbox 1943 3039 3596 3115">
    <p class='ocr_par' dir='ltr' id='par_1_56' title="bbox 1943 3039 3596 3115">
     <span class='ocr_line' id='line_1_56' title="bbox 1943 3039 3596 3115; baseline -0.006 -9"><span class='ocrx_word' id='word_1_443' title='bbox 1943 3054 2033 3106; x_wconf 89' lang='lat' dir='ltr'>tra</span> <span class='ocrx_word' id='word_1_444' title='bbox 2063 3047 2407 3104; x_wconf 90' lang='lat' dir='ltr'>auctoritate</span> <span class='ocrx_word' id='word_1_445' title='bbox 2429 3044 2696 3115; x_wconf 87' lang='lat' dir='ltr'>jubente,</span> <span class='ocrx_word' id='word_1_446' title='bbox 2730 3041 2947 3112; x_wconf 85' lang='lat' dir='ltr'>quibus</span> <span class='ocrx_word' id='word_1_447' title='bbox 2975 3039 3150 3096; x_wconf 86' lang='lat' dir='ltr'>verba</span> <span class='ocrx_word' id='word_1_448' title='bbox 3181 3039 3490 3108; x_wconf 87' lang='lat' dir='ltr'>delectant,</span> <span class='ocrx_word' id='word_1_449' title='bbox 3523 3040 3596 3096; x_wconf 87' lang='lat' dir='ltr'>de</span> 
     </span>
    </p>
   </div>
   <div class='ocr_carea' id='block_1_57' title="bbox 1944 3133 2818 3209">
    <p class='ocr_par' dir='ltr' id='par_1_57' title="bbox 1944 3133 2818 3209">
     <span class='ocr_line' id='line_1_57' title="bbox 1944 3133 2818 3209; baseline -0.015 -14"><span class='ocrx_word' id='word_1_450' title='bbox 1944 3137 2176 3209; x_wconf 81' lang='lat' dir='ltr'>magnis</span> <span class='ocrx_word' id='word_1_451' title='bbox 2205 3151 2381 3206; x_wconf 87' lang='lat' dir='ltr'>parva</span> <span class='ocrx_word' id='word_1_452' title='bbox 2409 3147 2675 3202; x_wconf 80' lang='lat' dir='ltr'>excerpo,</span> <span class='ocrx_word' id='word_1_453' title='bbox 2709 3133 2818 3184; x_wconf 86' lang='lat' dir='ltr'>etc.</span> 
     </span>
    </p>
   </div>
   <div class='ocr_carea' id='block_1_58' title="bbox 2020 3215 3595 3289">
    <p class='ocr_par' dir='ltr' id='par_1_58' title="bbox 2020 3215 3595 3289">
     <span class='ocr_line' id='line_1_58' title="bbox 2020 3215 3595 3289; baseline -0.006 -8"><span class='ocrx_word' id='word_1_454' title='bbox 2020 3230 2179 3280; x_wconf 88' lang='lat' dir='ltr'>Inter</span> <span class='ocrx_word' id='word_1_455' title='bbox 2206 3223 2329 3278; x_wconf 66' lang='lat' dir='ltr'>haec</span> <span class='ocrx_word' id='word_1_456' title='bbox 2358 3220 2537 3275; x_wconf 88' lang='lat' dir='ltr'>etiam</span> <span class='ocrx_word' id='word_1_457' title='bbox 2563 3222 2621 3274; x_wconf 92' lang='lat' dir='ltr'>et</span> <span class='ocrx_word' id='word_1_458' title='bbox 2650 3217 2959 3289; x_wconf 87' lang='lat' dir='ltr'>cujusdam</span> <span class='ocrx_word' id='word_1_459' title='bbox 2992 3215 3258 3272; x_wconf 70' lang='lat' dir='ltr'>Scotticts</span> <span class='ocrx_word' id='word_1_460' title='bbox 3309 3233 3458 3289; x_wconf 69' lang='lat' dir='ltr'>pera:</span> <span class='ocrx_word' id='word_1_461' title='bbox 3501 3218 3595 3288; x_wconf 85' lang='lat' dir='ltr'>ja-</span> 
     </span>
    </p>
   </div>
   <div class='ocr_carea' id='block_1_59' title="bbox 1945 3304 3594 3376">
    <p class='ocr_par' dir='ltr' id='par_1_59' title="bbox 1945 3304 3594 3376">
     <span class='ocr_line' id='line_1_59' title="bbox 1945 3304 3594 3376; baseline -0.006 -5"><span class='ocrx_word' id='word_1_462' title='bbox 1945 3314 2078 3371; x_wconf 89' lang='lat' dir='ltr'>cula</span> <span class='ocrx_word' id='word_1_463' title='bbox 2117 3327 2335 3376; x_wconf 90' lang='lat' dir='ltr'>vereor,</span> <span class='ocrx_word' id='word_1_464' title='bbox 2369 3326 2472 3365; x_wconf 85' lang='lat' dir='ltr'>seu</span> <span class='ocrx_word' id='word_1_465' title='bbox 2522 3324 2591 3363; x_wconf 85' lang='lat' dir='ltr'>ex</span> <span class='ocrx_word' id='word_1_466' title='bbox 2638 3306 2818 3361; x_wconf 90' lang='lat' dir='ltr'>latere</span> <span class='ocrx_word' id='word_1_467' title='bbox 2865 3304 3103 3373; x_wconf 88' lang='lat' dir='ltr'>emissa,</span> <span class='ocrx_word' id='word_1_468' title='bbox 3139 3321 3266 3376; x_wconf 70' lang='lat' dir='ltr'>qua:</span> <span class='ocrx_word' id='word_1_469' title='bbox 3312 3306 3486 3361; x_wconf 89' lang='lat' dir='ltr'>modo</span> <span class='ocrx_word' id='word_1_470' title='bbox 3534 3307 3594 3361; x_wconf 86' lang='lat' dir='ltr'>in</span> 
     </span>
    </p>
   </div>
   <div class='ocr_carea' id='block_1_60' title="bbox 181 3382 3596 3478">
    <p class='ocr_par' dir='ltr' id='par_1_60' title="bbox 181 3382 3596 3478">
     <span class='ocr_line' id='line_1_60' title="bbox 181 3382 3596 3478; baseline 0.001 -32"><span class='ocrx_word' id='word_1_471' title='bbox 181 3390 313 3459; x_wconf 90' lang='lat' dir='ltr'>diis,</span> <span class='ocrx_word' id='word_1_472' title='bbox 348 3409 457 3448; x_wconf 91' lang='lat' dir='ltr'>ceu</span> <span class='ocrx_word' id='word_1_473' title='bbox 488 3392 735 3448; x_wconf 83' lang='lat' dir='ltr'>floreum</span> <span class='ocrx_word' id='word_1_474' title='bbox 766 3393 1037 3451; x_wconf 88' lang='lat' dir='ltr'>diadema</span> <span class='ocrx_word' id='word_1_475' title='bbox 1067 3398 1242 3469; x_wconf 90' lang='lat' dir='ltr'>capiti</span> <span class='ocrx_word' id='word_1_476' title='bbox 1285 3401 1387 3454; x_wconf 91' lang='lat' dir='ltr'>tuo</span> <span class='ocrx_word' id='word_1_477' title='bbox 1437 3416 1785 3473; x_wconf 90' lang='lat' dir='ltr'>componere</span> <span class='ocrx_word' id='word_1_478' title='bbox 1816 3417 1828 3456; x_wconf 89' lang='lat'>:</span> <span class='ocrx_word' id='word_1_479' title='bbox 1865 3382 1908 3447; x_wconf 66' lang='grc' dir='ltr'><strong>(ἶ</strong></span> <span class='ocrx_word' id='word_1_480' title='bbox 1948 3403 2213 3478; x_wconf 89' lang='lat' dir='ltr'>partibus</span> <span class='ocrx_word' id='word_1_481' title='bbox 2243 3398 2512 3456; x_wconf 65' lang='lat' dir='ltr'>Ausoniae</span> <span class='ocrx_word' id='word_1_482' title='bbox 2543 3394 2773 3469; x_wconf 86' lang='lat' dir='ltr'>puttoni</span> <span class='ocrx_word' id='word_1_483' title='bbox 2809 3386 3118 3464; x_wconf 88' lang='lat' dir='ltr'>Littonias,</span> <span class='ocrx_word' id='word_1_484' title='bbox 3149 3392 3236 3448; x_wconf 91' lang='lat' dir='ltr'>vel</span> <span class='ocrx_word' id='word_1_485' title='bbox 3268 3392 3427 3450; x_wconf 91' lang='lat' dir='ltr'>aliud</span> <span class='ocrx_word' id='word_1_486' title='bbox 3454 3395 3596 3466; x_wconf 86' lang='lat' dir='ltr'>quid</span> 
     </span>
    </p>
   </div>
   <div class='ocr_carea' id='block_1_61' title="bbox 181 3480 1836 3562">
    <p class='ocr_par' dir='ltr' id='par_1_61' title="bbox 181 3480 1836 3562">
     <span class='ocr_line' id='line_1_61' title="bbox 181 3480 1836 3562; baseline 0.006 -26"><span class='ocrx_word' id='word_1_487' title='bbox 181 3484 244 3536; x_wconf 92' lang='lat' dir='ltr'>ut</span> <span class='ocrx_word' id='word_1_488' title='bbox 274 3483 325 3537; x_wconf 90' lang='lat' dir='ltr'>si</span> <span class='ocrx_word' id='word_1_489' title='bbox 350 3480 626 3554; x_wconf 89' lang='lat' dir='ltr'>superius</span> <span class='ocrx_word' id='word_1_490' title='bbox 648 3486 703 3537; x_wconf 90' lang='lat' dir='ltr'>te</span> <span class='ocrx_word' id='word_1_491' title='bbox 722 3483 883 3538; x_wconf 91' lang='lat' dir='ltr'>omni</span> <span class='ocrx_word' id='word_1_492' title='bbox 902 3483 1185 3540; x_wconf 89' lang='lat' dir='ltr'>virtutum</span> <span class='ocrx_word' id='word_1_493' title='bbox 1207 3488 1414 3543; x_wconf 89' lang='lat' dir='ltr'>decore</span> <span class='ocrx_word' id='word_1_494' title='bbox 1436 3488 1554 3544; x_wconf 82' lang='lat' dir='ltr'>dixi</span> <span class='ocrx_word' id='word_1_495' title='bbox 1579 3506 1836 3562; x_wconf 84' lang='lat' dir='ltr'>gemma-</span> 
     </span>
    </p>
   </div>
   <div class='ocr_carea' id='block_1_62' title="bbox 179 3569 1831 3638">
    <p class='ocr_par' dir='ltr' id='par_1_62' title="bbox 179 3569 1831 3638">
     <span class='ocr_line' id='line_1_62' title="bbox 179 3569 1831 3638; baseline 0.006 -15"><span class='ocrx_word' id='word_1_496' title='bbox 179 3572 324 3638; x_wconf 89' lang='lat' dir='ltr'>tum,</span> <span class='ocrx_word' id='word_1_497' title='bbox 352 3569 483 3626; x_wconf 91' lang='lat' dir='ltr'>sine</span> <span class='ocrx_word' id='word_1_498' title='bbox 500 3586 716 3626; x_wconf 89' lang='lat' dir='ltr'>corona</span> <span class='ocrx_word' id='word_1_499' title='bbox 729 3575 959 3628; x_wconf 89' lang='lat' dir='ltr'>tantum</span> <span class='ocrx_word' id='word_1_500' title='bbox 978 3590 1093 3629; x_wconf 90' lang='lat' dir='ltr'>non</span> <span class='ocrx_word' id='word_1_501' title='bbox 1112 3578 1167 3631; x_wconf 90' lang='lat' dir='ltr'>te</span> <span class='ocrx_word' id='word_1_502' title='bbox 1187 3575 1383 3632; x_wconf 88' lang='lat' dir='ltr'>videat</span> <span class='ocrx_word' id='word_1_503' title='bbox 1404 3577 1488 3633; x_wconf 92' lang='lat' dir='ltr'>sol</span> <span class='ocrx_word' id='word_1_504' title='bbox 1512 3577 1831 3635; x_wconf 89' lang='lat' dir='ltr'>stellatum.</span> 
     </span>
    </p>
   </div>
   <div class='ocr_carea' id='block_1_63' title="bbox 178 3657 1831 3732">
    <p class='ocr_par' dir='ltr' id='par_1_63' title="bbox 178 3657 1831 3732">
     <span class='ocr_line' id='line_1_63' title="bbox 178 3657 1831 3732; baseline 0.006 -19"><span class='ocrx_word' id='word_1_505' title='bbox 178 3657 425 3729; x_wconf 76' lang='lat' dir='ltr'>Scripsit</span> <span class='ocrx_word' id='word_1_506' title='bbox 455 3657 654 3731; x_wconf 85' lang='lat' dir='ltr'>itaque</span> <span class='ocrx_word' id='word_1_507' title='bbox 683 3660 951 3732; x_wconf 86' lang='lat' dir='ltr'>ejusdem</span> <span class='ocrx_word' id='word_1_508' title='bbox 987 3663 1338 3722; x_wconf 86' lang='lat' dir='ltr'>confessoris</span> <span class='ocrx_word' id='word_1_509' title='bbox 1389 3666 1605 3722; x_wconf 87' lang='lat' dir='ltr'>Christi</span> <span class='ocrx_word' id='word_1_510' title='bbox 1653 3668 1831 3724; x_wconf 89' lang='lat' dir='ltr'>vitam</span> 
     </span>
    </p>
   </div>
   <div class='ocr_carea' id='block_1_64' title="bbox 176 3749 1830 3828">
    <p class='ocr_par' dir='ltr' id='par_1_64' title="bbox 176 3749 1830 3828">
     <span class='ocr_line' id='line_1_64' title="bbox 176 3749 1830 3828; baseline 0.005 -24"><span class='ocrx_word' id='word_1_511' title='bbox 176 3749 557 3822; x_wconf 85' lang='lat' dir='ltr'>supradictus</span> <span class='ocrx_word' id='word_1_512' title='bbox 569 3754 890 3824; x_wconf 60' lang='lat' dir='ltr'>praeceptor</span> <span class='ocrx_word' id='word_1_513' title='bbox 901 3768 1089 3821; x_wconf 88' lang='lat' dir='ltr'>meus,</span> <span class='ocrx_word' id='word_1_514' title='bbox 1104 3753 1191 3809; x_wconf 88' lang='lat' dir='ltr'>vir</span> <span class='ocrx_word' id='word_1_515' title='bbox 1207 3754 1317 3810; x_wconf 90' lang='lat' dir='ltr'>sim</span> <span class='ocrx_word' id='word_1_516' title='bbox 1324 3754 1663 3828; x_wconf 70' lang='lat' dir='ltr'>plicissimaa</span> <span class='ocrx_word' id='word_1_517' title='bbox 1678 3757 1830 3827; x_wconf 62' lang='lat' dir='ltr'>vitae,</span> 
     </span>
    </p>
   </div>
   <div class='ocr_carea' id='block_1_65' title="bbox 174 3838 1832 3911">
    <p class='ocr_par' dir='ltr' id='par_1_65' title="bbox 174 3838 1832 3911">
     <span class='ocr_line' id='line_1_65' title="bbox 174 3838 1832 3911; baseline 0.005 -18"><span class='ocrx_word' id='word_1_518' title='bbox 174 3841 228 3893; x_wconf 86' lang='lat' dir='ltr'>et</span> <span class='ocrx_word' id='word_1_519' title='bbox 259 3855 364 3911; x_wconf 89' lang='lat' dir='ltr'>per</span> <span class='ocrx_word' id='word_1_520' title='bbox 391 3838 596 3895; x_wconf 88' lang='lat' dir='ltr'>omnia</span> <span class='ocrx_word' id='word_1_521' title='bbox 625 3844 813 3909; x_wconf 60' lang='lat' dir='ltr'>recta),</span> <span class='ocrx_word' id='word_1_522' title='bbox 849 3842 1103 3898; x_wconf 91' lang='lat' dir='ltr'>domnus</span> <span class='ocrx_word' id='word_1_523' title='bbox 1134 3842 1543 3901; x_wconf 88' lang='lat' dir='ltr'>Walhafredus</span> <span class='ocrx_word' id='word_1_524' title='bbox 1592 3845 1696 3901; x_wconf 87' lang='lat' dir='ltr'>tibi</span> <span class='ocrx_word' id='word_1_525' title='bbox 1730 3864 1832 3902; x_wconf 92' lang='lat' dir='ltr'>no-</span> 
     </span>
    </p>
   </div>
   <div class='ocr_carea' id='block_1_66' title="bbox 175 3925 1836 4010">
    <p class='ocr_par' dir='ltr' id='par_1_66' title="bbox 175 3925 1836 4010">
     <span class='ocr_line' id='line_1_66' title="bbox 175 3925 1836 4010; baseline 0.006 -29"><span class='ocrx_word' id='word_1_526' title='bbox 175 3925 467 3994; x_wconf 89' lang='lat' dir='ltr'>tissimus,</span> <span class='ocrx_word' id='word_1_527' title='bbox 499 3945 675 3999; x_wconf 90' lang='lat' dir='ltr'>quem</span> <span class='ocrx_word' id='word_1_528' title='bbox 707 3928 883 3985; x_wconf 91' lang='lat' dir='ltr'>etiam</span> <span class='ocrx_word' id='word_1_529' title='bbox 909 3933 973 3986; x_wconf 92' lang='lat' dir='ltr'>tu</span> <span class='ocrx_word' id='word_1_530' title='bbox 1004 3930 1127 4003; x_wconf 91' lang='lat' dir='ltr'>ipse</span> <span class='ocrx_word' id='word_1_531' title='bbox 1158 3937 1223 3987; x_wconf 92' lang='lat' dir='ltr'>ut</span> <span class='ocrx_word' id='word_1_532' title='bbox 1253 3933 1479 4006; x_wconf 89' lang='lat' dir='ltr'>peritus</span> <span class='ocrx_word' id='word_1_533' title='bbox 1529 3935 1836 4010; x_wconf 87' lang='lat' dir='ltr'>cathegeta</span> 
     </span>
    </p>
   </div>
   <div class='ocr_carea' id='block_1_67' title="bbox 176 4016 1833 4095">
    <p class='ocr_par' dir='ltr' id='par_1_67' title="bbox 176 4016 1833 4095">
     <span class='ocr_line' id='line_1_67' title="bbox 176 4016 1833 4095; baseline 0.006 -24"><span class='ocrx_word' id='word_1_534' title='bbox 176 4016 431 4087; x_wconf 89' lang='lat' dir='ltr'>peritum</span> <span class='ocrx_word' id='word_1_535' title='bbox 466 4017 795 4090; x_wconf 90' lang='lat' dir='ltr'>sophistam</span> <span class='ocrx_word' id='word_1_536' title='bbox 826 4021 1195 4089; x_wconf 86' lang='lat' dir='ltr'>enutristi,et</span> <span class='ocrx_word' id='word_1_537' title='bbox 1210 4026 1275 4078; x_wconf 92' lang='lat' dir='ltr'>ut</span> <span class='ocrx_word' id='word_1_538' title='bbox 1295 4023 1430 4095; x_wconf 91' lang='lat' dir='ltr'>plus</span> <span class='ocrx_word' id='word_1_539' title='bbox 1452 4025 1508 4079; x_wconf 92' lang='lat' dir='ltr'>in</span> <span class='ocrx_word' id='word_1_540' title='bbox 1533 4026 1708 4081; x_wconf 89' lang='lat' dir='ltr'>domo</span> <span class='ocrx_word' id='word_1_541' title='bbox 1731 4026 1833 4081; x_wconf 90' lang='lat' dir='ltr'>Dei</span> 
     </span>
    </p>
   </div>
   <div class='ocr_carea' id='block_1_68' title="bbox 172 4102 1831 4184">
    <p class='ocr_par' dir='ltr' id='par_1_68' title="bbox 172 4102 1831 4184">
     <span class='ocr_line' id='line_1_68' title="bbox 172 4102 1831 4184; baseline 0.006 -25"><span class='ocrx_word' id='word_1_542' title='bbox 172 4102 412 4174; x_wconf 89' lang='lat' dir='ltr'>luceret,</span> <span class='ocrx_word' id='word_1_543' title='bbox 443 4105 671 4162; x_wconf 90' lang='lat' dir='ltr'>lumine</span> <span class='ocrx_word' id='word_1_544' title='bbox 700 4108 802 4163; x_wconf 89' lang='lat' dir='ltr'>Dei</span> <span class='ocrx_word' id='word_1_545' title='bbox 833 4114 1193 4181; x_wconf 79' lang='lat' dir='ltr'>praeventum</span> <span class='ocrx_word' id='word_1_546' title='bbox 1215 4128 1392 4184; x_wconf 90' lang='lat' dir='ltr'>super</span> <span class='ocrx_word' id='word_1_547' title='bbox 1412 4112 1831 4169; x_wconf 88' lang='lat' dir='ltr'>candelabrum</span> 
     </span>
    </p>
   </div>
   <div class='ocr_carea' id='block_1_69' title="bbox 174 4192 1832 4272">
    <p class='ocr_par' dir='ltr' id='par_1_69' title="bbox 174 4192 1832 4272">
     <span class='ocr_line' id='line_1_69' title="bbox 174 4192 1832 4272; baseline 0.004 -23"><span class='ocrx_word' id='word_1_548' title='bbox 174 4192 432 4250; x_wconf 86' lang='lat' dir='ltr'>olevasti.</span> <span class='ocrx_word' id='word_1_549' title='bbox 454 4195 569 4251; x_wconf 91' lang='lat' dir='ltr'>Sed</span> <span class='ocrx_word' id='word_1_550' title='bbox 601 4195 851 4268; x_wconf 76' lang='lat' dir='ltr'>heupro</span> <span class='ocrx_word' id='word_1_551' title='bbox 882 4197 1048 4253; x_wconf 90' lang='lat' dir='ltr'>dolor</span> <span class='ocrx_word' id='word_1_552' title='bbox 1067 4197 1080 4253; x_wconf 87' lang='lat' dir='ltr'>l</span> <span class='ocrx_word' id='word_1_553' title='bbox 1102 4194 1515 4269; x_wconf 77' lang='lat' dir='ltr'>mors&#39;acerba,</span> <span class='ocrx_word' id='word_1_554' title='bbox 1536 4218 1662 4272; x_wconf 78' lang='lat' dir='ltr'>quae</span> <span class='ocrx_word' id='word_1_555' title='bbox 1684 4201 1832 4256; x_wconf 92' lang='lat' dir='ltr'>nulli</span> 
     </span>
    </p>
   </div>
   <div class='ocr_carea' id='block_1_70' title="bbox 174 4283 1831 4354">
    <p class='ocr_par' dir='ltr' id='par_1_70' title="bbox 174 4283 1831 4354">
     <span class='ocr_line' id='line_1_70' title="bbox 174 4283 1831 4354; baseline 0.004 -15"><span class='ocrx_word' id='word_1_556' title='bbox 174 4297 409 4354; x_wconf 86' lang='lat' dir='ltr'>parcere</span> <span class='ocrx_word' id='word_1_557' title='bbox 442 4283 627 4353; x_wconf 88' lang='lat' dir='ltr'>novit,</span> <span class='ocrx_word' id='word_1_558' title='bbox 657 4285 852 4342; x_wconf 92' lang='lat' dir='ltr'>subito</span> <span class='ocrx_word' id='word_1_559' title='bbox 885 4302 1019 4342; x_wconf 92' lang='lat' dir='ltr'>eum</span> <span class='ocrx_word' id='word_1_560' title='bbox 1071 4287 1243 4343; x_wconf 89' lang='lat' dir='ltr'>nobis</span> <span class='ocrx_word' id='word_1_561' title='bbox 1278 4287 1416 4343; x_wconf 88' lang='lat' dir='ltr'>tulit</span> <span class='ocrx_word' id='word_1_562' title='bbox 1449 4304 1461 4342; x_wconf 94' lang='lat'>:</span> <span class='ocrx_word' id='word_1_563' title='bbox 1496 4304 1602 4343; x_wconf 90' lang='lat' dir='ltr'>nec</span> <span class='ocrx_word' id='word_1_564' title='bbox 1632 4293 1831 4346; x_wconf 90' lang='lat' dir='ltr'>tamen</span> 
     </span>
    </p>
   </div>
   <div class='ocr_carea' id='block_1_71' title="bbox 174 4368 1831 4447">
    <p class='ocr_par' dir='ltr' id='par_1_71' title="bbox 174 4368 1831 4447">
     <span class='ocr_line' id='line_1_71' title="bbox 174 4368 1831 4447; baseline 0.005 -21"><span class='ocrx_word' id='word_1_565' title='bbox 174 4368 284 4426; x_wconf 82' lang='lat' dir='ltr'>sibi</span> <span class='ocrx_word' id='word_1_566' title='bbox 316 4373 580 4427; x_wconf 84' lang='lat' dir='ltr'>animam</span> <span class='ocrx_word' id='word_1_567' title='bbox 631 4371 794 4429; x_wconf 90' lang='lat' dir='ltr'>illam</span> <span class='ocrx_word' id='word_1_568' title='bbox 841 4373 1364 4447; x_wconf 88' lang='lat' dir='ltr'>vindicavit,quam</span> <span class='ocrx_word' id='word_1_569' title='bbox 1413 4376 1684 4433; x_wconf 88' lang='lat' dir='ltr'>Christus</span> <span class='ocrx_word' id='word_1_570' title='bbox 1732 4395 1831 4434; x_wconf 88' lang='lat' dir='ltr'>as-</span> 
     </span>
    </p>
   </div>
   <div class='ocr_carea' id='block_1_72' title="bbox 173 4459 1828 4538">
    <p class='ocr_par' dir='ltr' id='par_1_72' title="bbox 173 4459 1828 4538">
     <span class='ocr_line' id='line_1_72' title="bbox 173 4459 1828 4538; baseline 0.005 -24"><span class='ocrx_word' id='word_1_571' title='bbox 173 4460 445 4533; x_wconf 87' lang='lat' dir='ltr'>sumpsit.</span> <span class='ocrx_word' id='word_1_572' title='bbox 464 4459 667 4516; x_wconf 83' lang='lat' dir='ltr'>Voluit</span> <span class='ocrx_word' id='word_1_573' title='bbox 679 4478 814 4518; x_wconf 89' lang='lat' dir='ltr'>vero</span> <span class='ocrx_word' id='word_1_574' title='bbox 830 4461 927 4518; x_wconf 92' lang='lat' dir='ltr'>ille</span> <span class='ocrx_word' id='word_1_575' title='bbox 949 4463 1175 4536; x_wconf 88' lang='lat' dir='ltr'>poetico</span> <span class='ocrx_word' id='word_1_576' title='bbox 1198 4464 1483 4521; x_wconf 90' lang='lat' dir='ltr'>cothurno</span> <span class='ocrx_word' id='word_1_577' title='bbox 1506 4470 1673 4538; x_wconf 86' lang='lat' dir='ltr'>gesta</span> <span class='ocrx_word' id='word_1_578' title='bbox 1693 4467 1828 4522; x_wconf 89' lang='lat' dir='ltr'>bea-</span> 
     </span>
    </p>
   </div>
   <div class='ocr_carea' id='block_1_73' title="bbox 171 4546 1829 4625">
    <p class='ocr_par' dir='ltr' id='par_1_73' title="bbox 171 4546 1829 4625">
     <span class='ocr_line' id='line_1_73' title="bbox 171 4546 1829 4625; baseline 0.006 -24"><span class='ocrx_word' id='word_1_579' title='bbox 171 4546 387 4604; x_wconf 88' lang='lat' dir='ltr'>tissimi</span> <span class='ocrx_word' id='word_1_580' title='bbox 419 4547 573 4607; x_wconf 88' lang='lat' dir='ltr'>Galli</span> <span class='ocrx_word' id='word_1_581' title='bbox 604 4566 853 4620; x_wconf 87' lang='lat' dir='ltr'>comere,</span> <span class='ocrx_word' id='word_1_582' title='bbox 878 4554 979 4608; x_wconf 89' lang='lat' dir='ltr'>sed</span> <span class='ocrx_word' id='word_1_583' title='bbox 1003 4557 1188 4609; x_wconf 90' lang='lat' dir='ltr'>morte</span> <span class='ocrx_word' id='word_1_584' title='bbox 1210 4554 1743 4625; x_wconf 70' lang='lat' dir='ltr'>prazventus,vitam</span> <span class='ocrx_word' id='word_1_585' title='bbox 1770 4556 1829 4611; x_wconf 93' lang='lat' dir='ltr'>in</span> 
     </span>
    </p>
   </div>
   <div class='ocr_carea' id='block_1_74' title="bbox 169 4634 1831 4715">
    <p class='ocr_par' dir='ltr' id='par_1_74' title="bbox 169 4634 1831 4715">
     <span class='ocr_line' id='line_1_74' title="bbox 169 4634 1831 4715; baseline 0.007 -26"><span class='ocrx_word' id='word_1_586' title='bbox 169 4634 286 4693; x_wconf 87' lang='lat' dir='ltr'>vita</span> <span class='ocrx_word' id='word_1_587' title='bbox 314 4639 529 4695; x_wconf 82' lang='lat' dir='ltr'>ﬁnivit.</span> <span class='ocrx_word' id='word_1_588' title='bbox 554 4639 720 4696; x_wconf 91' lang='lat' dir='ltr'>Unde</span> <span class='ocrx_word' id='word_1_589' title='bbox 744 4657 850 4714; x_wconf 86' lang='lat' dir='ltr'>ego</span> <span class='ocrx_word' id='word_1_590' title='bbox 873 4647 1114 4715; x_wconf 87' lang='lat' dir='ltr'>rogatus</span> <span class='ocrx_word' id='word_1_591' title='bbox 1130 4659 1264 4698; x_wconf 91' lang='lat' dir='ltr'>sum</span> <span class='ocrx_word' id='word_1_592' title='bbox 1284 4660 1318 4697; x_wconf 90' lang='lat' dir='ltr'>a</span> <span class='ocrx_word' id='word_1_593' title='bbox 1338 4643 1697 4715; x_wconf 90' lang='lat' dir='ltr'>quibusdam</span> <span class='ocrx_word' id='word_1_594' title='bbox 1721 4646 1831 4701; x_wconf 83' lang='lat' dir='ltr'>fra-</span> 
     </span>
    </p>
   </div>
   <div class='ocr_carea' id='block_1_75' title="bbox 1944 3481 3600 3564">
    <p class='ocr_par' dir='ltr' id='par_1_75' title="bbox 1944 3481 3600 3564">
     <span class='ocr_line' id='line_1_75' title="bbox 1944 3481 3600 3564; baseline -0.005 -16"><span class='ocrx_word' id='word_1_595' title='bbox 1944 3489 2230 3564; x_wconf 88' lang='lat' dir='ltr'>incogniti</span> <span class='ocrx_word' id='word_1_596' title='bbox 2261 3487 2375 3543; x_wconf 90' lang='lat' dir='ltr'>cibi</span> <span class='ocrx_word' id='word_1_597' title='bbox 2407 3484 2651 3558; x_wconf 79' lang='lat' dir='ltr'>colligit,</span> <span class='ocrx_word' id='word_1_598' title='bbox 2674 3487 2731 3539; x_wconf 88' lang='lat' dir='ltr'>et</span> <span class='ocrx_word' id='word_1_599' title='bbox 2759 3483 2897 3539; x_wconf 91' lang='lat' dir='ltr'>licet</span> <span class='ocrx_word' id='word_1_600' title='bbox 2920 3481 3125 3538; x_wconf 88' lang='lat' dir='ltr'>attrita</span> <span class='ocrx_word' id='word_1_601' title='bbox 3146 3482 3600 3556; x_wconf 88' lang='lat' dir='ltr'>fronte,appare-</span> 
     </span>
    </p>
   </div>
   <div class='ocr_carea' id='block_1_76' title="bbox 1943 3571 3601 3654">
    <p class='ocr_par' dir='ltr' id='par_1_76' title="bbox 1943 3571 3601 3654">
     <span class='ocr_line' id='line_1_76' title="bbox 1943 3571 3601 3654; baseline -0.005 -17"><span class='ocrx_word' id='word_1_602' title='bbox 1943 3579 2292 3654; x_wconf 90' lang='lat' dir='ltr'>bit,quando</span> <span class='ocrx_word' id='word_1_603' title='bbox 2323 3579 2488 3648; x_wconf 91' lang='lat' dir='ltr'>putto</span> <span class='ocrx_word' id='word_1_604' title='bbox 2527 3573 2663 3629; x_wconf 88' lang='lat' dir='ltr'>inde</span> <span class='ocrx_word' id='word_1_605' title='bbox 2711 3571 2992 3645; x_wconf 86' lang='lat' dir='ltr'>gustabit.</span> <span class='ocrx_word' id='word_1_606' title='bbox 3026 3571 3259 3627; x_wconf 87' lang='lat' dir='ltr'>Tertius</span> <span class='ocrx_word' id='word_1_607' title='bbox 3302 3571 3479 3628; x_wconf 89' lang='lat' dir='ltr'>timor</span> <span class='ocrx_word' id='word_1_608' title='bbox 3507 3589 3601 3628; x_wconf 89' lang='lat' dir='ltr'>me</span> 
     </span>
    </p>
   </div>
   <div class='ocr_carea' id='block_1_77' title="bbox 1945 3660 3599 3744">
    <p class='ocr_par' dir='ltr' id='par_1_77' title="bbox 1945 3660 3599 3744">
     <span class='ocr_line' id='line_1_77' title="bbox 1945 3660 3599 3744; baseline -0.005 -18"><span class='ocrx_word' id='word_1_609' title='bbox 1945 3668 2179 3744; x_wconf 88' lang='lat' dir='ltr'>premit,</span> <span class='ocrx_word' id='word_1_610' title='bbox 2212 3667 2424 3722; x_wconf 89' lang='lat' dir='ltr'>Calvus</span> <span class='ocrx_word' id='word_1_611' title='bbox 2440 3665 2568 3736; x_wconf 85' lang='lat' dir='ltr'>jam</span> <span class='ocrx_word' id='word_1_612' title='bbox 2600 3662 2796 3719; x_wconf 88' lang='lat' dir='ltr'>dictus</span> <span class='ocrx_word' id='word_1_613' title='bbox 2828 3660 3095 3734; x_wconf 90' lang='lat' dir='ltr'>partibus</span> <span class='ocrx_word' id='word_1_614' title='bbox 3125 3660 3219 3716; x_wconf 90' lang='lat' dir='ltr'>his</span> <span class='ocrx_word' id='word_1_615' title='bbox 3250 3660 3473 3729; x_wconf 86' lang='lat' dir='ltr'>favens,</span> <span class='ocrx_word' id='word_1_616' title='bbox 3495 3662 3599 3717; x_wconf 90' lang='lat' dir='ltr'>sed</span> 
     </span>
    </p>
   </div>
   <div class='ocr_carea' id='block_1_78' title="bbox 1943 3748 3600 3831">
    <p class='ocr_par' dir='ltr' id='par_1_78' title="bbox 1943 3748 3600 3831">
     <span class='ocr_line' id='line_1_78' title="bbox 1943 3748 3600 3831; baseline -0.007 -15"><span class='ocrx_word' id='word_1_617' title='bbox 1943 3766 2046 3816; x_wconf 91' lang='lat' dir='ltr'>tuo</span> <span class='ocrx_word' id='word_1_618' title='bbox 2072 3755 2373 3831; x_wconf 89' lang='lat' dir='ltr'>privilegio</span> <span class='ocrx_word' id='word_1_619' title='bbox 2404 3769 2638 3824; x_wconf 85' lang='lat' dir='ltr'>semper</span> <span class='ocrx_word' id='word_1_620' title='bbox 2669 3749 2849 3806; x_wconf 90' lang='lat' dir='ltr'>salvo.</span> <span class='ocrx_word' id='word_1_621' title='bbox 2882 3748 3235 3806; x_wconf 84' lang='lat' dir='ltr'>Consolatur</span> <span class='ocrx_word' id='word_1_622' title='bbox 3252 3766 3346 3805; x_wconf 91' lang='lat' dir='ltr'>me</span> <span class='ocrx_word' id='word_1_623' title='bbox 3367 3766 3488 3805; x_wconf 89' lang='lat' dir='ltr'>una</span> <span class='ocrx_word' id='word_1_624' title='bbox 3507 3766 3600 3806; x_wconf 91' lang='lat' dir='ltr'>res</span> 
     </span>
    </p>
   </div>
   <div class='ocr_carea' id='block_1_79' title="bbox 1944 3837 3597 3922">
    <p class='ocr_par' dir='ltr' id='par_1_79' title="bbox 1944 3837 3597 3922">
     <span class='ocr_line' id='line_1_79' title="bbox 1944 3837 3597 3922; baseline -0.006 -17"><span class='ocrx_word' id='word_1_625' title='bbox 1944 3865 2123 3922; x_wconf 87' lang='lat' dir='ltr'>super</span> <span class='ocrx_word' id='word_1_626' title='bbox 2151 3863 2219 3903; x_wconf 90' lang='lat' dir='ltr'>eo</span> <span class='ocrx_word' id='word_1_627' title='bbox 2246 3862 2260 3900; x_wconf 92' lang='lat'><strong>:</strong></span> <span class='ocrx_word' id='word_1_628' title='bbox 2285 3845 2426 3917; x_wconf 90' lang='lat' dir='ltr'>quia</span> <span class='ocrx_word' id='word_1_629' title='bbox 2454 3841 2589 3897; x_wconf 91' lang='lat' dir='ltr'>talis</span> <span class='ocrx_word' id='word_1_630' title='bbox 2619 3839 2830 3896; x_wconf 87' lang='lat' dir='ltr'>Calvus</span> <span class='ocrx_word' id='word_1_631' title='bbox 2861 3854 3170 3911; x_wconf 86' lang='lat' dir='ltr'>nunquam</span> <span class='ocrx_word' id='word_1_632' title='bbox 3212 3837 3330 3893; x_wconf 80' lang='lat' dir='ltr'>erit</span> <span class='ocrx_word' id='word_1_633' title='bbox 3374 3837 3597 3905; x_wconf 82' lang='lat' dir='ltr'>salvus,</span> 
     </span>
    </p>
   </div>
   <div class='ocr_carea' id='block_1_80' title="bbox 1942 3926 3184 4001">
    <p class='ocr_par' dir='ltr' id='par_1_80' title="bbox 1942 3926 3184 4001">
     <span class='ocr_line' id='line_1_80' title="bbox 1942 3926 3184 4001; baseline -0.012 -7"><span class='ocrx_word' id='word_1_634' title='bbox 1942 3939 2062 3994; x_wconf 92' lang='lat' dir='ltr'>imo</span> <span class='ocrx_word' id='word_1_635' title='bbox 2092 3937 2204 3992; x_wconf 89' lang='lat' dir='ltr'>crit</span> <span class='ocrx_word' id='word_1_636' title='bbox 2232 3933 2453 4001; x_wconf 89' lang='lat' dir='ltr'>salvus,</span> <span class='ocrx_word' id='word_1_637' title='bbox 2488 3930 2537 3985; x_wconf 91' lang='lat' dir='ltr'>si</span> <span class='ocrx_word' id='word_1_638' title='bbox 2568 3931 2718 3985; x_wconf 91' lang='lat' dir='ltr'>bene</span> <span class='ocrx_word' id='word_1_639' title='bbox 2747 3927 2925 3984; x_wconf 87' lang='lat' dir='ltr'>fuerit</span> <span class='ocrx_word' id='word_1_640' title='bbox 2952 3926 3184 3982; x_wconf 86' lang='lat' dir='ltr'>Calvus.</span> 
     </span>
    </p>
   </div>
   <div class='ocr_carea' id='block_1_81' title="bbox 2014 4013 3592 4096">
    <p class='ocr_par' dir='ltr' id='par_1_81' title="bbox 2014 4013 3592 4096">
     <span class='ocr_line' id='line_1_81' title="bbox 2014 4013 3592 4096; baseline -0.008 -14"><span class='ocrx_word' id='word_1_641' title='bbox 2014 4027 2291 4096; x_wconf 87' lang='lat' dir='ltr'>Hancque</span> <span class='ocrx_word' id='word_1_642' title='bbox 2320 4017 2826 4090; x_wconf 89' lang='lat' dir='ltr'>horripilationem</span> <span class='ocrx_word' id='word_1_643' title='bbox 2857 4016 3053 4070; x_wconf 89' lang='lat' dir='ltr'>forsan</span> <span class='ocrx_word' id='word_1_644' title='bbox 3084 4013 3145 4069; x_wconf 89' lang='lat' dir='ltr'>in</span> <span class='ocrx_word' id='word_1_645' title='bbox 3177 4018 3353 4086; x_wconf 91' lang='lat' dir='ltr'>ponte</span> <span class='ocrx_word' id='word_1_646' title='bbox 3382 4014 3592 4071; x_wconf 87' lang='lat' dir='ltr'>Cumc-</span> 
     </span>
    </p>
   </div>
   <div class='ocr_carea' id='block_1_82' title="bbox 1940 4101 3598 4178">
    <p class='ocr_par' dir='ltr' id='par_1_82' title="bbox 1940 4101 3598 4178">
     <span class='ocr_line' id='line_1_82' title="bbox 1940 4101 3598 4178; baseline -0.007 -8"><span class='ocrx_word' id='word_1_647' title='bbox 1940 4113 2093 4170; x_wconf 90' lang='lat' dir='ltr'>tensi</span> <span class='ocrx_word' id='word_1_648' title='bbox 2126 4105 2667 4178; x_wconf 88' lang='lat' dir='ltr'>hauserat,quando</span> <span class='ocrx_word' id='word_1_649' title='bbox 2698 4105 2770 4159; x_wconf 90' lang='lat' dir='ltr'>de</span> <span class='ocrx_word' id='word_1_650' title='bbox 2792 4101 3141 4158; x_wconf 81' lang='lat' dir='ltr'>Bobionensi</span> <span class='ocrx_word' id='word_1_651' title='bbox 3175 4102 3440 4158; x_wconf 58' lang='lat' dir='ltr'>coenobio</span> <span class='ocrx_word' id='word_1_652' title='bbox 3468 4103 3598 4159; x_wconf 90' lang='lat' dir='ltr'>reli-</span> 
     </span>
    </p>
   </div>
   <div class='ocr_carea' id='block_1_83' title="bbox 1942 4191 3593 4276">
    <p class='ocr_par' dir='ltr' id='par_1_83' title="bbox 1942 4191 3593 4276">
     <span class='ocr_line' id='line_1_83' title="bbox 1942 4191 3593 4276; baseline -0.007 -17"><span class='ocrx_word' id='word_1_653' title='bbox 1942 4202 2113 4276; x_wconf 88' lang='lat' dir='ltr'>quias</span> <span class='ocrx_word' id='word_1_654' title='bbox 2143 4199 2326 4256; x_wconf 89' lang='lat' dir='ltr'>sancti</span> <span class='ocrx_word' id='word_1_655' title='bbox 2360 4192 2710 4252; x_wconf 89' lang='lat' dir='ltr'>Columbani</span> <span class='ocrx_word' id='word_1_656' title='bbox 2742 4208 2942 4249; x_wconf 88' lang='lat' dir='ltr'>secum</span> <span class='ocrx_word' id='word_1_657' title='bbox 2971 4192 3164 4248; x_wconf 88' lang='lat' dir='ltr'>ferens</span> <span class='ocrx_word' id='word_1_658' title='bbox 3206 4191 3400 4262; x_wconf 88' lang='lat' dir='ltr'>rediit,</span> <span class='ocrx_word' id='word_1_659' title='bbox 3432 4196 3491 4248; x_wconf 90' lang='lat' dir='ltr'>et</span> <span class='ocrx_word' id='word_1_660' title='bbox 3519 4193 3593 4248; x_wconf 92' lang='lat' dir='ltr'>ob</span> 
     </span>
    </p>
   </div>
   <div class='ocr_carea' id='block_1_84' title="bbox 1942 4280 3599 4359">
    <p class='ocr_par' dir='ltr' id='par_1_84' title="bbox 1942 4280 3599 4359">
     <span class='ocr_line' id='line_1_84' title="bbox 1942 4280 3599 4359; baseline -0.007 -12"><span class='ocrx_word' id='word_1_661' title='bbox 1942 4289 2230 4347; x_wconf 90' lang='lat' dir='ltr'>incuriam</span> <span class='ocrx_word' id='word_1_662' title='bbox 2254 4285 2573 4359; x_wconf 89' lang='lat' dir='ltr'>quamdam</span> <span class='ocrx_word' id='word_1_663' title='bbox 2608 4283 2681 4339; x_wconf 89' lang='lat' dir='ltr'>de</span> <span class='ocrx_word' id='word_1_664' title='bbox 2712 4281 2840 4337; x_wconf 90' lang='lat' dir='ltr'>navi</span> <span class='ocrx_word' id='word_1_665' title='bbox 2873 4280 3201 4354; x_wconf 87' lang='lat' dir='ltr'>egrediens,</span> <span class='ocrx_word' id='word_1_666' title='bbox 3237 4296 3470 4353; x_wconf 89' lang='lat' dir='ltr'>proram</span> <span class='ocrx_word' id='word_1_667' title='bbox 3492 4281 3599 4337; x_wconf 91' lang='lat' dir='ltr'>im-</span> 
     </span>
    </p>
   </div>
   <div class='ocr_carea' id='block_1_85' title="bbox 1941 4370 3595 4453">
    <p class='ocr_par' dir='ltr' id='par_1_85' title="bbox 1941 4370 3595 4453">
     <span class='ocr_line' id='line_1_85' title="bbox 1941 4370 3595 4453; baseline -0.004 -19"><span class='ocrx_word' id='word_1_668' title='bbox 1941 4379 2185 4453; x_wconf 81' lang='lat' dir='ltr'>pegit,et</span> <span class='ocrx_word' id='word_1_669' title='bbox 2212 4376 2271 4430; x_wconf 92' lang='lat' dir='ltr'>in</span> <span class='ocrx_word' id='word_1_670' title='bbox 2303 4389 2466 4430; x_wconf 89' lang='lat' dir='ltr'>mare</span> <span class='ocrx_word' id='word_1_671' title='bbox 2513 4371 2726 4428; x_wconf 89' lang='lat' dir='ltr'>cecidit</span> <span class='ocrx_word' id='word_1_672' title='bbox 2755 4387 2768 4426; x_wconf 87' lang='lat'>:</span> <span class='ocrx_word' id='word_1_673' title='bbox 2804 4370 3057 4442; x_wconf 89' lang='lat' dir='ltr'>indeque</span> <span class='ocrx_word' id='word_1_674' title='bbox 3088 4386 3122 4425; x_wconf 91' lang='lat' dir='ltr'>a</span> <span class='ocrx_word' id='word_1_675' title='bbox 3149 4370 3595 4428; x_wconf 87' lang='lat' dir='ltr'>sublevantibus</span> 
     </span>
    </p>
   </div>
   <div class='ocr_carea' id='block_1_86' title="bbox 1939 4458 3589 4536">
    <p class='ocr_par' dir='ltr' id='par_1_86' title="bbox 1939 4458 3589 4536">
     <span class='ocr_line' id='line_1_86' title="bbox 1939 4458 3589 4536; baseline -0.006 -11"><span class='ocrx_word' id='word_1_676' title='bbox 1939 4483 2224 4532; x_wconf 90' lang='lat' dir='ltr'>emersus,</span> <span class='ocrx_word' id='word_1_677' title='bbox 2258 4462 2579 4536; x_wconf 88' lang='lat' dir='ltr'>putabatur</span> <span class='ocrx_word' id='word_1_678' title='bbox 2607 4477 2641 4516; x_wconf 91' lang='lat' dir='ltr'>a</span> <span class='ocrx_word' id='word_1_679' title='bbox 2671 4460 2868 4515; x_wconf 88' lang='lat' dir='ltr'>nautis</span> <span class='ocrx_word' id='word_1_680' title='bbox 2902 4463 2968 4514; x_wconf 92' lang='lat' dir='ltr'>ut</span> <span class='ocrx_word' id='word_1_681' title='bbox 3009 4462 3166 4515; x_wconf 90' lang='lat' dir='ltr'>esset</span> <span class='ocrx_word' id='word_1_682' title='bbox 3205 4458 3442 4515; x_wconf 90' lang='lat' dir='ltr'>Paulus.</span> <span class='ocrx_word' id='word_1_683' title='bbox 3476 4460 3589 4515; x_wconf 87' lang='lat' dir='ltr'>Sed</span> 
     </span>
    </p>
   </div>
   <div class='ocr_carea' id='block_1_87' title="bbox 1940 4546 3596 4630">
    <p class='ocr_par' dir='ltr' id='par_1_87' title="bbox 1940 4546 3596 4630">
     <span class='ocr_line' id='line_1_87' title="bbox 1940 4546 3596 4630; baseline -0.006 -17"><span class='ocrx_word' id='word_1_684' title='bbox 1940 4557 2080 4630; x_wconf 92' lang='lat' dir='ltr'>quia</span> <span class='ocrx_word' id='word_1_685' title='bbox 2104 4559 2169 4611; x_wconf 89' lang='lat' dir='ltr'>ut</span> <span class='ocrx_word' id='word_1_686' title='bbox 2197 4551 2495 4626; x_wconf 89' lang='lat' dir='ltr'>quondam</span> <span class='ocrx_word' id='word_1_687' title='bbox 2527 4549 2707 4605; x_wconf 87' lang='lat' dir='ltr'>Jacob</span> <span class='ocrx_word' id='word_1_688' title='bbox 2740 4546 3130 4615; x_wconf 87' lang='lat' dir='ltr'>claudicabat,</span> <span class='ocrx_word' id='word_1_689' title='bbox 3158 4546 3429 4619; x_wconf 89' lang='lat' dir='ltr'>cognitus</span> <span class='ocrx_word' id='word_1_690' title='bbox 3450 4550 3540 4602; x_wconf 89' lang='lat' dir='ltr'>est</span> <span class='ocrx_word' id='word_1_691' title='bbox 3558 4564 3596 4603; x_wconf 90' lang='lat' dir='ltr'>a</span> 
     </span>
    </p>
   </div>
   <div class='ocr_carea' id='block_1_88' title="bbox 1939 4633 3596 4709">
    <p class='ocr_par' dir='ltr' id='par_1_88' title="bbox 1939 4633 3596 4709">
     <span class='ocr_line' id='line_1_88' title="bbox 1939 4633 3596 4709; baseline -0.008 -6"><span class='ocrx_word' id='word_1_692' title='bbox 1939 4643 2314 4709; x_wconf 89' lang='lat' dir='ltr'>ducentibus,</span> <span class='ocrx_word' id='word_1_693' title='bbox 2345 4644 2413 4696; x_wconf 90' lang='lat' dir='ltr'>ut</span> <span class='ocrx_word' id='word_1_694' title='bbox 2444 4639 2495 4695; x_wconf 92' lang='lat' dir='ltr'>is</span> <span class='ocrx_word' id='word_1_695' title='bbox 2524 4641 2697 4702; x_wconf 86' lang='lat' dir='ltr'>esset,</span> <span class='ocrx_word' id='word_1_696' title='bbox 2733 4634 2833 4707; x_wconf 90' lang='lat' dir='ltr'>qui</span> <span class='ocrx_word' id='word_1_697' title='bbox 2864 4639 3038 4690; x_wconf 90' lang='lat' dir='ltr'>antea</span> <span class='ocrx_word' id='word_1_698' title='bbox 3066 4650 3170 4706; x_wconf 89' lang='lat' dir='ltr'>per</span> <span class='ocrx_word' id='word_1_699' title='bbox 3198 4651 3261 4690; x_wconf 90' lang='lat' dir='ltr'>se</span> <span class='ocrx_word' id='word_1_700' title='bbox 3282 4633 3419 4689; x_wconf 88' lang='lat' dir='ltr'>talis</span> <span class='ocrx_word' id='word_1_701' title='bbox 3439 4633 3596 4690; x_wconf 85' lang='lat' dir='ltr'>ince-</span> 
     </span>
    </p>
   </div>
   <div class='ocr_carea' id='block_1_89' title="bbox 169 4720 3596 4812">
    <p class='ocr_par' dir='ltr' id='par_1_89' title="bbox 169 4720 3596 4812">
     <span class='ocr_line' id='line_1_89' title="bbox 169 4720 3596 4812; baseline -0 -34"><span class='ocrx_word' id='word_1_702' title='bbox 169 4723 379 4812; x_wconf 89' lang='lat' dir='ltr'>tribus,</span> <span class='ocrx_word' id='word_1_703' title='bbox 398 4734 462 4785; x_wconf 89' lang='lat' dir='ltr'>et</span> <span class='ocrx_word' id='word_1_704' title='bbox 494 4729 787 4801; x_wconf 74' lang='lat' dir='ltr'>praecipue</span> <span class='ocrx_word' id='word_1_705' title='bbox 808 4748 843 4786; x_wconf 88' lang='lat' dir='ltr'>a</span> <span class='ocrx_word' id='word_1_706' title='bbox 864 4731 1243 4787; x_wconf 85' lang='lat' dir='ltr'>devotissimo</span> <span class='ocrx_word' id='word_1_707' title='bbox 1268 4733 1647 4804; x_wconf 88' lang='lat' dir='ltr'>Gozperto,ne</span> <span class='ocrx_word' id='word_1_708' title='bbox 1669 4734 1830 4792; x_wconf 88' lang='lat' dir='ltr'>dicas</span> <span class='ocrx_word' id='word_1_709' title='bbox 1857 4748 1907 4812; x_wconf 84' lang='lat' dir='ltr'><strong>D</strong></span> <span class='ocrx_word' id='word_1_710' title='bbox 1938 4736 2132 4792; x_wconf 89' lang='lat' dir='ltr'>debat.</span> <span class='ocrx_word' id='word_1_711' title='bbox 2157 4730 2388 4788; x_wconf 88' lang='lat' dir='ltr'>Grande</span> <span class='ocrx_word' id='word_1_712' title='bbox 2408 4731 2602 4783; x_wconf 90' lang='lat' dir='ltr'>tamen</span> <span class='ocrx_word' id='word_1_713' title='bbox 2636 4727 2868 4779; x_wconf 86' lang='lat' dir='ltr'>tantum</span> <span class='ocrx_word' id='word_1_714' title='bbox 2893 4722 3242 4795; x_wconf 91' lang='lat' dir='ltr'>periculum,</span> <span class='ocrx_word' id='word_1_715' title='bbox 3269 4725 3327 4812; x_wconf 86' lang='lat' dir='ltr'>et</span> <span class='ocrx_word' id='word_1_716' title='bbox 3350 4720 3596 4812; x_wconf 76' lang='lat' dir='ltr'>laudan-</span> 
     </span>
    </p>
   </div>
   <div class='ocr_carea' id='block_1_90' title="bbox 170 4811 1829 4892">
    <p class='ocr_par' dir='ltr' id='par_1_90' title="bbox 170 4811 1829 4892">
     <span class='ocr_line' id='line_1_90' title="bbox 170 4811 1829 4892; baseline 0.005 -22"><span class='ocrx_word' id='word_1_717' title='bbox 170 4811 362 4884; x_wconf 86' lang='lat' dir='ltr'>Calvo,</span> <span class='ocrx_word' id='word_1_718' title='bbox 395 4816 502 4875; x_wconf 90' lang='lat' dir='ltr'>sed</span> <span class='ocrx_word' id='word_1_719' title='bbox 535 4816 671 4891; x_wconf 90' lang='lat' dir='ltr'>pilis</span> <span class='ocrx_word' id='word_1_720' title='bbox 701 4818 929 4892; x_wconf 86' lang='lat' dir='ltr'>cephali</span> <span class='ocrx_word' id='word_1_721' title='bbox 970 4824 1285 4877; x_wconf 90' lang='lat' dir='ltr'>auretenus</span> <span class='ocrx_word' id='word_1_722' title='bbox 1333 4822 1513 4891; x_wconf 89' lang='lat' dir='ltr'>nudo,</span> <span class='ocrx_word' id='word_1_723' title='bbox 1547 4822 1707 4878; x_wconf 90' lang='lat' dir='ltr'>omni</span> <span class='ocrx_word' id='word_1_724' title='bbox 1740 4828 1829 4880; x_wconf 80' lang='lat' dir='ltr'>ta-</span> 
     </span>
    </p>
   </div>
   <div class='ocr_carea' id='block_1_91' title="bbox 172 4907 1828 4982">
    <p class='ocr_par' dir='ltr' id='par_1_91' title="bbox 172 4907 1828 4982">
     <span class='ocr_line' id='line_1_91' title="bbox 172 4907 1828 4982; baseline 0.007 -25"><span class='ocrx_word' id='word_1_725' title='bbox 172 4917 307 4960; x_wconf 87' lang='lat' dir='ltr'>men</span> <span class='ocrx_word' id='word_1_726' title='bbox 338 4910 547 4964; x_wconf 88' lang='lat' dir='ltr'>sancta</span> <span class='ocrx_word' id='word_1_727' title='bbox 577 4907 981 4967; x_wconf 88' lang='lat' dir='ltr'>benevolentia</span> <span class='ocrx_word' id='word_1_728' title='bbox 1009 4909 1202 4982; x_wconf 90' lang='lat' dir='ltr'>pleno,</span> <span class='ocrx_word' id='word_1_729' title='bbox 1237 4909 1565 4968; x_wconf 85' lang='lat' dir='ltr'>felicissimi</span> <span class='ocrx_word' id='word_1_730' title='bbox 1597 4913 1828 4969; x_wconf 90' lang='lat' dir='ltr'>abbatis</span> 
     </span>
    </p>
   </div>
   <div class='ocr_carea' id='block_1_92' title="bbox 172 4991 1829 5075">
    <p class='ocr_par' dir='ltr' id='par_1_92' title="bbox 172 4991 1829 5075">
     <span class='ocr_line' id='line_1_92' title="bbox 172 4991 1829 5075; baseline 0.007 -28"><span class='ocrx_word' id='word_1_731' title='bbox 172 4991 444 5065; x_wconf 79' lang='lat' dir='ltr'>Gozperti</span> <span class='ocrx_word' id='word_1_732' title='bbox 468 4999 700 5069; x_wconf 88' lang='lat' dir='ltr'>nepote,</span> <span class='ocrx_word' id='word_1_733' title='bbox 733 5013 868 5052; x_wconf 91' lang='lat' dir='ltr'>cum</span> <span class='ocrx_word' id='word_1_734' title='bbox 900 4999 1157 5070; x_wconf 89' lang='lat' dir='ltr'>quadam</span> <span class='ocrx_word' id='word_1_735' title='bbox 1187 4998 1242 5054; x_wconf 92' lang='lat' dir='ltr'>vi</span> <span class='ocrx_word' id='word_1_736' title='bbox 1263 4997 1653 5071; x_wconf 88' lang='lat' dir='ltr'>impulsus,ut</span> <span class='ocrx_word' id='word_1_737' title='bbox 1671 5003 1829 5075; x_wconf 92' lang='lat' dir='ltr'>quod</span> 
     </span>
    </p>
   </div>
   <div class='ocr_carea' id='block_1_93' title="bbox 174 5081 1831 5160">
    <p class='ocr_par' dir='ltr' id='par_1_93' title="bbox 174 5081 1831 5160">
     <span class='ocr_line' id='line_1_93' title="bbox 174 5081 1831 5160; baseline 0.008 -26"><span class='ocrx_word' id='word_1_738' title='bbox 174 5081 459 5154; x_wconf 84' lang='lat' dir='ltr'>magister</span> <span class='ocrx_word' id='word_1_739' title='bbox 487 5084 732 5141; x_wconf 89' lang='lat' dir='ltr'>devotus</span> <span class='ocrx_word' id='word_1_740' title='bbox 762 5103 878 5142; x_wconf 92' lang='lat' dir='ltr'>non</span> <span class='ocrx_word' id='word_1_741' title='bbox 906 5086 1197 5159; x_wconf 88' lang='lat' dir='ltr'>impleret,</span> <span class='ocrx_word' id='word_1_742' title='bbox 1231 5104 1338 5160; x_wconf 91' lang='lat' dir='ltr'>ego</span> <span class='ocrx_word' id='word_1_743' title='bbox 1370 5087 1554 5145; x_wconf 90' lang='lat' dir='ltr'>cliens</span> <span class='ocrx_word' id='word_1_744' title='bbox 1605 5091 1831 5148; x_wconf 90' lang='lat' dir='ltr'>assecla</span> 
     </span>
    </p>
   </div>
   <div class='ocr_carea' id='block_1_94' title="bbox 174 5170 1828 5245">
    <p class='ocr_par' dir='ltr' id='par_1_94' title="bbox 174 5170 1828 5245">
     <span class='ocr_line' id='line_1_94' title="bbox 174 5170 1828 5245; baseline 0.008 -22"><span class='ocrx_word' id='word_1_745' title='bbox 174 5170 503 5244; x_wconf 90' lang='lat' dir='ltr'>compleam</span> <span class='ocrx_word' id='word_1_746' title='bbox 533 5172 676 5230; x_wconf 90' lang='lat' dir='ltr'>illud</span> <span class='ocrx_word' id='word_1_747' title='bbox 701 5175 1223 5245; x_wconf 83' lang='lat' dir='ltr'>factum,asserens</span> <span class='ocrx_word' id='word_1_748' title='bbox 1243 5194 1372 5233; x_wconf 88' lang='lat' dir='ltr'>esse</span> <span class='ocrx_word' id='word_1_749' title='bbox 1394 5195 1578 5234; x_wconf 92' lang='lat' dir='ltr'>unum</span> <span class='ocrx_word' id='word_1_750' title='bbox 1600 5184 1721 5236; x_wconf 89' lang='lat' dir='ltr'>tam</span> <span class='ocrx_word' id='word_1_751' title='bbox 1746 5181 1828 5237; x_wconf 90' lang='lat' dir='ltr'>in-</span> 
     </span>
    </p>
   </div>
   <div class='ocr_carea' id='block_1_95' title="bbox 174 5256 1829 5339">
    <p class='ocr_par' dir='ltr' id='par_1_95' title="bbox 174 5256 1829 5339">
     <span class='ocr_line' id='line_1_95' title="bbox 174 5256 1829 5339; baseline 0.01 -29"><span class='ocrx_word' id='word_1_752' title='bbox 174 5256 446 5329; x_wconf 89' lang='lat' dir='ltr'>cipientis</span> <span class='ocrx_word' id='word_1_753' title='bbox 475 5278 546 5319; x_wconf 82' lang='lat' dir='ltr'>ex</span> <span class='ocrx_word' id='word_1_754' title='bbox 577 5264 991 5337; x_wconf 87' lang='lat' dir='ltr'>animo,quam</span> <span class='ocrx_word' id='word_1_755' title='bbox 1014 5266 1371 5338; x_wconf 79' lang='lat' dir='ltr'>perﬁcienlis</span> <span class='ocrx_word' id='word_1_756' title='bbox 1392 5268 1829 5339; x_wconf 80' lang='lat' dir='ltr'>praemium.Fe-</span> 
     </span>
    </p>
   </div>
   <div class='ocr_carea' id='block_1_96' title="bbox 174 5345 1827 5428">
    <p class='ocr_par' dir='ltr' id='par_1_96' title="bbox 174 5345 1827 5428">
     <span class='ocr_line' id='line_1_96' title="bbox 174 5345 1827 5428; baseline 0.008 -27"><span class='ocrx_word' id='word_1_757' title='bbox 174 5345 801 5423; x_wconf 85' lang='lat' dir='ltr'>cissemque,fateor,in</span> <span class='ocrx_word' id='word_1_758' title='bbox 823 5353 933 5410; x_wconf 88' lang='lat' dir='ltr'>hac</span> <span class='ocrx_word' id='word_1_759' title='bbox 962 5370 1024 5410; x_wconf 90' lang='lat' dir='ltr'>re</span> <span class='ocrx_word' id='word_1_760' title='bbox 1041 5353 1190 5409; x_wconf 87' lang='lat' dir='ltr'>votis</span> <span class='ocrx_word' id='word_1_761' title='bbox 1211 5354 1431 5422; x_wconf 87' lang='lat' dir='ltr'>satis,si</span> <span class='ocrx_word' id='word_1_762' title='bbox 1448 5357 1827 5428; x_wconf 87' lang='lat' dir='ltr'>supradictus</span> 
     </span>
    </p>
   </div>
   <div class='ocr_carea' id='block_1_97' title="bbox 172 5433 1825 5517">
    <p class='ocr_par' dir='ltr' id='par_1_97' title="bbox 172 5433 1825 5517">
     <span class='ocr_line' id='line_1_97' title="bbox 172 5433 1825 5517; baseline 0.009 -28"><span class='ocrx_word' id='word_1_763' title='bbox 172 5433 420 5495; x_wconf 88' lang='lat' dir='ltr'>dilectus</span> <span class='ocrx_word' id='word_1_764' title='bbox 453 5446 652 5499; x_wconf 91' lang='lat' dir='ltr'>noster</span> <span class='ocrx_word' id='word_1_765' title='bbox 682 5441 741 5497; x_wconf 91' lang='lat' dir='ltr'>in</span> <span class='ocrx_word' id='word_1_766' title='bbox 759 5441 870 5500; x_wconf 88' lang='lat' dir='ltr'>hac</span> <span class='ocrx_word' id='word_1_767' title='bbox 897 5444 1179 5516; x_wconf 90' lang='lat' dir='ltr'>petitione</span> <span class='ocrx_word' id='word_1_768' title='bbox 1199 5443 1459 5515; x_wconf 89' lang='lat' dir='ltr'>aliquam</span> <span class='ocrx_word' id='word_1_769' title='bbox 1482 5445 1825 5517; x_wconf 87' lang='lat' dir='ltr'>patientiam</span> 
     </span>
    </p>
   </div>
   <div class='ocr_carea' id='block_1_98' title="bbox 173 5519 1825 5602">
    <p class='ocr_par' dir='ltr' id='par_1_98' title="bbox 173 5519 1825 5602">
     <span class='ocr_line' id='line_1_98' title="bbox 173 5519 1825 5602; baseline 0.008 -24"><span class='ocrx_word' id='word_1_770' title='bbox 173 5519 497 5584; x_wconf 84' lang='lat' dir='ltr'>habuisset.</span> <span class='ocrx_word' id='word_1_771' title='bbox 529 5530 632 5586; x_wconf 89' lang='lat' dir='ltr'>Est</span> <span class='ocrx_word' id='word_1_772' title='bbox 660 5532 819 5587; x_wconf 89' lang='lat' dir='ltr'>enim</span> <span class='ocrx_word' id='word_1_773' title='bbox 849 5535 971 5588; x_wconf 87' lang='lat' dir='ltr'>tam</span> <span class='ocrx_word' id='word_1_774' title='bbox 997 5532 1276 5588; x_wconf 86' lang='lat' dir='ltr'>ferventis</span> <span class='ocrx_word' id='word_1_775' title='bbox 1304 5532 1506 5602; x_wconf 89' lang='lat' dir='ltr'>studii,</span> <span class='ocrx_word' id='word_1_776' title='bbox 1524 5538 1589 5589; x_wconf 89' lang='lat' dir='ltr'>ut</span> <span class='ocrx_word' id='word_1_777' title='bbox 1614 5535 1675 5591; x_wconf 92' lang='lat' dir='ltr'>in</span> <span class='ocrx_word' id='word_1_778' title='bbox 1707 5553 1825 5593; x_wconf 91' lang='lat' dir='ltr'>una</span> 
     </span>
    </p>
   </div>
   <div class='ocr_carea' id='block_1_99' title="bbox 172 5613 1825 5697">
    <p class='ocr_par' dir='ltr' id='par_1_99' title="bbox 172 5613 1825 5697">
     <span class='ocr_line' id='line_1_99' title="bbox 172 5613 1825 5697; baseline 0.009 -31"><span class='ocrx_word' id='word_1_779' title='bbox 172 5613 495 5688; x_wconf 88' lang='lat' dir='ltr'>eademque</span> <span class='ocrx_word' id='word_1_780' title='bbox 523 5618 688 5688; x_wconf 88' lang='lat' dir='ltr'>hora,</span> <span class='ocrx_word' id='word_1_781' title='bbox 713 5626 772 5676; x_wconf 90' lang='lat' dir='ltr'>et</span> <span class='ocrx_word' id='word_1_782' title='bbox 790 5620 882 5677; x_wconf 90' lang='lat' dir='ltr'>lac</span> <span class='ocrx_word' id='word_1_783' title='bbox 906 5621 1046 5677; x_wconf 88' lang='lat' dir='ltr'>velit</span> <span class='ocrx_word' id='word_1_784' title='bbox 1073 5620 1427 5694; x_wconf 85' lang='lat' dir='ltr'>mulgore,et</span> <span class='ocrx_word' id='word_1_785' title='bbox 1447 5639 1684 5679; x_wconf 88' lang='lat' dir='ltr'>caseum</span> <span class='ocrx_word' id='word_1_786' title='bbox 1701 5641 1825 5697; x_wconf 86' lang='lat' dir='ltr'>pre-</span> 
     </span>
    </p>
   </div>
   <div class='ocr_carea' id='block_1_100' title="bbox 174 5709 1821 5780">
    <p class='ocr_par' dir='ltr' id='par_1_100' title="bbox 174 5709 1821 5780">
     <span class='ocr_line' id='line_1_100' title="bbox 174 5709 1821 5780; baseline 0.009 -25"><span class='ocrx_word' id='word_1_787' title='bbox 174 5713 332 5760; x_wconf 87' lang='lat' dir='ltr'>mere</span> <span class='ocrx_word' id='word_1_788' title='bbox 364 5720 376 5757; x_wconf 95' lang='lat'>:</span> <span class='ocrx_word' id='word_1_789' title='bbox 411 5720 544 5762; x_wconf 89' lang='lat' dir='ltr'>cum</span> <span class='ocrx_word' id='word_1_790' title='bbox 579 5726 683 5764; x_wconf 92' lang='lat' dir='ltr'>nec</span> <span class='ocrx_word' id='word_1_791' title='bbox 710 5710 896 5765; x_wconf 80' lang='lat' dir='ltr'>Roma</span> <span class='ocrx_word' id='word_1_792' title='bbox 923 5726 1041 5765; x_wconf 89' lang='lat' dir='ltr'>una</span> <span class='ocrx_word' id='word_1_793' title='bbox 1071 5709 1163 5765; x_wconf 90' lang='lat' dir='ltr'>die</span> <span class='ocrx_word' id='word_1_794' title='bbox 1193 5711 1271 5767; x_wconf 90' lang='lat' dir='ltr'>sit</span> <span class='ocrx_word' id='word_1_795' title='bbox 1299 5711 1555 5780; x_wconf 86' lang='lat' dir='ltr'>condita,</span> <span class='ocrx_word' id='word_1_796' title='bbox 1589 5714 1690 5768; x_wconf 90' lang='lat' dir='ltr'>sed</span> <span class='ocrx_word' id='word_1_797' title='bbox 1722 5731 1821 5770; x_wconf 89' lang='lat' dir='ltr'>nc-</span> 
     </span>
    </p>
   </div>
   <div class='ocr_carea' id='block_1_101' title="bbox 177 5791 1823 5868">
    <p class='ocr_par' dir='ltr' id='par_1_101' title="bbox 177 5791 1823 5868">
     <span class='ocr_line' id='line_1_101' title="bbox 177 5791 1823 5868; baseline 0.008 -25"><span class='ocrx_word' id='word_1_798' title='bbox 177 5802 286 5858; x_wconf 89' lang='lat' dir='ltr'>que</span> <span class='ocrx_word' id='word_1_799' title='bbox 313 5791 577 5852; x_wconf 88' lang='lat' dir='ltr'>triticum</span> <span class='ocrx_word' id='word_1_800' title='bbox 603 5798 806 5855; x_wconf 86' lang='lat' dir='ltr'>eodem</span> <span class='ocrx_word' id='word_1_801' title='bbox 840 5798 935 5854; x_wconf 90' lang='lat' dir='ltr'>die</span> <span class='ocrx_word' id='word_1_802' title='bbox 964 5797 1349 5868; x_wconf 89' lang='lat' dir='ltr'>metitur,quo</span> <span class='ocrx_word' id='word_1_803' title='bbox 1371 5797 1715 5854; x_wconf 88' lang='lat' dir='ltr'>seminatur.</span> <span class='ocrx_word' id='word_1_804' title='bbox 1737 5801 1823 5856; x_wconf 88' lang='lat' dir='ltr'>Ad</span> 
     </span>
    </p>
   </div>
   <div class='ocr_carea' id='block_1_102' title="bbox 1938 4809 3588 4890">
    <p class='ocr_par' dir='ltr' id='par_1_102' title="bbox 1938 4809 3588 4890">
     <span class='ocr_line' id='line_1_102' title="bbox 1938 4809 3588 4890; baseline -0.008 -9"><span class='ocrx_word' id='word_1_805' title='bbox 1938 4825 2052 4881; x_wconf 90' lang='lat' dir='ltr'>dus</span> <span class='ocrx_word' id='word_1_806' title='bbox 2081 4822 2257 4886; x_wconf 89' lang='lat' dir='ltr'>Deus,</span> <span class='ocrx_word' id='word_1_807' title='bbox 2289 4816 2393 4890; x_wconf 87' lang='lat' dir='ltr'>qui</span> <span class='ocrx_word' id='word_1_808' title='bbox 2423 4832 2557 4872; x_wconf 92' lang='lat' dir='ltr'>eum</span> <span class='ocrx_word' id='word_1_809' title='bbox 2589 4812 2855 4869; x_wconf 87' lang='lat' dir='ltr'>liberavit</span> <span class='ocrx_word' id='word_1_810' title='bbox 2885 4828 2989 4883; x_wconf 90' lang='lat' dir='ltr'>per</span> <span class='ocrx_word' id='word_1_811' title='bbox 3009 4827 3186 4867; x_wconf 92' lang='lat' dir='ltr'>suum</span> <span class='ocrx_word' id='word_1_812' title='bbox 3209 4809 3588 4867; x_wconf 88' lang='lat' dir='ltr'>miraculum.</span> 
     </span>
    </p>
   </div>
   <div class='ocr_carea' id='block_1_103' title="bbox 1937 4898 3252 4983">
    <p class='ocr_par' dir='ltr' id='par_1_103' title="bbox 1937 4898 3252 4983">
     <span class='ocr_line' id='line_1_103' title="bbox 1937 4898 3252 4983; baseline -0.014 -13"><span class='ocrx_word' id='word_1_813' title='bbox 1937 4914 2186 4983; x_wconf 62' lang='lat' dir='ltr'>Haecque</span> <span class='ocrx_word' id='word_1_814' title='bbox 2214 4907 2361 4964; x_wconf 90' lang='lat' dir='ltr'>alias</span> <span class='ocrx_word' id='word_1_815' title='bbox 2391 4922 2499 4962; x_wconf 91' lang='lat' dir='ltr'>suo</span> <span class='ocrx_word' id='word_1_816' title='bbox 2526 4903 2652 4959; x_wconf 88' lang='lat' dir='ltr'>loco</span> <span class='ocrx_word' id='word_1_817' title='bbox 2682 4899 2929 4956; x_wconf 89' lang='lat' dir='ltr'>dicenda</span> <span class='ocrx_word' id='word_1_818' title='bbox 2962 4898 3252 4971; x_wconf 87' lang='lat' dir='ltr'>relinquo.</span> 
     </span>
    </p>
   </div>
   <div class='ocr_carea' id='block_1_104' title="bbox 2008 4986 3589 5064">
    <p class='ocr_par' dir='ltr' id='par_1_104' title="bbox 2008 4986 3589 5064">
     <span class='ocr_line' id='line_1_104' title="bbox 2008 4986 3589 5064; baseline -0.009 -7"><span class='ocrx_word' id='word_1_819' title='bbox 2008 5002 2316 5062; x_wconf 79' lang='lat' dir='ltr'>Caeterum,</span> <span class='ocrx_word' id='word_1_820' title='bbox 2350 4993 2432 5049; x_wconf 93' lang='lat' dir='ltr'>mi</span> <span class='ocrx_word' id='word_1_821' title='bbox 2463 4991 2747 5064; x_wconf 86' lang='lat' dir='ltr'>magister</span> <span class='ocrx_word' id='word_1_822' title='bbox 2773 4993 2832 5044; x_wconf 89' lang='lat' dir='ltr'>et</span> <span class='ocrx_word' id='word_1_823' title='bbox 2851 4986 3086 5044; x_wconf 90' lang='lat' dir='ltr'>domino</span> <span class='ocrx_word' id='word_1_824' title='bbox 3116 4986 3495 5056; x_wconf 90' lang='lat' dir='ltr'>amabillime,</span> <span class='ocrx_word' id='word_1_825' title='bbox 3529 4986 3589 5043; x_wconf 92' lang='lat' dir='ltr'>in</span> 
     </span>
    </p>
   </div>
   <div class='ocr_carea' id='block_1_105' title="bbox 1937 5075 3571 5158">
    <p class='ocr_par' dir='ltr' id='par_1_105' title="bbox 1937 5075 3571 5158">
     <span class='ocr_line' id='line_1_105' title="bbox 1937 5075 3571 5158; baseline -0.01 -10"><span class='ocrx_word' id='word_1_826' title='bbox 1937 5090 2093 5148; x_wconf 88' lang='lat' dir='ltr'>calce</span> <span class='ocrx_word' id='word_1_827' title='bbox 2108 5087 2288 5158; x_wconf 90' lang='lat' dir='ltr'>hujus</span> <span class='ocrx_word' id='word_1_828' title='bbox 2314 5080 2572 5155; x_wconf 79' lang='lat' dir='ltr'>epistolas</span> <span class='ocrx_word' id='word_1_829' title='bbox 2594 5076 2967 5135; x_wconf 88' lang='lat' dir='ltr'>sanctitatem</span> <span class='ocrx_word' id='word_1_830' title='bbox 2988 5081 3245 5132; x_wconf 89' lang='lat' dir='ltr'>vestram</span> <span class='ocrx_word' id='word_1_831' title='bbox 3268 5075 3478 5132; x_wconf 82' lang='lat' dir='ltr'>obnixe</span> <span class='ocrx_word' id='word_1_832' title='bbox 3498 5076 3571 5132; x_wconf 88' lang='lat' dir='ltr'>de</span> 
     </span>
    </p>
   </div>
   <div class='ocr_carea' id='block_1_106' title="bbox 1936 5163 3593 5255">
    <p class='ocr_par' dir='ltr' id='par_1_106' title="bbox 1936 5163 3593 5255">
     <span class='ocr_line' id='line_1_106' title="bbox 1936 5163 3593 5255; baseline -0.011 -18"><span class='ocrx_word' id='word_1_833' title='bbox 1936 5195 2134 5255; x_wconf 90' lang='lat' dir='ltr'>posco,</span> <span class='ocrx_word' id='word_1_834' title='bbox 2167 5178 2236 5230; x_wconf 88' lang='lat' dir='ltr'>ut</span> <span class='ocrx_word' id='word_1_835' title='bbox 2263 5187 2454 5244; x_wconf 89' lang='lat' dir='ltr'>nugas</span> <span class='ocrx_word' id='word_1_836' title='bbox 2485 5165 2789 5243; x_wconf 64' lang='lat' dir='ltr'>praesentis</span> <span class='ocrx_word' id='word_1_837' title='bbox 2820 5164 3037 5237; x_wconf 89' lang='lat' dir='ltr'>eloquii</span> <span class='ocrx_word' id='word_1_838' title='bbox 3068 5165 3184 5221; x_wconf 90' lang='lat' dir='ltr'>mei</span> <span class='ocrx_word' id='word_1_839' title='bbox 3206 5164 3289 5220; x_wconf 87' lang='lat' dir='ltr'>ita</span> <span class='ocrx_word' id='word_1_840' title='bbox 3309 5163 3593 5236; x_wconf 89' lang='lat' dir='ltr'>suscipia-</span> 
     </span>
    </p>
   </div>
   <div class='ocr_carea' id='block_1_107' title="bbox 1935 5253 3590 5336">
    <p class='ocr_par' dir='ltr' id='par_1_107' title="bbox 1935 5253 3590 5336">
     <span class='ocr_line' id='line_1_107' title="bbox 1935 5253 3590 5336; baseline -0.011 -10"><span class='ocrx_word' id='word_1_841' title='bbox 1935 5253 2033 5336; x_wconf 77' lang='lat' dir='ltr'>tis,</span> <span class='ocrx_word' id='word_1_842' title='bbox 2065 5263 2244 5323; x_wconf 88' lang='lat' dir='ltr'>veluti</span> <span class='ocrx_word' id='word_1_843' title='bbox 2275 5259 2496 5334; x_wconf 91' lang='lat' dir='ltr'>optime</span> <span class='ocrx_word' id='word_1_844' title='bbox 2525 5256 2755 5312; x_wconf 83' lang='lat' dir='ltr'>confido</span> <span class='ocrx_word' id='word_1_845' title='bbox 2784 5254 2846 5309; x_wconf 93' lang='lat' dir='ltr'>in</span> <span class='ocrx_word' id='word_1_846' title='bbox 2877 5253 3287 5326; x_wconf 88' lang='lat' dir='ltr'>paternitatem</span> <span class='ocrx_word' id='word_1_847' title='bbox 3309 5255 3590 5309; x_wconf 89' lang='lat' dir='ltr'>vestram.</span> 
     </span>
    </p>
   </div>
   <div class='ocr_carea' id='block_1_108' title="bbox 2006 5338 3586 5427">
    <p class='ocr_par' dir='ltr' id='par_1_108' title="bbox 2006 5338 3586 5427">
     <span class='ocr_line' id='line_1_108' title="bbox 2006 5338 3586 5427; baseline -0.011 -14"><span class='ocrx_word' id='word_1_848' title='bbox 2006 5352 2261 5427; x_wconf 83' lang='lat' dir='ltr'>Adjunxi</span> <span class='ocrx_word' id='word_1_849' title='bbox 2292 5353 2490 5406; x_wconf 88' lang='lat' dir='ltr'>autem</span> <span class='ocrx_word' id='word_1_850' title='bbox 2522 5350 2580 5400; x_wconf 89' lang='lat' dir='ltr'>et</span> <span class='ocrx_word' id='word_1_851' title='bbox 2608 5344 2745 5399; x_wconf 91' lang='lat' dir='ltr'>huic</span> <span class='ocrx_word' id='word_1_852' title='bbox 2785 5343 2946 5415; x_wconf 91' lang='lat' dir='ltr'>operi</span> <span class='ocrx_word' id='word_1_853' title='bbox 2992 5342 3164 5399; x_wconf 88' lang='lat' dir='ltr'>breve</span> <span class='ocrx_word' id='word_1_854' title='bbox 3210 5338 3586 5413; x_wconf 92' lang='lat' dir='ltr'>opusculum,</span> 
     </span>
    </p>
   </div>
   <div class='ocr_carea' id='block_1_109' title="bbox 1934 5427 3591 5521">
    <p class='ocr_par' dir='ltr' id='par_1_109' title="bbox 1934 5427 3591 5521">
     <span class='ocr_line' id='line_1_109' title="bbox 1934 5427 3591 5521; baseline -0.013 -17"><span class='ocrx_word' id='word_1_855' title='bbox 1934 5446 2091 5521; x_wconf 89' lang='lat' dir='ltr'>quod</span> <span class='ocrx_word' id='word_1_856' title='bbox 2123 5444 2195 5499; x_wconf 92' lang='lat' dir='ltr'>de</span> <span class='ocrx_word' id='word_1_857' title='bbox 2224 5436 2578 5509; x_wconf 69' lang='lat' dir='ltr'>incoeptione</span> <span class='ocrx_word' id='word_1_858' title='bbox 2606 5432 2790 5489; x_wconf 92' lang='lat' dir='ltr'>nostri</span> <span class='ocrx_word' id='word_1_859' title='bbox 2823 5427 3591 5521; x_wconf 62' lang='lat' dir='ltr'>cmnobii,et_fratrum_ibi-</span> 
     </span>
    </p>
   </div>
   <div class='ocr_carea' id='block_1_110' title="bbox 1934 5517 3590 5592">
    <p class='ocr_par' dir='ltr' id='par_1_110' title="bbox 1934 5517 3590 5592">
     <span class='ocr_line' id='line_1_110' title="bbox 1934 5517 3590 5592; baseline -0.011 1"><span class='ocrx_word' id='word_1_860' title='bbox 1934 5517 2067 5592; x_wconf 82' lang='lat' dir='ltr'>dem</span> <span class='ocrx_word' id='word_1_861' title='bbox 2089 5533 2204 5589; x_wconf 91' lang='lat' dir='ltr'>Deo</span> <span class='ocrx_word' id='word_1_862' title='bbox 2228 5522 2644 5585; x_wconf 87' lang='lat' dir='ltr'>famulantium</span> <span class='ocrx_word' id='word_1_863' title='bbox 2662 5521 2780 5576; x_wconf 91' lang='lat' dir='ltr'>vita</span> <span class='ocrx_word' id='word_1_864' title='bbox 2796 5518 3118 5591; x_wconf 91' lang='lat' dir='ltr'>conscripsi</span> <span class='ocrx_word' id='word_1_865' title='bbox 3138 5537 3151 5587; x_wconf 92' lang='lat'><strong>;</strong></span> <span class='ocrx_word' id='word_1_866' title='bbox 3172 5519 3417 5591; x_wconf 90' lang='lat' dir='ltr'>ipsaque</span> <span class='ocrx_word' id='word_1_867' title='bbox 3433 5517 3590 5574; x_wconf 88' lang='lat' dir='ltr'>dicta</span> 
     </span>
    </p>
   </div>
   <div class='ocr_carea' id='block_1_111' title="bbox 1932 5604 3589 5695">
    <p class='ocr_par' dir='ltr' id='par_1_111' title="bbox 1932 5604 3589 5695">
     <span class='ocr_line' id='line_1_111' title="bbox 1932 5604 3589 5695; baseline -0.013 -13"><span class='ocrx_word' id='word_1_868' title='bbox 1932 5627 2054 5683; x_wconf 83' lang='lat' dir='ltr'>viro</span> <span class='ocrx_word' id='word_1_869' title='bbox 2077 5638 2179 5695; x_wconf 90' lang='lat' dir='ltr'>per</span> <span class='ocrx_word' id='word_1_870' title='bbox 2198 5615 2398 5674; x_wconf 90' lang='lat' dir='ltr'>omnia</span> <span class='ocrx_word' id='word_1_871' title='bbox 2420 5609 2760 5667; x_wconf 89' lang='lat' dir='ltr'>doctissimo</span> <span class='ocrx_word' id='word_1_872' title='bbox 2783 5609 2998 5664; x_wconf 92' lang='lat' dir='ltr'>domno</span> <span class='ocrx_word' id='word_1_873' title='bbox 3017 5604 3301 5695; x_wconf 90' lang='lat' dir='ltr'>Gotbaldo</span> <span class='ocrx_word' id='word_1_874' title='bbox 3314 5604 3589 5695; x_wconf 80' lang='lat' dir='ltr'>episcopo</span> 
     </span>
    </p>
   </div>
   <div class='ocr_carea' id='block_1_112' title="bbox 1931 5692 3591 5783">
    <p class='ocr_par' dir='ltr' id='par_1_112' title="bbox 1931 5692 3591 5783">
     <span class='ocr_line' id='line_1_112' title="bbox 1931 5692 3591 5783; baseline -0.01 -16"><span class='ocrx_word' id='word_1_875' title='bbox 1931 5712 2019 5769; x_wconf 84' lang='lat' dir='ltr'>vel</span> <span class='ocrx_word' id='word_1_876' title='bbox 2048 5692 2447 5783; x_wconf 75' lang='lat' dir='ltr'>approbanda,</span> <span class='ocrx_word' id='word_1_877' title='bbox 2475 5717 2578 5756; x_wconf 88' lang='lat' dir='ltr'>seu</span> <span class='ocrx_word' id='word_1_878' title='bbox 2602 5698 2913 5754; x_wconf 84' lang='lat' dir='ltr'>refutanda</span> <span class='ocrx_word' id='word_1_879' title='bbox 2932 5692 3591 5765; x_wconf 88' lang='lat' dir='ltr'>commendavi.thuia</span> 
     </span>
    </p>
   </div>
   <div class='ocr_carea' id='block_1_113' title="bbox 1930 5783 3591 5863">
    <p class='ocr_par' dir='ltr' id='par_1_113' title="bbox 1930 5783 3591 5863">
     <span class='ocr_line' id='line_1_113' title="bbox 1930 5783 3591 5863; baseline -0.013 -3"><span class='ocrx_word' id='word_1_880' title='bbox 1930 5801 2031 5860; x_wconf 88' lang='lat' dir='ltr'>ille</span> <span class='ocrx_word' id='word_1_881' title='bbox 2057 5801 2179 5856; x_wconf 81' lang='lat' dir='ltr'>haec</span> <span class='ocrx_word' id='word_1_882' title='bbox 2203 5792 2314 5852; x_wconf 89' lang='lat' dir='ltr'>sibi</span> <span class='ocrx_word' id='word_1_883' title='bbox 2340 5793 2510 5863; x_wconf 84' lang='lat' dir='ltr'>grata</span> <span class='ocrx_word' id='word_1_884' title='bbox 2535 5785 3093 5860; x_wconf 87' lang='lat' dir='ltr'>dijudicavit,vestro</span> <span class='ocrx_word' id='word_1_885' title='bbox 3115 5801 3231 5841; x_wconf 92' lang='lat' dir='ltr'>non</span> <span class='ocrx_word' id='word_1_886' title='bbox 3254 5783 3591 5856; x_wconf 83' lang='lat' dir='ltr'>ingrataju-</span> 
     </span>
    </p>
   </div>
  </div>
