3900 6384
363 438 435 501 31
1286 436 1848 499 ERCHAMBERTI
1895 435 2300 499 FRISINGEZV

2122 436 2434 499 NGENSIS
2478 438 2854 500 EPISCOPI.
3709 437 3786 499 39

363 570 517 629 dicio
540 567 929 629 examinanda
980 569 1286 626 destinavi.
1322 569 1511 626 Simul
1542 571 1600 626 et
1628 567 1737 625 hoc
1784 568 2009 637 scitote,
2044 570 2098 637 Α
2130 571 2368 627 Rhenus
2401 569 2472 626 ab
2497 569 2771 627 Ausoniis
2802 556 3163 628 descendens
3196 559 3499 629 montibus
3528 569 3686 641 altis,

364 663 523 736 quod
552 677 658 717 nec
690 660 749 715 in
780 676 912 715 cera
940 659 1030 716 vel
1059 659 1119 715 in
1152 659 1355 716 tabula
1397 659 1517 715 haec
1575 659 1855 731 expressi,
1891 659 2016 725 sed,

363 752 519 809 sicut
548 751 607 807 in
640 750 1028 823 praesentibus
1059 750 1277 807 scholis
1307 750 1526 805 dictata
1572 753 1733 817 sunt,
1769 750 1852 805 ita
1880 754 2020 805 sunt

360 840 527 897 vobis
556 840 812 896 directa:
839 843 903 894 ut
924 839 973 895 si
1005 839 1201 895 forsan
1235 856 1431 895 coram
1464 838 1613 894 lecta
1644 856 1759 893 non
1793 838 2019 910 placue-

361 928 500 997 rint,
524 946 641 984 non
672 928 750 983 sit
780 927 947 985 dolor
975 929 1387 1001 perisse,quod
1422 932 1655 983 constat
1674 927 1788 983 vile
1812 927 2012 982 fuisse.

361 1019 425 1075 In
454 1018 634 1091 priori
665 1018 904 1090 quidem
937 1034 1110 1090 opere
1138 1017 1408 1073 Anicium
1442 1016 1705 1072 Boetium
1733 1034 1864 1072 sum
1892 1017 2016 1071 imi-

358 1111 538 1174 tatus,
573 1107 631 1161 in
656 1107 769 1163 isto
800 1124 933 1162 vero
978 1106 1243 1178 Prosperi
1277 1105 1460 1162 nostri
1496 1122 1721 1160 morem
1752 1121 1818 1160 ex
1851 1109 2014 1176 parte

359 1201 620 1253 secutus.
647 1198 735 1251 Tu
760 1214 915 1262 vero,
939 1197 1142 1250 doctor
1162 1193 1564 1267 sagacissime,
1587 1195 1807 1266 lynceis
1829 1194 2013 1249 oculis

358 1287 415 1341 in
442 1286 660 1341 talibus
683 1290 875 1354 utens,
901 1283 1267 1340 orationibus
1290 1283 1407 1338 tuis
1438 1300 1530 1338 me
1561 1284 2013 1355 adjuva,quate-

358 1392 473 1432 nus
495 1376 565 1431 ad
591 1378 826 1447 portum
849 1372 1062 1444 quietis
1084 1373 1437 1444 quandoque
1455 1388 1729 1443 prospere
1750 1376 2011 1426 evectum

359 1464 567 1519 audias
591 1479 686 1518 me
718 1462 870 1517 inter
898 1460 1234 1517 laetissimos
1265 1459 1529 1515 celeuma
1559 1476 1627 1513 ex
1659 1459 1774 1514 alto
1801 1476 2012 1513 canen-

358 1557 499 1609 tem.
519 1553 734 1608 Sancta
756 1554 813 1607 et
833 1549 1243 1622 inseparabilis
1283 1549 1544 1604 Trinitas
1563 1566 1663 1603 vos
1686 1564 1818 1603 enm
1851 1549 2009 1603 omni

356 1658 532 1715 grege
584 1643 776 1695 vestro
831 1640 977 1695 bene
1030 1638 1219 1694 valere
1256 1637 1450 1704 faciat,
1488 1638 1599 1693 mei
1635 1636 2012 1692 memorande

357 1747 591 1803 semper
622 1728 681 1784 in
714 1743 851 1784 aevo.
883 1729 1089 1784 Amen.

426 1863 470 1919 Ο
504 1862 639 1917 felix
666 1865 827 1917 vates
867 1858 1116 1916 senioris
1146 1857 1384 1913 nomine
1414 1857 1648 1928 dignus,

2130 661 2192 716 In
2227 659 2635 732 Brigantinum
2667 676 2827 716 mare
2859 677 2922 715 se
2952 665 3225 734 stagnare
3251 660 3500 723 videtur.

2125 747 2379 820 Antiquo
2411 766 2478 804 ex
2511 749 2683 804 fluvio
2716 751 2798 805 sic
2830 750 3023 806 dictus
3052 750 3288 806 nomine
3320 751 3559 820 Pontus,

2127 838 2234 904 Qui
2270 840 2443 894 modo
2477 840 2822 895 Podamicus
2853 841 3142 895 vocitatur
3173 840 3404 913 gurgite
3435 845 3589 897 noto.

2126 927 2196 982 Et
2227 929 2369 982 dum
2403 944 2464 982 se
2495 928 2753 982 extendit
2778 928 2999 983 circum
3031 945 3134 1000 per
3164 928 3339 1000 longa
3368 930 3618 995 viarum,

2127 1017 2444 1072 Fertilitate
2475 1019 2566 1071 sui
2601 1017 2779 1073 nullis
2813 1023 3010 1073 manet
3033 1018 3485 1091 zequiparandus

2128 1104 2518 1174 Fluminibus,
2553 1110 2838 1178 prazstans
2870 1108 3083 1179 piscosi
3113 1109 3399 1181 germinis
3427 1125 3659 1182 agmen.

2125 1195 2270 1249 Hinc
2303 1213 2501 1266 aaquor
2530 1196 2788 1251 medium
2824 1201 2983 1252 secat
3012 1201 3070 1252 et
3099 1197 3508 1269 complectitur
3552 1199 3782 1263 urbem,

2124 1284 2371 1338 Nomine
2404 1302 2531 1356 qua:
2564 1286 2779 1357 proprii
2815 1290 2903 1340 est
2935 1286 3089 1358 regis
3117 1286 3461 1343 Constantia
3494 1287 3670 1355 dicta,

2123 1374 2309 1437 Quam
2343 1372 2619 1427 Salomon
2655 1392 2809 1429 nunc
2843 1376 3087 1431 antistes
3117 1376 3488 1434 clarissimus
3517 1380 3706 1445 ornat,

2122 1461 2397 1516 Doctrina
2426 1468 2483 1516 et
2516 1464 2728 1534 pietate
2758 1465 2859 1518 Dei
2892 1466 3169 1537 cultuque
3199 1466 3515 1539 benignus.

2122 1549 2265 1604 Exin
2298 1552 2678 1623 progrediens
2712 1552 2864 1624 parit
2893 1556 3114 1609 Auvam
3146 1554 3363 1626 cespite
3393 1557 3634 1624 claram,

2123 1637 2321 1694 Insula
2351 1656 2474 1709 qua:
2507 1644 2596 1695 est
2626 1640 2754 1695 aliis
2785 1642 3155 1712 praestantior
3182 1643 3369 1716 Augia
3400 1643 3542 1700 sola.

2118 1730 2307 1799 Auget
2338 1727 2493 1783 enim
2526 1728 2779 1784 indoctis
2810 1730 3043 1785 doctam
3087 1747 3224 1786 cum
3267 1732 3540 1803 dogmate
3571 1734 3781 1799 vitam,

2122 1816 2349 1873 Fertilis
2382 1817 2692 1874 arboribus
2717 1835 2851 1873 cum
2881 1819 3099 1875 vitibus
3131 1820 3390 1893 undique
3418 1821 3631 1877 cincta.

507 1906 826 1962 “⁹“⁶“.’“”“””
868 1906 1115 1916 “”’“”“’”
1147 1906 1379 1957 ’”””“ῖ“.”
1419 1906 1648 1956 ““’⁰ἱ““’⁷
2119 1907 2242 1970 Quo
2276 1906 2446 1961 ﬂores
2476 1912 2722 1962 vernant
2752 1924 3002 1980 semper,
3040 1926 3154 1980 quo
3188 1909 3311 1964 lilia
3342 1910 3584 1982 spirant.

497 1953 803 2008 Poscimus
834 1952 1095 2021 optatam
1128 1948 1226 2002 det
1254 1947 1361 2001 tibi
1394 1946 1664 2001 Christus
1694 1950 2008 2015 opem,etc.
2042 1940 2090 2007 B
2120 1996 2253 2021 nn“
2287 2011 2377 2021 ,Μ
2410 1996 2593 2021 mm,
2627 2012 2805 2021 “mm
2859 2000 2907 2021 λι
2943 2013 3070 2021 A___
3108 1997 3427 2021 “mu,”
3463 2014 3584 2021 _‘_‘

351 2090 503 2147 Sane
534 2090 850 2157 antequam
873 2085 944 2139 de
965 2081 1101 2138 Vita
1121 2081 1307 2137 sancti
1327 2080 1475 2136 Galli
1500 2079 1722 2152 aliquid
1747 2083 2009 2152 tangam,

351 2178 423 2234 de
451 2178 666 2232 sanctas
705 2171 1016 2230 Trinitatis
1044 2169 1301 2227 essentia
1328 2167 1416 2225 vel
1448 2168 1783 2225 substantia
1826 2186 2014 2241 pauca

351 2265 564 2333 dicam,
596 2266 707 2319 etc.

422 2352 617 2409 Primo
648 2366 810 2418 sane,
830 2352 1149 2421 antequam
1172 2349 1244 2404 de
1266 2347 1397 2402 Vita
1428 2348 1614 2402 sancti
1647 2345 1795 2403 Galli
1815 2350 2014 2419 tanga-

351 2441 602 2511 mus,'de
622 2439 742 2497 situ
766 2435 968 2512 patrias
990 2438 1169 2509 hujus
1191 2440 1247 2493 et
1269 2435 1616 2491 ﬂuminibus
1638 2436 1788 2507 ejus,
1822 2435 2010 2491 Rheni

350 2531 575 2590 scilicet
603 2534 663 2587 et
683 2527 956 2597 Danubii,
981 2526 1296 2583 dicendum
1319 2524 1664 2581 summatim
1687 2529 1879 2580 ratum
1900 2525 2008 2580 du-

348 2621 566 2678 ximus.

349 2711 517 2766 Nunc
547 2707 806 2782 primum
840 2705 969 2762 loca
1000 2708 1309 2777 tangentes
1339 2719 1474 2759 cum
1507 2700 1749 2758 ﬂumine
1783 2702 2005 2771 Rheno,

349 2800 413 2856 In
444 2799 663 2871 quibus
694 2800 785 2853 est
818 2798 1219 2853 commoratus
1251 2792 1640 2864 dignissimus
1669 2792 1861 2862 heros,
1894 2796 2003 2848 etc.

347 2889 464 2944 Has
494 2889 727 2958 Europa
753 2889 914 2941 tenet
942 2884 1135 2956 prisco
1166 2882 1278 2939 sub
1310 2880 1548 2936 nomine
1578 2886 1802 2953 gentes,

346 2980 503 3043 Quas
531 2977 726 3031 Hister
753 2990 953 3031 secum
985 2973 1196 3028 retinet
1222 2970 1469 3026 divortia
1500 2969 1707 3025 Rheni.

346 3067 416 3122 Et
446 3065 590 3122 satis
621 3065 758 3119 hinc
789 3064 1036 3129 dictum,
1061 3061 1285 3116 clarum
1310 3076 1465 3115 nunc
1488 3076 1735 3131 persona
1761 3059 2000 3115 ﬂumen.

2120 1996 2254 2059 Quae
2287 2011 2379 2049 me
2410 1996 2598 2049 nutrit
2624 2012 2828 2063 ovans,
2855 2000 2911 2051 et
2941 2013 3074 2051 cum
3108 1997 3430 2053 nutrimine
3462 2002 3666 2054 saneto
3693 2018 3707 2067 ;

2122 2086 2309 2150 Quam
2341 2082 2541 2139 laudet
2570 2084 2891 2156 populus...
2925 2084 3062 2141 hinc
3094 2102 3283 2158 usque
3312 2086 3625 2145 Britannos

2120 2172 2303 2243 Cujus
2334 2173 2502 2228 adest
2531 2173 2867 2229 Folcwinus
2893 2177 3113 2243 custos,
3147 2174 3467 2245 Candidus,
3502 2177 3709 2245 abbas,

2121 2264 2408 2334 Tempore
2437 2263 2537 2333 qui
2570 2261 2743 2335 longo
2775 2262 2971 2319 salvus
3004 2263 3081 2320 sit
3110 2264 3326 2320 charus
3356 2266 3591 2338 adopto,

2120 2352 2190 2407 Et
2221 2350 2425 2407 multis
2454 2350 2627 2407 annis
2658 2351 2979 2425 tranquilla
3010 2369 3153 2426 pace
3181 2354 3429 2410 fruatur.

2121 2439 2425 2495 Possideat
2456 2439 2583 2496 sine
2613 2440 2728 2496 ﬁne
2761 2458 2939 2509 novin,
2973 2447 3030 2498 et
3061 2460 3210 2499 nova
3237 2444 3453 2518 gaudia
3478 2445 3629 2513 vitae,
3661 2449 3781 2502 ebc.

2118 2529 2268 2596 Quin
2301 2529 2497 2602 potius
2529 2535 2772 2586 cunctos
2802 2530 3106 2587 dimittens
3138 2548 3235 2589 ore
3267 2532 3558 2607 Pelasgos,
3670 2578 3673 2583 ν

2117 2620 2330 2675 Totum
2364 2634 2427 2673 se
2454 2622 2649 2674 versat
2680 2618 2912 2675 Gallum
2945 2624 3177 2678 cantate
3206 2621 3466 2691 beatum,
3568 2623 3779 2698 V[num,

2118 2706 2370 2776 Gallum,
2394 2705 2659 2780 inquam,
2686 2708 2940 2779 Domini,
2967 2715 3236 2767 sanctum
3259 2715 3316 2767 et
3336 2712 3547 2785 pietate
3567 2712 3780 2788 benig-

2118 2797 2297 2868 Cujus
2324 2814 2522 2852 amore
2548 2797 2786 2868 quidem
2806 2797 3080 2871 cupimus
3094 2817 3200 2855 nos
3215 2801 3467 2859 scribere
3479 2804 3775 2876 quasdam.

2116 2885 2228 2940 Sed
2250 2890 2313 2940 tu
2346 2885 2564 2942 blanda
2609 2903 2790 2943 manu
2843 2887 2965 2943 haec
3015 2892 3079 2944 tu
3110 2906 3183 2945 ne
3213 2889 3467 2962 scindas,
3501 2893 3777 2950 Homere.

2114 2974 2263 3040 Quin
2295 2974 2468 3030 etiam
2503 2991 2751 3048 magnas
2779 2978 3010 3051 magnis
3041 2981 3293 3037 concede
3323 2980 3659 3055 magistris:

2112 3063 2186 3116 At
2216 3070 2422 3133 parvas
2455 3065 2649 3135 parvis
2682 3068 2915 3120 nostras
2946 3066 3021 3121 da
3050 3067 3332 3125 carminis
3362 3069 3525 3126 edas.

1686 3378 1848 3424 ANNO
1892 3379 2107 3425 DOMINI
2152 3381 2292 3425 DCCC
2301 3382 2431 3427 LIII.

1288 3512 2833 3680 ERGHAMBERTUS
2892 3612 2901 3621 -

1584 3743 2085 3802 FRISINGENSIS
2123 3745 2532 3804 EPISCOPUS.

1004 3971 1404 4043 NOTITIA
1483 3971 2007 4042 HlSTORlCA
2086 3972 2179 4042 IN

2257 3974 3089 4051 ERCHAMBEBTUM.

1461 4112 1735 4182 (Fabric,
1770 4110 2045 4167 Biblioth.
2080 4113 2233 4167 med.
2264 4116 2321 4168 et
2350 4113 2453 4167 inf.
2490 4115 2638 4183 Lat.)

410 4346 824 4426 Eacuaimaa'ri
847 4344 1243 4426 fragmentum
1256 4345 1609 4426 etgrb‘reaiarzio
1622 4362 1809 4418 regum
1834 4348 2002 4426 Fran:
2025 4349 2068 4414 C
2108 4348 2470 4426 Scriptorum
2502 4349 2573 4426 de
2605 4348 3217 4426 rebus_Francorum,
3233 4368 3365 4426 pag.
3393 4354 3520 4424 780,
3549 4356 3681 4423 781,
3709 4360 3768 4413 et

337 4433 532 4490 mrum
582 4423 633 4490 et
684 4415 1148 4490 majgrunulomus
1191 4434 1244 4490 a_
1270 4416 1624 4490 Chlodhario
1682 4415 1870 4490 usque
1923 4420 1993 4473 ad

336 4486 1098 4555 TheodoricumDagobcrti
1115 4488 1372 4558 junioris
1396 4488 1734 4557 ﬁlium,sive
1754 4486 1996 4545 abanno

333 4561 441 4615 613
456 4559 529 4614 ad
547 4561 659 4613 727
678 4559 833 4631 apud
861 4559 1351 4623 Freherum,tom.
1379 4561 1400 4614 Ι
1423 4561 1787 4631 Scriptorum
1824 4562 1998 4616 Fran-

334 4648 560 4700 corum,
584 4647 717 4705 pag.
743 4631 875 4698 167;
908 4631 1061 4703 apud
1087 4632 1379 4688 Andream
1402 4632 1482 4687 du
1513 4631 1761 4698 Chesne,
1795 4636 1938 4688 tom.
1973 4632 1995 4689 Ι

2109 4419 2264 4501 apud
2296 4419 2646 4501 Ruinartum
2679 4421 2754 4501 ad
2782 4421 3130 4501 Gregorium
3172 4419 3597 4501 Turdnensgm,
3628 4419 3763 4501 pag.

2110 4492 2267 4563 1352.
2300 4490 2446 4545 Vide
2494 4496 2551 4545 et
2594 4492 2861 4548 Carolum
2899 4490 2991 4549 Le
3034 4494 3255 4563 Cointe,
3292 4499 3431 4551 tom.
3467 4495 3539 4552 IV
3567 4490 3764 4554 Anna-

2108 4559 2278 4629 lium,
2309 4578 2442 4635 pag.
2479 4564 2599 4618 176.

345 4768 3751 4803 W

1638 4927 2453 5018 ERCHAMBERTI

446 5098 732 5176 Epistula
759 5098 839 5157 ad
870 5117 1017 5158 suos
1046 5097 1124 5158 de
1155 5116 1420 5178 corpore
1449 5097 1651 5159 sancti
1683 5095 2139 5159 Bartholomiei
2170 5099 2443 5179 apostoli
2472 5099 2536 5159 in
2566 5099 2903 5174 Boiariam,
2938 5106 3010 5161 ut
3038 5101 3383 5175 ferebatur,
3420 5101 3639 5162 allato.

1481 5247 1637 5318 (Pez,
1667 5245 2008 5303 Thesaurus
2035 5247 2277 5317 Anecd.,
2311 5252 2453 5304 tom.
2486 5247 2610 5317 VI.)

402 5467 997 5537 Eacnmsaarusﬁei
1016 5470 1204 5543 gratia
1224 5470 1753 5539 donante,humilis
1767 5472 1985 5543 episco-
2015 5474 2062 5538 D
2095 5472 2229 5527 dam
2248 5473 2611 5541 vir,nomin‘:
2642 5473 2936 5545 Felix,per
2958 5472 3209 5530 missum
3241 5490 3416 5529 suum
3450 5473 3757 5531 domanda-

335 5569 466 5623 pus,
499 5555 776 5612 omnibus
810 5559 1087 5614 fratribus
1119 5558 1347 5613 Christo
1379 5558 1771 5616 militantibus
1803 5561 1861 5615 in
1885 5560 1992 5615 Do-

337 5640 497 5695 mino
530 5643 779 5698 salutem
792 5687 804 5698 .

410 5726 672 5797 Denique
704 5740 1014 5800 cognoscat
1034 5734 1435 5792 benevolentia
1456 5741 1649 5794 vestra
1679 5738 1832 5806 quod
1857 5738 1986 5808 qui~

2099 5562 2178 5615 vit
2210 5562 2425 5617 seniori
2458 5565 2659 5617 nostro
2693 5562 3058 5634 rege,dicens
3089 5579 3152 5618 se
3185 5580 3397 5635 corpus
3432 5562 3491 5619 S.
3521 5563 3756 5619 Bartho-

2101 5648 2287 5705 lomzei
2311 5650 2554 5720 apostoli
2575 5654 2631 5705 et
2650 5651 2897 5707 aliorum
2919 5656 3257 5707 sanctorum
3289 5668 3532 5723 corpora
3554 5644 3751 5709 sebum

2098 5738 2313 5794 nostris
2345 5740 2611 5809 partibus
2642 5739 2919 5798 detulere.
2953 5742 3115 5807 Quod
3149 5758 3255 5798 nos
3288 5756 3422 5797 cum
3453 5740 3668 5813 gaudio
3696 5742 3753 5796 et
