3900 6442
246 545 328 605 45
855 546 958 607 DE
1002 544 1649 609 DISSENSIONIBUS
1696 542 2079 608 FILIORUM
2127 546 2493 609 LUDOVICI
2542 545 2667 609 PII.
2715 583 2791 594 —
2835 549 2986 610 LIB.
3032 549 3080 611 Ι.
3592 546 3671 610 46

246 682 361 745 set,
394 694 532 734 voce
562 692 777 751 magna
805 680 1225 752 pronuntiavit,
1251 680 1451 736 dicens
1480 698 1492 735 :
1526 678 1907 735 Constantino
1936 680 1990 747 Α
2022 679 2202 747 utilis,
2237 685 2297 735 at
2325 680 2383 735 in
2415 680 2715 754 republica
2737 682 3110 739 versantibus
3136 681 3309 755 plane
3346 682 3679 739 necessaria

248 766 566 823 universali
626 768 973 839 patriarchae
1024 767 1245 824 multos
1291 785 1496 835 annos,
1549 790 1577 819 »

1631 773 1740 823 etc.
1784 768 1913 824 Haec
2023 773 2133 837 est)
2162 769 2404 843 tibique,
2438 772 2580 843 quid
2612 772 2825 828 melius
2856 771 3007 841 istis,
3041 771 3393 841 occurrerit;
3427 787 3520 828 me
3550 786 3677 828 eru-

244 871 405 920 vero,
437 857 783 929 neutiquam
812 874 846 912 a
876 875 969 913 me
1001 876 1104 930 pro
1135 858 1287 914 veris
1309 857 1477 930 plene
1504 861 1728 913 asserta
1750 874 1916 913 nove-

2023 859 2265 916 ditionis
2298 866 2409 916 tuae
2441 878 2788 934 praeconem,
2814 862 3015 935 tuique
3041 878 3353 935 sequacem
3376 860 3674 918 invenisti.

248 943 353 1013 ris,
407 944 606 1001 lector.
659 945 954 1014 Quinimo,
1008 947 1057 1002 si
1104 947 1257 1003 hanc
1306 946 1693 1003 litteraturam
1735 946 1912 1003 calles
2022 949 2235 1005 Fruere
2265 950 2487 1006 interea
2516 953 2575 1005 et
2600 951 2745 1006 vive.

246 1033 399 1105 (quae
430 1034 490 1089 in
523 1035 739 1091 forensi
769 1035 1005 1108 quidem
1036 1037 1291 1110 palestra
1320 1037 1749 1093 desudantibus
1779 1054 1911 1109 per-

2456 1038 2703 1110 Sapienti
2727 1057 2905 1112 pauca
2931 1041 3235 1113 sufﬁciunt.

1520 1370 2397 1471 NITHARDI

738 1556 1098 1604 ANGILBERTI
1141 1558 1309 1617 FILII,
1357 1556 1573 1602 οΑιιοιι
1616 1556 1812 1602 ΠΔϐΝΙ
1854 1557 2177 1604 ΙΜΡΕΒΔΤΟ]

2098 1558 2261 1604 ιὀιῑῐε
2306 1559 2386 1602 EX
2429 1559 2670 1603 BERTIIA
2714 1559 2874 1603 FILIA
2921 1559 3188 1616 NEPOTIS,

671 1713 814 1797 DE
872 1710 1798 1800 DISSENSIONIBUS
1861 1709 2443 1800 FILIORUM
2499 1712 3070 1801 LUDOVICI
3126 1716 3267 1799 PII

1609 1865 1830 1935 LIBRI
1880 1863 2316 1949 QUATUOR.

1556 1987 1674 2067 (Ad
1708 2005 1946 2049 annum
1978 2006 2178 2067 usque
2207 1988 2377 2067 843.)

1224 2099 1316 2151 AD
1352 2097 1665 2151 CAROLUM
1706 2092 1977 2151 CALVUM
2011 2098 2419 2152 FRANCOBUM
2461 2098 2703 2151 REGEM.

322 2222 520 2276 Recens
550 2237 584 2275 a
608 2220 896 2294 mentitae!
924 2220 1363 2294 corruptionibas
1396 2221 2040 2294 innumerispxpurgati,
2070 2222 2275 2291 partim
2305 2237 2400 2292 ope
2429 2222 2785 2294 vetustissimi
2812 2234 2913 2275 ms.
2949 2220 3167 2294 codicis,
3200 2224 3299 2294 qui
3326 2229 3502 2279 exstat
3530 2224 3585 2278 in

622 2292 940 2348 bibliotheca
971 2293 1035 2347 1).
1070 2292 1371 2348 Alexandri
1396 2294 1585 2348 Petunt
1614 2292 1670 2346 S.
1702 2292 1789 2358 P.,
1820 2294 2027 2364 partim
2051 2294 2373 2364 conjecturis
2404 2310 2435 2348 a
2466 2309 2629 2348 sensu
2659 2293 2908 2348 historia?
2938 2292 3258 2365 desumptik.

1565 2507 1678 2594 LI
1692 2507 1892 2595 BER
1948 2506 2370 2598 PRIMUS

1765 2664 2137 2677 -—_.

884 2740 1280 2796 PRZEF‘ATIO.

319 2828 492 2897 Cum,
527 2831 592 2883 ut
620 2828 862 2900 optime,
895 2827 977 2883 mi
1006 2828 1262 2897 domine,
1288 2828 1464 2896 nosti,
1484 2829 1612 2899 jam
1644 2843 1790 2899 pene
1813 2845 1912 2882 an-

250 2917 343 2974 nis
375 2918 611 2973 duobus
640 2917 865 2973 illatam
917 2934 951 2973 a
998 2918 1175 2972 fratre
1222 2922 1414 2973 vestro
1442 2916 1909 2989 persecutionem

248 3023 351 3061 vos
407 3006 703 3079 vestrique
763 3006 922 3061 haud
977 3021 1277 3078 quaquam
1345 3004 1538 3060 meriti
1596 3004 1910 3076 patercmi-

250 3094 332 3162 ni,
387 3099 705 3168 antequam
767 3093 1237 3149 Cadhellonicam
1302 3094 1713 3149 introissemus
1771 3093 1909 3148 civi-

255 3186 461 3251 tatem,
519 3183 897 3258 prmcepistis,
970 3186 1035 3237 ut
1114 3198 1208 3237 res
1272 3182 1484 3239 vestris
1547 3181 1913 3254 temporibus

253 3277 455 3345 gestas
484 3273 619 3345 styli
651 3272 843 3328 ofﬁcio
875 3270 1170 3327 memoriae
1210 3271 1522 3326 traderem.
1573 3270 1915 3343 Opportuna

252 3362 496 3434 quidem
528 3360 872 3433 placidaque
903 3376 1013 3428 res,
1050 3360 1252 3427 fateor,
1290 3360 1478 3416 fuerat
1506 3364 1815 3433 prmcepta,
1863 3361 1910 3415 si

252 3450 442 3505 otium
492 3448 640 3504 tanti
692 3448 910 3521 negotii
960 3453 1024 3503 ut
1070 3448 1247 3521 digne
1299 3453 1737 3521 exsequeretur,
1768 3449 1911 3505 fuis-

252 3543 341 3594 set
372 3554 744 3594 concessum.
796 3538 962 3594 Nunc
1011 3541 1207 3594 autem
1257 3538 1305 3594 si
1358 3539 1500 3611 quid
1555 3538 1774 3606 minus,
1824 3539 1913 3595 vel

253 3627 542 3685 incultius
595 3644 772 3700 quam
818 3628 1158 3699 oportuerit,
1211 3646 1315 3701 pro
1363 3645 1558 3684 rerum
1620 3629 1913 3701 magnitu-

253 3717 389 3773 dine
420 3716 559 3773 huic
590 3717 749 3790 operi
781 3715 1122 3773 inveneritis
1154 3717 1462 3785 insertum,
1496 3722 1659 3774 tanto
1693 3718 1917 3773 facilior

251 3806 421 3865 venia
449 3790 674 3863 a'vobis
702 3805 1032 3878 vestrisque
1063 3805 1209 3860 mihi
1252 3807 1517 3876 debetur,
1553 3811 1771 3879 quanto
1820 3824 1916 3863 me

254 3895 441 3951 nostis
470 3895 674 3952 eodem
707 3894 941 3950 turbine
989 3911 1104 3967 quo
1155 3899 1213 3950 et
1259 3912 1385 3965 vos,
1416 3896 1557 3951 dum
1606 3896 1714 3951 hoc
1763 3914 1913 3970 opus

1939 2740 1987 2805 B
2017 2741 2236 2794 terrore
2266 2737 2348 2794 ita
2370 2740 2742 2811 repressit,ut
2760 2740 2905 2796 nihil
2924 2741 2982 2796 in
3021 2741 3267 2815 imperio
3308 2742 3500 2800 moliri
3541 2761 3680 2817 prm-

2018 2830 2109 2882 ter
2136 2828 2290 2898 quod
2325 2828 2570 2900 publica:
2595 2829 2834 2885 utilitati
2859 2832 3236 2904 congruebat,
3252 2832 3560 2889 manifesto
3582 2851 3680 2889 au-

2022 2916 2540 2989 derent.Regnavit
2571 2917 2817 2974 feliciter
2846 2936 2949 2990 per
2977 2936 3165 2975 annos
3196 2921 3345 2977 duos
3374 2926 3433 2977 et
3470 2921 3679 2994 trigin-

2022 3007 2101 3070 ta,
2134 3003 2486 3076 imperiique
2514 3006 2912 3078 gubernacula
2943 3007 3329 3064 nihilominus
3359 3025 3494 3064 cum
3517 3010 3680 3065 omni

2020 3090 2295 3147 felicitate
2324 3110 2429 3164 per
2457 3111 2643 3149 annos
2665 3095 3113 3166 quatuordecim
3146 3096 3427 3168 possedit.

2098 3182 2288 3237 llazres
2304 3185 2501 3237 autem
2521 3186 2694 3238 tanta:
2713 3181 3099 3240 sublimitatis
3116 3169 3515 3242 Lodhuwicus
3538 3185 3683 3242 ﬁlio-

2023 3287 2156 3325 rum
2169 3270 2218 3340 ej
2230 3272 2466 3341 usjusto
2480 3271 2856 3328 matrimonio
2869 3277 3280 3345 susceptorum
3298 3273 3677 3344 novissimus,

2024 3359 2246 3415 caeteris
2294 3361 2733 3430 decedentibus,
2781 3362 3083 3418 successit.
3122 3363 3253 3429 Qui,
3284 3366 3350 3418 ut
3380 3380 3484 3437 pro
3527 3367 3685 3420 certo

2026 3453 2250 3521 patrem
2283 3449 2500 3505 obiisse
2529 3451 2815 3521 comperit
2845 3450 3014 3523 (815).
3041 3452 3239 3523 Aquas
3270 3451 3343 3508 ab
3372 3453 3687 3524 Aquitania

2024 3539 2293 3611 protinus
2326 3538 2508 3595 venit:
2527 3556 2642 3611 quo
2668 3539 2928 3611 undique
2962 3540 3035 3595 ad
3069 3557 3131 3596 se
3155 3540 3483 3597 venientem
3505 3558 3687 3613 popu-

2025 3627 2170 3698 lum",
2206 3629 2430 3700 absque
2461 3628 2724 3701 quolibet
2753 3628 3322 3701 impedimento,sua3
3351 3630 3560 3685 ditioni
3580 3631 3681 3686 ad-

2024 3717 2196 3785 dixit;
2229 3717 2300 3773 de
2330 3715 2574 3786 caeteris,
2608 3717 2708 3789 qui
2737 3717 2848 3772 sibi
2890 3717 3113 3773 creduli
3140 3717 3508 3788 videbantur,
3532 3718 3683 3776 deli-

2024 3806 2281 3864 beratus.
2317 3806 2486 3863 Initio
2519 3806 2757 3879 quidem
2797 3806 3028 3879 imperii
3077 3806 3335 3879 suscepti
3366 3808 3681 3880 pecuniam

2024 3895 2249 3968 ingenti
2279 3912 2524 3951 numero
2554 3913 2588 3951 a
2619 3900 2780 3967 patre
2811 3894 3074 3950 relictam
3106 3894 3392 3950 trifariam
3423 3896 3682 3952 dividere

255 3985 603 4057 peregerim,
664 4000 794 4040 esse
858 3984 1164 4056 agitatum.
1227 3984 1523 4039 Prmterire
1581 3991 1778 4041 autem
1846 4003 1915 4041 ea
2014 3986 2283 4057 jussit,et
2311 4002 2489 4040 unam
2522 3989 2748 4056 partem
2782 3984 2840 4037 in
2873 4000 3114 4039 causam
3138 3983 3361 4039 funeris
3381 3985 3677 4056 expendit,

256 4089 383 4144 qua;
412 4073 783 4147 temporibus
833 4073 912 4145 pii
962 4074 1146 4145 patris
1193 4073 1369 4130 vestri
1400 4077 1566 4145 gesta
1592 4078 1751 4142 sunt,
1785 4074 1912 4129 dis-
1952 4109 1995 4175 α
2025 4073 2174 4128 duas
2201 4090 2334 4127 vero
2367 4071 2520 4126 inter
2548 4088 2612 4126 se
2642 4075 2699 4126 et
2729 4087 2958 4128 sorores
2989 4087 3127 4125 suas
3150 4074 3363 4143 apatre
3373 4071 3539 4142 justo
3561 4087 3680 4128 ma-

141 4209 146 4214 .
256 4178 591 4233 posueram,
625 4163 726 4218 sed
760 4162 990 4217 facilius
1038 4162 1279 4217 cuilibet
1319 4163 1531 4233 legenti
1578 4163 1909 4218 altercatio-

258 4266 399 4306 num
431 4256 764 4307 vestrarum
813 4251 1029 4306 veritas
1078 4252 1320 4322 patebit,
1365 4251 1412 4304 si
1462 4252 1753 4322 quasdam,
1787 4269 1915 4323 qua:

258 4354 363 4395 suo
394 4340 454 4397 in
487 4345 751 4413 tempore
791 4339 1108 4412 contigisse
1156 4340 1447 4407 novimus,
1504 4345 1916 4396 summotenus

258 4428 654 4498 prielibavero.
702 4428 806 4484 Avi
846 4445 1081 4501 quoque
1128 4428 1371 4501 insuper
1416 4429 1591 4484 vestri
1641 4446 1919 4485 veneran-

259 4515 393 4573 dam
445 4518 795 4574 memoriam
844 4533 947 4590 per
993 4517 1192 4574 omnia
1239 4517 1548 4573 cbmittere
1579 4522 1771 4574 ratum
1804 4518 1915 4573 mi-

260 4605 416 4664 nime
439 4608 690 4664 videtur.
722 4609 802 4665 Ac
832 4624 936 4680 per
966 4607 1075 4664 hoc
1106 4611 1300 4664 textus
1344 4607 1482 4664 hinc
1528 4613 1726 4666 sumat
1753 4626 1915 4666 exor-

261 4692 444 4752 dium.

329 4786 583 4844 Karolus
611 4786 775 4842 bona:
808 4786 1190 4855 memoriae,et
1221 4788 1428 4845 merito
1461 4789 1918 4862 Magnus,impe-

262 4874 416 4928 rator
443 4876 516 4931 ab
548 4875 838 4932 universis
871 4876 1209 4933 nationibus
1238 4882 1499 4946 vocatus,
1531 4878 1676 4933 hora
1712 4877 1914 4933 videli-

262 4965 352 5015 cet
378 4962 512 5034 plus
544 4964 744 5020 minus
777 4965 890 5020 diei
921 4964 1117 5034 tertia,
1144 4965 1204 5021 in
1236 4970 1534 5021 senectute
1569 4966 1721 5022 bona
1749 4966 1916 5022 dece-

264 5047 668 5120 dens,omnem
690 5054 983 5126 Europam
1006 5055 1165 5109 omni
1197 5054 1455 5109 bonitate
1485 5056 1765 5127 repletam
1791 5056 1919 5111 roli-

263 5137 515 5207 quit.Vir
544 5141 761 5215 quippe
791 5142 951 5197 omni
984 5142 1272 5215 sapientia
1302 5148 1359 5198 et
1388 5143 1546 5198 omni
1571 5144 1914 5213 virtute,hu-

266 5239 501 5285 manum
533 5247 722 5303 genus
755 5247 863 5287 suo
890 5230 951 5287 in
982 5235 1244 5304 tempore
1274 5233 1418 5288 adeo
1458 5232 1816 5304 praecellens,
1850 5239 1917 5289 ut

265 5317 537 5375 omnibus
568 5320 769 5377 orbem
802 5320 1274 5376 inhabitantibus
1310 5320 1609 5390 terribilis,
1646 5323 1917 5378 amabilis

264 5404 592 5480 pariterque
646 5414 706 5465 et
763 5409 1128 5466 admirabilis
1178 5409 1509 5479 videretur;
1545 5428 1611 5467 ac
1658 5427 1761 5483 per
1806 5411 1917 5469 hoc

2026 4160 2301 4217 trimonio
2332 4165 2638 4231 susceptas
2669 4159 3043 4231 divisit,quas
3064 4163 3121 4214 et
3141 4158 3434 4215 instanter
3463 4177 3499 4216 a
3528 4160 3683 4233 pala-

2026 4249 2104 4304 tio
2139 4250 2209 4304 ad
2246 4266 2355 4304 sua
2384 4248 2742 4304 monasteria
2774 4248 2933 4303 abire
2964 4248 3259 4321 praecepit.
3284 4249 3514 4306 Fratres
3534 4265 3681 4321 quo-

2026 4325 2140 4409 qui)
2171 4337 2362 4393 adhuc
2406 4341 2606 4392 tenera
2654 4340 2839 4406 aetate,
2875 4337 3229 4410 Drogonem,
3266 4339 3590 4411 llugonem,
3625 4344 3684 4394 et

2027 4425 2472 4493 Theodericum,
2504 4426 2822 4498 participes
2851 4442 3067 4483 mensa:
3115 4426 3323 4497 effecit,
3358 4443 3506 4500 quos
3535 4431 3593 4484 et
3622 4428 3681 4483 in

2027 4514 2244 4589 palatio
2294 4532 2412 4570 una
2458 4531 2660 4570 secum
2710 4514 2923 4571 nutriri
2975 4515 3269 4588 praecepit,
3301 4520 3360 4572 et
3388 4514 3683 4572 Bernardo

2028 4604 2223 4678 nepoti
2272 4621 2377 4661 suo
2427 4602 2547 4660 filio
2596 4603 2826 4676 Pippini
2875 4619 3122 4676 regnum
3173 4603 3349 4660 Italiae
3393 4603 3685 4660 concessit

2027 4697 2195 4765 (818).
2230 4694 2360 4764 Qui,
2394 4693 2674 4766 quoniam
2707 4693 2779 4748 ab
2804 4702 2877 4748 eo
2908 4691 3083 4764 paulo
3113 4696 3247 4764 post
3272 4691 3502 4761 defecit,
3517 4692 3682 4765 capi-

2025 4790 2141 4853 tur,
2175 4788 2232 4840 et
2261 4801 2296 4840 a
2342 4782 2699 4839 Bertmundo
2750 4781 3166 4854 Lugdunensis
3195 4779 3504 4852 provincias
3536 4797 3682 4854 prm-

2026 4875 2173 4930 fecto
2203 4872 2532 4931 luminibus
2562 4870 2782 4943 pariter
2796 4874 2855 4926 et
2882 4869 3000 4925 vita
3029 4867 3463 4942 privatur.Hinc
3483 4873 3681 4925 autem

2026 4968 2295 5020 metuens
2326 4979 2399 5018 ne
2429 4965 2561 5034 post
2591 4959 2728 5015 dicti
2760 4959 2968 5015 fratres
2998 4958 3212 5031 populo
3245 4957 3557 5016 sollicitato
3586 4975 3682 5015 ea-

2026 5054 2159 5109 dem
2193 5053 2465 5119 facerent,
2501 5050 2573 5106 ad
2608 5052 2956 5105 conventum
2991 5047 3292 5120 publicum
3341 5064 3441 5104 eos
3487 5046 3687 5105 venire

2026 5141 2319 5214 praecepit,
2354 5139 2624 5206 totondit,
2678 5154 2745 5193 ac
2795 5154 2899 5210 per
2942 5135 3300 5194 monasteria
3336 5137 3447 5193 sub
3500 5135 3685 5192 libera

2027 5230 2294 5288 custodia
2342 5227 2774 5284 commendavit
2820 5226 2992 5299 (819).
3049 5228 3173 5292 Quo
3222 5229 3478 5298 peracto,
3531 5224 3685 5281 filios

2026 5338 2165 5377 suos
2190 5322 2352 5392 justo
2385 5316 2760 5374 matrimonio
2782 5316 3001 5387 junxit,
3035 5320 3093 5371 et
3125 5315 3466 5371 universum
3497 5313 3683 5386 impe-

2024 5411 2177 5466 rium
2212 5410 2365 5464 inter
2394 5425 2492 5464 eos
2524 5407 2605 5462 ita
2635 5405 2834 5462 divisit
2858 5406 3007 5476 (821)
3036 5409 3102 5460 ut
3132 5404 3414 5476 Pippinus
3444 5402 3684 5475 quidem

265 5505 434 5549 omne
463 5495 776 5569 imperium
809 5499 1085 5555 omnibus
1118 5500 1332 5571 modis,
1360 5506 1424 5557 ut
1449 5502 1677 5556 cunctis
1724 5503 1914 5557 mani-
1945 5478 1991 5541 D
2022 5495 2826 5572 Aquitaniam,Lodhuwicus
2859 5498 3053 5548 autem
3090 5490 3684 5565 Bajoariam,Lodba-

266 5575 407 5635 feste
435 5583 664 5654 claruit,
699 5587 1014 5643 honestum
1046 5593 1104 5644 et
1138 5589 1277 5645 utile
1309 5591 1518 5645 effecit.
1552 5591 1699 5645 Nam
1741 5608 1918 5663 super

265 5680 433 5725 omne
463 5674 619 5744 quod
649 5674 996 5731 admirabile
1025 5678 1213 5734 fateor
1244 5677 1747 5748 fore,F‘rancorum
1783 5681 1918 5735 Bar-

266 5751 657 5836 barorumque
710 5765 924 5820 ferocia
952 5782 1020 5821 ac
1052 5766 1236 5822 ferrea
1266 5751 1462 5835 corda,
1496 5786 1623 5841 qua:
1674 5786 1779 5824 nec
1814 5771 1925 5827 Ro-

265 5857 435 5904 mana
479 5855 739 5926 potentia
787 5855 1029 5913 domare
1058 5854 1262 5927 valuit,
1296 5856 1391 5913 hic
1421 5857 1584 5916 solus
1616 5860 1917 5919 moderato

2029 5590 2151 5644 rius
2180 5603 2312 5641 vero
2344 5589 2477 5657 post
2506 5583 2834 5638 discessum
2853 5582 2982 5652 ejus
3004 5582 3345 5637 universum
3366 5580 3685 5653 imperium

2033 5678 2274 5734 haberet
2305 5691 2319 5729 :
2353 5673 2445 5729 cui
2478 5677 2535 5745 et
2566 5689 2684 5726 una
2713 5687 2913 5727 secum
2946 5670 3319 5742 imperatoris
3342 5664 3557 5728 nomen
3586 5668 3689 5726 ha—

2034 5768 2169 5823 bere
2200 5762 2509 5821 concessit.
2545 5763 2771 5817 Interea
2802 5761 3197 5833 Irmengardis
3226 5761 3429 5834 regina
3468 5764 3688 5816 mater-

2028 5876 2143 5936 que
2170 5857 2406 5913 illorum
2439 5852 2786 5926 decessit,ac
2807 5848 2983 5930 paulo
3004 5854 3140 5928 post
3161 5848 3562 5916 Lodhuwicus
3581 5849 3691 5930 im_
