3900 6432
261 507 347 571 49
885 506 988 572 DE
1031 509 1674 576 DISSENSIONIBUS
1719 512 2100 576 FILIORUM
2144 517 2512 582 LUDOVICI
2551 521 2680 583 PII.
2713 555 2790 568 —
2819 521 2970 584 LIB.
3016 518 3064 587 I.
3602 521 3683 591 80

235 671 398 712 ’ΰᾶῐῐὶ
426 652 612 710 sancti
646 649 906 722 Dionysii
957 665 1074 704 una
1123 663 1257 703 cum
1307 647 1598 719 episcopis
1645 651 1701 703 et
1751 646 1909 702 omni
1941 647 1998 714 Α
2028 653 2155 721 mit,
2190 659 2254 710 ut
2285 654 2436 712 infra
2484 656 2608 712 dies
2661 662 2910 715 statutos
2958 659 3202 733 Alpibus
3252 661 3574 732 exCederet,
3609 677 3678 721 ac

261 746 428 803 clero
457 741 784 808 confluunt,
818 739 1022 795 laudes
1053 739 1169 793 Deo
1201 738 1402 792 devote
1443 737 1721 804 referunt,
1757 755 1917 792 coro-
1967 784 1984 796 ς
2030 742 2325 815 deinceps,
2375 747 2499 801 sine
2550 749 2733 819 patris
2776 750 3066 820 jussione,
3103 752 3248 807 ﬁnes
3301 751 3555 808 Francia)
3585 753 3676 810 in-

261 852 408 894 nam
438 839 497 889 et
527 848 692 888 arma
721 828 842 901 regi
876 845 982 884 suo
1015 829 1349 899 imponunt,
1373 830 1430 883 et
1459 827 1529 881 ad
1563 832 1768 881 caetera
1785 827 1920 882 deli-

259 923 525 984 beraturi
574 920 956 978 contendunt.
1011 917 1367 973 Lodharium
1426 921 1590 988 pater
1643 917 1915 988 persequi

227 1000 514 1073 distulit.
550 1013 649 1069 sed
681 1011 925 1082 legatos,
959 1009 1058 1081 qui
1093 1023 1226 1063 eum
1259 1007 1406 1062 citra
1434 1007 1607 1079 Alpes
1639 1008 1915 1064 festinare

249 1107 551 1179 juberent,
569 1104 701 1174 post
721 1099 888 1154 illum
913 1099 1143 1164 direxit,
1161 1096 1495 1170 Pippinium
1517 1098 1588 1152 ad
1614 1115 1674 1153 se
1688 1098 1916 1164 venien-

254 1201 379 1251 tem
429 1193 678 1263 benigne
721 1189 966 1260 excepit,
1000 1187 1218 1259 gratias
1267 1187 1324 1241 in
1358 1204 1444 1253 eo,
1480 1188 1632 1258 quod
1666 1205 1768 1258 pro
1801 1205 1912 1242 sua

254 1282 627 1341 restitutione
672 1279 1054 1344 laboraverat,
1088 1275 1252 1348 egit:
1301 1294 1368 1330 ac
1415 1277 1624 1332 reverti
1675 1292 1811 1331 eum
1847 1277 1908 1330 in

253 1371 660 1447 Aquitaniam,
690 1368 775 1424 uti
806 1367 1102 1440 petiverat,
1123 1366 1412 1438 permisit.
1437 1366 1582 1420 Iline
1616 1367 1751 1421 inde
1778 1367 1913 1421 ﬁde-

255 1463 362 1531 les,
399 1461 498 1535 qui
530 1461 854 1525 evaserant,
885 1461 941 1511 et
970 1455 1393 1527 rempublicam
1429 1472 1626 1526 regere
1658 1471 1908 1510 consue-

219 1555 480 1620 «νει-αυτ,
533 1548 882 1605 confluunt:
933 1561 1068 1600 eum
1118 1544 1332 1616 quibus
1385 1545 1592 1600 itinere
1653 1551 1905 1616 arrepto,

233 1641 440 1716 'Aqnis
487 1640 811 1696 hiematum
858 1636 1022 1708 petit,
1065 1635 1424 1706 tandemque
1479 1634 1906 1690 Lodhuwicum

213 1759 222 1774 ι
249 1733 584 1790 venientem
616 1730 917 1801 gratanter
943 1723 1167 1796 excepit
1198 1739 1210 1777 :
1247 1739 1420 1794 quem
1453 1728 1510 1778 et
1557 1740 1675 1778 una
1705 1739 1905 1780 secum

249 1837 438 1878 causa
464 1814 720 1892 praesidii
751 1831 879 1871 esse
909 1812 1200 1886 praecepit.
1219 1813 1448 1867 Interea
1470 1812 1553 1880 hi,
1575 1813 1675 1885 qui
1697 1811 1905 1868 Judith

221 1911 308 1968 'in
333 1908 505 1966 Italia
516 1905 846 1969 servabant,
862 1901 1165 1958 audientes
1181 1901 1337 1972 quod
1361 1899 1685 1956 Lodharius
1704 1901 1904 1972 fugam

2025 831 2190 902 gredi
2225 852 2335 890 non
2372 843 2766 907 praesumeret,
2802 845 2859 893 et
2887 844 3049 894 extra
3080 841 3264 912 patris
3311 840 3676 900 voluntatem

2025 919 2084 976 in
2134 921 2262 992 ejus
2312 923 2557 997 imperio
2605 927 2878 1000 deinceps
2913 929 3058 984 nihil
3101 928 3291 985 moliri
3342 934 3673 1004 temptaret.

2027 1011 2188 1075 Quod
2221 1018 2277 1068 et
2309 1013 2390 1069 ita
2422 1033 2483 1070 se
2513 1021 2570 1072 et
2600 1034 2737 1073 suos
2771 1023 3120 1086 servaturos,
3155 1023 3274 1074 tam
3308 1018 3358 1077 is
3389 1035 3568 1092 quam
3621 1024 3678 1080 et

2025 1099 2118 1154 sui
2149 1110 2516 1161 sacramento
2549 1108 2950 1163 ﬁrmaverunt.

2095 1189 2194 1244 His
2229 1191 2308 1247 ita
2340 1196 2684 1265 compositis
2706 1198 3070 1268 (838),pater,
3101 1198 3184 1253 uti
3211 1203 3267 1254 ot
3298 1216 3431 1254 cum
3454 1198 3674 1272 quibus

2021 1287 2422 1350 consueverat,
2439 1283 2750 1356 imperium
2787 1288 3038 1357 regebat.
3060 1287 3276 1344 Videas
3296 1293 3494 1344 autem
3513 1288 3671 1360 quod

2019 1369 2276 1439 populus
2309 1371 2469 1426 nullo
2503 1374 2675 1426 modo
2707 1373 2914 1428 diebus
2945 1375 3071 1430 vitm
3105 1393 3222 1431 sum
3275 1376 3442 1432 illum
3494 1376 3670 1434 relin-

2020 1474 2218 1530 quere,
2255 1460 2337 1514 uti
2365 1467 2764 1528 consueverat,
2798 1462 2988 1530 vellet,
3022 1469 3310 1521 conventu
3337 1465 3520 1538 Aquis
3546 1465 3670 1523 hie-

2019 1561 2112 1602 me
2143 1545 2382 1615 indicto,
2416 1551 2744 1621 portionem
2777 1554 2938 1624 regni
2973 1553 3064 1608 his
3089 1554 3358 1610 terminis
3412 1558 3670 1611 notatam

2020 1635 2228 1691 Karolo
2261 1639 2439 1704 dedit,
2475 1640 2532 1694 id
2565 1647 2654 1696 est
2687 1659 2718 1696 a
2752 1642 2898 1697 mari
2933 1659 3034 1714 per
3065 1643 3211 1698 ﬁnes
3259 1643 3522 1700 Saxonica
3569 1660 3669 1700 us-

2018 1741 2130 1798 que
2163 1728 2235 1782 ad
2272 1728 2418 1783 fines
2463 1731 2898 1796 Ribuariorum,
2933 1735 3115 1787 totam
3166 1732 3434 1801 Frisium,
3466 1737 3527 1790 et
3570 1750 3674 1806 per

2016 1815 2164 1870 ﬁnes
2197 1816 2612 1874 Ribuariorum
2646 1819 2961 1874 comitatus
2985 1820 3368 1889 Moilla,Halt,
3392 1822 3673 1879 Traham-

2016 1903 2260 1969 molunt,
2284 1907 2624 1976 Masagebbi
2658 1909 3056 1980 (Masagouvi).
3089 1909 3308 1965 Deinde
3334 1928 3467 1967 vero
3499 1911 3668 1984 quid-

218 1996 488 2064 inierat,
520 1999 578 2052 et
607 1998 774 2066 pater
803 1989 1116 2062 imperium
1152 1990 1409 2060 regebat,
1438 1994 1671 2060 arrepta
1697 1991 1903 2046 Judith
1935 2023 1984 2088 Β
2018 1993 2157 2064 quid
2185 1994 2337 2049 inter
2367 1996 2590 2050 Mosam
2622 2002 2679 2050 et
2710 1998 3041 2068 Sequanam
3061 2016 3247 2070 usque
3265 1999 3668 2071 Burgundiam

215 2091 456 2163 Ifugam
488 2085 716 2150 ineunt,
747 2081 930 2154 Aquis
971 2096 1245 2152 prospere
1277 2077 1644 2150 perveniunt,
1669 2083 1904 2151 gratum

215 2193 475 2234 imunus
503 2169 841 2244 imperatori
872 2169 1158 2224 deferunt.
1183 2167 1601 2222 Verumtamen
1636 2166 1792 2223 haud
1816 2172 1907 2224 est

209 2267 420 2324 uthoro
469 2262 629 2336 regio
673 2263 925 2332 recepta,
961 2258 1145 2313 donec
1175 2273 1237 2312 se
1275 2255 1627 2311 criminibus
1659 2256 1904 2328 objectis

215 2353 569 2420 .innoxiam,
602 2349 741 2423 quia
768 2347 1108 2403 criminator
1137 2346 1354 2412 deerat,
1388 2349 1753 2429 sacramento
1788 2363 1904 2401 una

209 2461 381 2502 -cum
415 2437 764 2516 propinquis
794 2452 991 2493 coram
1021 2433 1190 2506 plebe
1218 2433 1430 2490 eﬁ'ecit.

315 2533 425 2589 Per
455 2531 612 2586 idem
642 2533 877 2598 tempus
900 2523 1045 2596 (835)
1066 2521 1420 2579 Mathfridus
1443 2527 1501 2578 et
1525 2523 1897 2592 Lambertns,

241 2621 555 2692 caaterique
583 2636 617 2675 a
647 2602 810 2690 parte
843 2611 1317 2684 Lotharii,penes
1340 2612 1596 2668 Marcam
1618 2612 1902 2668 Britanni-

211 2728 373 2768 -cam
430 2709 832 2766 morabantur.
865 2704 950 2758 Ad
1002 2717 1149 2774 quos
1196 2700 1498 2774 pellendos
1546 2702 1766 2757 missus
1811 2708 1900 2758 est

215 2799 424 2868 .Vodo,
460 2802 518 2854 st
547 2811 753 2852 omnes
785 2794 938 2848 inter
967 2791 1298 2862 Sequanam
1331 2795 1387 2845 et
1413 2790 1661 2862 Ligerim
1682 2791 1896 2863 degen-

216 2887 696 2955 -tes.Qui,manu
726 2881 920 2938 valida
951 2879 1210 2945 collecta,
1229 2879 1366 2934 hinc
1399 2883 1572 2950 atque
1605 2880 1740 2935 inde
1759 2897 1895 2936 con-

236 2979 545 3035 venerunt.
589 2975 660 3029 Et
708 2972 815 3026 hos
865 2969 1106 3041 quidem
1166 2966 1454 3038 paucitas,
1506 2985 1572 3023 ac
1629 2985 1730 3038 per
1785 2967 1894 3023 hoc

211 3082 480 3125 ’summa
509 3059 849 3126 necessitas,
881 3056 1195 3112 unanimes
1225 3055 1431 3112 effecit.
1467 3055 1766 3112 Vodonem
1799 3075 1896 3112 au-

234 3161 356 3213 tem
387 3159 448 3212 et
477 3168 618 3208 suos
647 3147 905 3205 maxime
933 3143 1252 3200 multitudo
1285 3160 1545 3210 securos,
1569 3144 1890 3211 discordes,

206 3251 294 3301 -et
343 3241 712 3299 inordinatos
759 3231 1034 3290 reddidit.
1074 3233 1436 3303 Quapropter
1487 3231 1683 3304 praelio
1733 3249 1890 3287 com-

236 3333 448 3397 misso,
481 3329 782 3400 fugerunt.
814 3321 1037 3378 Cecidit
1072 3319 1256 3387 Vodo,
1305 3325 1364 3375 et
1411 3320 1554 3386 Odo,
1585 3321 1887 3389 Vivianus,

2015 2098 2135 2137 una
2166 2100 2301 2138 cum
2333 2083 2688 2140 Virduncnsi
2723 2086 2995 2142 consistit
3028 2103 3040 2142 :
3077 2091 3136 2142 et
3181 2089 3252 2144 de
3300 2088 3663 2161 Burgundia,

2015 2171 2378 2242 Tullensem,
2427 2174 2850 2242 Ordoncnsem,
2911 2177 3252 2245 Bedensem,
3305 2177 3662 2245 Blesensem,

2014 2260 2414 2330 Parthensem,
2449 2270 2729 2336 utrosque
2762 2265 3096 2331 Barrenses,
3131 2266 3666 2334 Brionensem,Tri-

2011 2352 2300 2419 casinum,
2332 2353 2893 2422 Autisiodorensem,
2926 2354 3301 2422 Senonicum,
3333 2355 3666 2411 Wastinen-

2011 2457 2158 2507 sem,
2181 2439 2654 2508 Milidunensem,
2677 2443 3110 2514 Stampensem,
3135 2444 3528 2512 Castrensem,
3551 2444 3663 2501 Pa-

2011 2529 2288 2586 risiacum
2315 2549 2328 2598 ;
2363 2537 2419 2586 et
2446 2533 2656 2588 deinde
2687 2550 2791 2604 per
2821 2535 3155 2604 Sequanam
3189 2550 3375 2606 usque
3409 2534 3468 2590 in
3501 2551 3661 2592 mare

2009 2617 2329 2685 Oceanum,
2363 2625 2418 2674 et
2449 2639 2550 2693 per
2581 2622 2775 2693 ipsum
2811 2639 2968 2677 mare
3016 2640 3202 2694 usque
3253 2623 3312 2678 in
3363 2623 3609 2680 Frisiam
3644 2642 3657 2680 :

2008 2725 2212 2764 omnes
2252 2709 2519 2765 videlicet
2567 2710 2959 2782 episcopatus,
2997 2712 3284 2779 abbatias,
3321 2711 3656 2785 comitatus,

2007 2797 2201 2864 ﬁscos,
2237 2804 2294 2853 et
2325 2801 2522 2854 omnia
2554 2800 2706 2854 infra
2736 2800 3043 2872 prardictos
3076 2802 3219 2857 ﬁnes
3250 2802 3655 2871 eonsistentta,

2006 2902 2142 2940 cum
2173 2887 2446 2942 omnibus
2471 2889 2541 2942 ad
2561 2907 2620 2942 se
2652 2890 3174 2960 pertinentibus,in
3209 2907 3559 2962 quacunque
3575 2908 3659 2946 re-

2003 2974 2175 3043 gione
2224 2977 2640 3042 consistebant,
2673 2983 2725 3031 et
2773 2977 2860 3032 sui
2903 2979 3060 3047 juris
3091 2995 3218 3034 esse
3257 2969 3605 3034 videbantur
3637 2996 3651 3034 :

2003 3078 2122 3116 una
2153 3079 2286 3117 cum
2321 3063 2664 3120 auctoritate
2697 3065 2893 3120 divina
2918 3071 3091 3136 atque
3124 3070 3385 3138 paterna,
3413 3066 3652 3138 praafato

2003 3148 2123 3205 ﬁlio
2147 3167 2253 3206 suo
2277 3151 2484 3206 Karolo
2512 3153 2690 3217 dedit,
2709 3153 3062 3224 ﬁrmumque
3082 3160 3145 3209 ut
3166 3159 3533 3226 permaneret
3547 3155 3649 3212 Dei

2000 3239 2417 3312 omnipotentis
2443 3241 2808 3296 clementiam
2827 3243 3103 3298 exoravit.
3119 3242 3432 3301 Hilduinus
3452 3249 3648 3302 autem

2003 3329 2186 3384 abbas
2217 3329 2472 3384 ecclesia:
2506 3332 2691 3386 sancti
2727 3331 3007 3403 Dionysii,
3042 3338 3098 3387 et
3129 3333 3422 3389 Gerardus
3453 3350 3650 3390 comes

208 3391 655 3482 1Fulbertusjac
686 3411 870 3484 plebis
901 3408 1212 3464 innumera
1229 3408 1742 3475 multitud0.Quod
1767 3411 1891 3483 qui-
1921 3391 1964 3458 (ἶ
2005 3417 2260 3472 Parisius
2293 3419 2544 3474 civitatis
2577 3421 2884 3492 eaeterique
2916 3437 3119 3477 omnes
3167 3422 3473 3492 praedictos
3503 3423 3650 3479 ﬂues

222 3513 371 3568 'dem
403 3507 584 3562 citato
615 3519 793 3558 cursu
815 3501 1064 3555 victores
1095 3499 1384 3555 Lodbario
1417 3504 1888 3568 notantes,man-

215 3601 382 3658 .dant
409 3600 477 3652 ut
506 3591 858 3667 quantocius
887 3593 1085 3662 posset
1111 3588 1230 3646 illis
1249 3606 1384 3644 cum
1415 3591 1670 3646 exercitu
1695 3607 1893 3647 occur-

231 3691 342 3744 rat.
395 3684 506 3752 Qui
560 3681 808 3738 libenter
864 3679 1079 3752 paruit,
1128 3679 1590 3735 etCavillonum
1649 3681 1890 3738 collecta

233 3791 416 3834 manu
448 3773 642 3830 valida
670 3771 848 3836 venit,
873 3768 1164 3824 civitatem
1196 3768 1500 3825 obsidione
1529 3771 1890 3844 cinxitzprze-

233 3866 436 3922 liando
464 3863 728 3919 triduum
759 3858 1008 3926 obsedit,
1039 3863 1097 3914 et
1125 3858 1365 3914 tandem
1397 3851 1604 3916 urbem
1655 3867 1887 3934 captam

213 3971 354 4011 -una
381 3969 518 4011 cum
551 3950 814 4007 ecclesiis
841 3947 1116 4003 incendit.
1150 3948 1504 4021 Gerbergam
1536 3967 1697 4008 more
1715 3952 1890 4008 male-

230 4045 479 4101 ﬁcorum
512 4042 572 4096 in
603 4040 831 4096 Ararim
865 4037 1047 4110 mergi
1089 4037 1380 4110 prtecepit.
1415 4039 1800 4097 Gozbelmum
1833 4048 1889 4098 et

213 4133 493 4190 'Senilam
521 4128 927 4203 (Gauzelinum
959 4131 1018 4181 et
1065 4127 1348 4197 Sanilam)
1399 4129 1590 4199 capite
1637 4130 1884 4200 punivit.

217 4220 472 4278 'Warino
504 4223 700 4274 autem
729 4216 909 4272 vitam
943 4215 1197 4286 donavit,
1222 4219 1278 4269 et
1307 4219 1372 4270 ut
1400 4233 1462 4271 se
1490 4217 1765 4290 deinceps
1784 4237 1887 4292 pro

231 4309 458 4366 viribus
479 4305 1124 4381 juvaret,jurejurando
1157 4305 1500 4359 construxit.
1519 4305 1663 4361 Hinc
1688 4313 1886 4363 autem

235 4397 566 4455 Lodbarius
595 4401 652 4452 et
681 4395 773 4450 sui
805 4393 1036 4448 duobus
1062 4391 1278 4464 prmliis
1307 4391 1550 4449 feliciter
1571 4397 1753 4466 gestis
1772 4413 1889 4452 ma-

217 4489 546 4562 gnanimos
575 4485 784 4555 effecti,
800 4483 1139 4539 universum
1167 4481 1482 4554 imperium
1513 4484 1785 4554 perfacile
1807 4487 1886 4542 in-

221 4578 444 4634 wadere
495 4577 819 4648 sperantes,
854 4572 924 4628 ad
971 4576 1178 4626 caetera
1221 4569 1595 4637 deliberaturi
1627 4575 1886 4632 Aurelia-

225 4678 481 4722 «nensem
513 4663 720 4720 urbem
753 4659 1158 4734 petunt.Quod
1191 4664 1355 4732 pater
1371 4659 1687 4728 audiens,e
1712 4665 1887 4720 Fran-

2000 3506 2395 3563 inhabitantcs
2429 3515 2840 3576 convenerunt,
2857 3510 3149 3582 ﬁdemque
3171 3513 3537 3567 sacramento
3549 3511 3654 3568 Ka-

2001 3595 2123 3652 rolo
2145 3597 2543 3654 ﬁrmaverunt.
2560 3599 2719 3662 Quod
2745 3598 2981 3669 quidem
3002 3597 3328 3654 Lodharius
3345 3605 3402 3655 et
3419 3600 3654 3656 Ludbu-

1999 3684 2190 3742 wicus
2222 3687 2545 3753 audientes,
2579 3688 2829 3758 graviter
2861 3687 3124 3744 ferebant
3156 3705 3169 3744 :
3204 3689 3360 3744 unde
3390 3693 3448 3745 et
3475 3689 3652 3746 collo-

1999 3775 2206 3846 quium
2227 3775 2583 3831 indixerunt.
2617 3777 2700 3832 Ad
2736 3777 2890 3847 quod
2920 3777 3239 3846 venientes,
3255 3795 3390 3836 cum
3412 3779 3560 3835 nihil
3583 3797 3654 3835 ex

1998 3863 2092 3920 his
2115 3864 2404 3936 indignari
2431 3865 2966 3936 seposseviderent,
2983 3865 3190 3920 callide
3207 3865 3652 3924 dissimulantes

1999 3953 2302 4026 quippiam
2335 3970 2396 4009 se
2426 3959 2628 4008 contra
2660 3952 2841 4024 patris
2870 3952 3225 4008 voluntatem
3260 3954 3450 4010 moliri
3481 3955 3650 4022 velle,

1999 4043 2415 4099 discesserunt.
2450 4042 2867 4095 Verumtamen
2902 4042 2974 4096 ob
3007 4041 3063 4095 id
3097 4041 3452 4114 colloquium
3489 4060 3648 4100 com-

1999 4132 2178 4186 motio
2223 4148 2338 4184 non
2385 4130 2614 4185 modica
2660 4135 2858 4183 exorta
2906 4135 3014 4202 est,
3046 4131 3145 4186 sed
3199 4129 3366 4187 facile
3403 4132 3646 4204 quievit.

2000 4221 2144 4275 Hinc
2175 4225 2371 4274 autem
2404 4218 2758 4275 Carisiacum
2783 4220 3074 4274 mediante
3091 4219 3455 4292 Septembrio
3471 4221 3647 4290 venit,

1997 4308 2460 4379 seditionemque
2484 4309 2801 4379 quamdam
2824 4307 3096 4364 similiter
3111 4308 3383 4381 perfacile
3401 4309 3646 4380 sedavit,

1998 4415 2066 4454 ac
2109 4397 2346 4470 prazt‘ato
2397 4397 2604 4452 Karolo
2653 4413 2818 4452 arma
2865 4401 2923 4452 et
2970 4415 3268 4469 coronam,
3321 4415 3546 4456 necnon
3591 4403 3652 4456 ct

1997 4487 2317 4558 quamdam
2351 4485 2676 4558 portionem
2710 4487 2870 4559 regni
2902 4485 3056 4542 inter
3085 4488 3418 4558 Sequanam
3467 4493 3524 4544 et
3555 4487 3649 4544 Li-

1997 4592 2195 4648 gerem
2228 4574 2406 4644 dedit,
2442 4574 2754 4646 Pipinnum
2791 4591 2854 4629 ac
2889 4575 3184 4643 Karolum,
3223 4580 3290 4630 ut
3317 4575 3647 4644 videbatur,

1999 4664 2309 4721 unanimes
2341 4663 2529 4719 effecit
2563 4679 2576 4718 :
2612 4679 2676 4718 ac
2709 4663 2917 4718 deinde
2950 4663 3285 4735 Pippinium
3315 4663 3375 4718 in
3403 4664 3651 4735 Aquita-

222 4753 330 4810 ‘-cia
357 4771 538 4811 manu
564 4752 760 4808 valida
791 4749 1053 4817 collecta,
1092 4750 1334 4822 insuper
1382 4749 1741 4810 Lodhnwico
1770 4752 1889 4810 ﬁlio
1925 4765 1971 4829 D
2003 4755 2160 4809 niam
2195 4753 2355 4808 abire
2386 4769 2517 4808 cum
2551 4750 2739 4822 gratia
2764 4751 3059 4822 permisit;
3095 4750 3371 4807 Karolum
3419 4769 3552 4808 vero
3591 4753 3651 4808 in

241 4861 509 4916 suo,cum
543 4839 958 4912 universis,qui
990 4845 1154 4894 trans
1184 4839 1456 4894 Rhenum
1488 4841 1888 4911 morabantur,

243 4933 303 4989 in
331 4933 619 4990 auxilium
650 4931 762 4988 sibi
795 4933 1122 5001 assumpto,
1137 4933 1368 4984 tantum
1392 4929 1620 4985 facinus
1641 4948 1675 4986 a
1696 4931 1814 4987 ﬁlio
1835 4933 1895 4988 in

243 5019 558 5095 imperium
575 5019 964 5076 commissum
975 5017 1380 5073 vindicaturus
1399 5019 1897 5090 perrexit.Lodha-

247 5109 370 5167 rius
393 5126 629 5184 quoque
652 5109 856 5164 eadem
879 5124 1004 5180 spe,
1033 5124 1152 5179 qua
1185 5105 1436 5163 Francos
1461 5107 1750 5165 abducere
1766 5127 1899 5167 con-

250 5206 536 5270 sueverat,
551 5198 970 5268 animatus,ire
1003 5197 1209 5254 obvius
1237 5201 1430 5253 ratum
1462 5198 1654 5256 duxit.
1695 5202 1772 5256 Ac
1796 5217 1899 5272 per
1947 5230 1958 5236 -

231 5285 358 5344 .hoc
385 5288 522 5346 hinc
551 5289 688 5344 inde
731 5287 1056 5354 conﬂuunt,
1091 5302 1386 5358 supraque
1432 5286 1700 5356 ﬂuvium,
1723 5289 1898 5360 juxta

251 5375 446 5434 villam
477 5396 604 5452 quis
654 5376 957 5434 Calviacus
1005 5375 1222 5432 dicitur
1267 5380 1460 5433 castra
1506 5367 1750 5450 ponunt.
1787 5379 1898 5434 Sed

255 5462 479 5536 Franci,
509 5484 575 5523 eo
606 5466 763 5538 quod
795 5466 1214 5538 imperatorem
1245 5465 1339 5522 bis
1369 5465 1744 5538 reliquerant,
1775 5484 1902 5540 ρω-

257 5549 518 5611 nitudine
547 5554 824 5628 correpti,
842 5558 898 5610 et
929 5558 994 5608 ut
1023 5555 1234 5610 deinde
1263 5553 1379 5610 tale
1408 5555 1548 5626 quid
1583 5556 1906 5612 committe-

257 5645 386 5696 rent
411 5647 580 5717 turpe
603 5644 965 5718 judicantes,
999 5643 1071 5698 ad
1106 5641 1489 5699 defectionem
1528 5643 1750 5716 impelli
1801 5645 1905 5700 dc-

241 5727 478 5802 -dignati
511 5733 1077 5800 sunt.Quamobrem
1103 5748 1238 5787 cum
1263 5749 1370 5788 nec
1401 5732 1692 5805 fugaa,nec
1725 5733 1907 5806 praelii

239 5814 453 5877 ‘looum
481 5822 720 5891 videret,
735 5838 804 5878 ea
833 5819 1102 5894 pactione
1133 5820 1448 5878 novissime
1480 5822 1743 5894 praelium
1765 5823 1912 5880 dire-

2004 4848 2230 4916 partem
2263 4841 2445 4914 regni,
2463 4857 2636 4912 quam
2657 4841 2705 4896 ei
2730 4841 2984 4907 dederat,
3001 4839 3227 4896 direxit.
3246 4844 3370 4908 Quo
3390 4841 3651 4911 veniens,

2002 4949 2208 4989 omnes
2238 4931 2344 4986 hos
2376 4931 2521 4986 ﬁnes
2553 4928 2950 4985 inhabitantes
2981 4930 3051 4985 ad
3085 4929 3252 4986 illum
3281 4934 3584 4998 venerunt,
3597 4936 3658 4988 et

2006 5023 2180 5078 ﬁdem
2214 5025 2581 5075 sacramento
2613 5020 3007 5075 commendati
3031 5020 3220 5076 eidem
3252 5021 3652 5076 ﬁrmaverunt.

2005 5111 2222 5166 Eodem
2240 5114 2501 5181 tempore
2519 5109 2828 5164 nuntiatur
2847 5110 3001 5180 quod
3027 5109 3423 5166 Lodhuwicus
3443 5127 3480 5166 a
3493 5112 3659 5182 patre

2007 5218 2114 5257 suo
2145 5199 2502 5266 descivisset,
2538 5203 2595 5255 et
2624 5199 2910 5272 quidquid
2961 5205 3125 5256 trans
3175 5200 3446 5256 Rhenum
3493 5199 3659 5272 regni

2008 5289 2437 5356 continebatur,
2462 5289 2573 5344 sibi
2607 5288 2900 5346 vindicare
2931 5289 3120 5344 vellet.
3139 5289 3303 5355 Quod
3333 5291 3501 5360 pater
3528 5289 3660 5359 ejus

2009 5379 2278 5446 audiens,
2311 5377 2529 5432 indicto
2559 5382 2866 5444 conventu,
2900 5377 3259 5450 Magontiam
3282 5377 3570 5446 convenit,
3594 5394 3662 5433 ac

2009 5469 2253 5541 trajecto
2283 5468 2540 5524 exercitu
2570 5468 2770 5539 fugere
2785 5466 2953 5522 illum
2985 5469 3044 5523 in
3076 5467 3403 5540 Bajoariam
3428 5483 3664 5539 compu-

2011 5557 2100 5614 lit.
2137 5558 2269 5612 Post
2297 5555 2479 5628 Aquis
2508 5556 2807 5613 exsultans
2839 5556 3028 5626 rediit,
3061 5555 3362 5629 quoniam,
3395 5571 3665 5629 quocun-

2015 5663 2127 5720 que
2150 5663 2212 5702 sc
2223 5649 2492 5712 verterat,
2515 5649 2662 5700 nutu
2682 5645 2876 5701 divino
2896 5645 3233 5702 victorerat.
3248 5644 3665 5702 Verumtamen

2015 5735 2322 5806 ingruente
2355 5734 2523 5790 senili
2557 5737 2742 5800 aetate,
2768 5738 2825 5790 et
2858 5739 3093 5807 propter
3111 5735 3302 5790 varias
3325 5733 3670 5792 afﬂictiones

2018 5839 2166 5896 pene
2181 5823 2478 5895 decrepita
2490 5821 2852 5893 imminente,
2869 5829 3058 5880 mater
3069 5841 3135 5880 ac
3149 5823 3436 5897 primores
3447 5823 3673 5898 populi,
