3900 6430
282 543 355 606 51
1342 534 1723 600 ΝΙΤΙῘΑΗΒΙ
1768 534 1831 597 S.
1879 534 1943 597 Β]

2124 534 2229 596 RlI
2275 533 2624 596 ABBATIS.

3615 534 3698 596 52

281 675 383 750 qui
416 675 476 732 in
507 670 806 732 voluntate
827 672 1011 746 patris
1031 689 1136 745 pro
1157 671 1928 737 Karololaboraverant,me—
1958 668 2013 735 Α
2042 668 2164 724 rolo
2195 669 2573 737 conferretur,
2589 666 2906 735 consensit,
2921 670 2979 724 et
2993 684 3114 723 una
3135 682 3269 724 cum
3302 671 3465 741 patre
3494 686 3697 726 coram

284 769 538 833 tuentes,
572 766 621 821 si
658 764 887 818 infectis
920 764 1094 818 rebus
1143 762 1466 827 decederet,
1499 761 1634 815 odia
1682 760 1931 813 fratrum

282 870 470 928 usque
500 854 573 909 ad
599 851 1053 907 internecionem
1081 851 1193 907 sibi
1216 849 1937 923 insnrgere,ratumduxe-

281 947 421 1000 runt
450 945 517 998 ut
547 940 871 1014 quemlibet
900 957 931 995 e
963 939 1101 994 ﬁliis
1134 943 1300 1011 pater
1340 938 1400 993 in
1452 936 1932 1010 supplementum

281 1031 392 1090 sibi
424 1032 753 1087 assumeret
789 1046 802 1083 :
837 1033 895 1085 et
926 1029 972 1085 si
1008 1033 1143 1100 post
1190 1028 1519 1083 discessum
1566 1027 1695 1097 ejus
1743 1026 1931 1081 caeteri

281 1120 598 1178 concordes
629 1135 758 1175 esse
785 1116 1025 1185 nollent,
1043 1116 1251 1172 saltem
1284 1115 1343 1171 hi
1371 1117 1486 1171 duo
1509 1115 1819 1170 unanimes
1852 1114 1933 1169 ef-

282 1209 438 1278 fecti,
460 1207 720 1264 valerent
750 1206 1020 1262 resistere
1035 1205 1368 1260 invidorum
1401 1204 1935 1276 tactioni.Cumque

284 1296 630 1354 necessitate
661 1295 1021 1360 instante,ae
1052 1311 1156 1366 qer
1185 1293 1295 1349 hoc
1325 1293 1582 1349 assiduis
1613 1292 1939 1348 meditatio-

284 1388 461 1444 nibus
508 1387 570 1443 in
618 1385 729 1441 hac
772 1383 1053 1440 electione
1096 1388 1494 1451 versarentur,
1531 1381 1936 1437 universorum

258 1475 580 1536 .sententia
609 1473 930 1541 consensit,
965 1472 1014 1528 si
1047 1471 1376 1528 Lodharius
1406 1474 1632 1526 certum
1655 1487 1717 1525 se
1738 1469 1798 1525 in
1830 1470 1938 1525 hoc

284 1566 519 1639 negotio
549 1564 807 1637 praebere
835 1561 1025 1629 vellet,
1058 1577 1192 1616 cum
1226 1578 1292 1616 eo
1320 1561 1511 1616 fmdus
1537 1559 1671 1615 iniri
1706 1561 1935 1616 debere.

285 1653 557 1723 Nam,uti
586 1650 959 1725 praemissum
990 1650 1269 1717 est,idem
1300 1649 1439 1705 olim
1473 1648 1622 1721 patri
1650 1647 1941 1721 matrique

286 1761 354 1801 ac
384 1741 594 1800 Karolo
617 1742 941 1812 juraverat,
973 1743 1038 1793 ut
1070 1742 1293 1809 partem
1345 1738 1506 1811 regni
1541 1754 1719 1809 quam
1768 1736 1942 1792 vellet

287 1837 475 1907 pater,
493 1832 683 1887 eidem
715 1830 900 1897 daret,
921 1831 979 1883 et
1009 1828 1278 1883 eamdem
1310 1844 1371 1882 se
1394 1827 1725 1882 consentire
1738 1830 1796 1882 et
1817 1843 1943 1898 pro-

285 1926 479 1995 tegere
510 1918 594 1974 illi
625 1921 830 1974 contra
859 1931 1064 1972 omnes
1095 1915 1369 1970 inimicos
1400 1914 1677 1970 omnibus
1730 1915 1940 1971 diebus

284 2010 415 2065 vita:
446 2024 566 2064 sua)
597 2006 850 2062 deberet.
884 2004 1276 2070 Quamobrem
1318 2003 1533 2059 missos
1565 2002 1851 2076 deligunt,
1885 2008 1942 2060 et

286 2100 346 2155 in
382 2096 609 2153 ltatiam
641 2095 713 2150 ad
746 2093 1090 2149 Lotharium
1122 2091 1368 2148 mittunt
1395 2108 1408 2146 :
1442 2091 1939 2164 promittentes,si

288 2186 472 2260 patris
493 2184 853 2241 voluntatem
868 2183 1143 2255 deinceps
1158 2198 1295 2255 erga
1308 2181 1582 2238 Karolum
1597 2198 1941 2237 conservare

284 2276 477 2342 vellet,
508 2273 708 2330 omnia
738 2290 866 2345 quae
915 2272 974 2327 in
1007 2271 1177 2327 illum
1226 2271 1512 2326 hactenus
1547 2270 1936 2343 delinquerat,

287 2364 530 2432 remitti,
561 2366 619 2419 et
667 2378 842 2418 omne
889 2377 1159 2434 regnum,
1196 2362 1420 2432 absque
1469 2359 1754 2431 Bajoaria,
1787 2359 1942 2414 inter

286 2455 456 2511 illum
488 2456 548 2509 et
576 2450 853 2509 Karolum
886 2450 1287 2506 dividendum.
1315 2451 1450 2514 Qum
1479 2448 1757 2520 quoniam
1792 2448 1939 2503 Lod-

285 2543 454 2600 hario
483 2546 543 2599 et
571 2541 698 2598 suis
728 2542 857 2596 rata
884 2538 1253 2610 videbantur,
1281 2542 1528 2609 utraque
1565 2555 1633 2593 ex
1662 2541 1828 2609 parte
1857 2537 1942 2593 sic

285 2631 452 2701 velle,
487 2648 555 2688 ac
584 2630 669 2687 sio
691 2646 754 2685 se
784 2629 1060 2701 perficere
1082 2628 1449 2699 juraverunt.

358 2723 509 2794 Ergo
541 2720 613 2777 ad
644 2719 851 2775 urbem
872 2716 1243 2790 Vangionum
1266 2719 1553 2772 conventu
1576 2716 1793 2771 indicto
1812 2733 1943 2771 con-

285 2806 759 2879 venerunt(839),
780 2806 840 2860 in
870 2822 986 2878 quo
1020 2804 1347 2861 Lodharius
1376 2804 1706 2860 humillime
1737 2806 1809 2859 ad
1842 2822 1940 2876 pe-

287 2899 391 2954 des
413 2895 598 2969 patris
620 2910 815 2951 coram
838 2894 1068 2951 cunctis
1091 2892 1359 2967 procidit,
1376 2894 1605 2949 dicens:
1626 2916 1652 2943 ‹‹
1676 2894 1817 2949 Novi
1850 2910 1942 2949 me

286 3003 485 3045 coram
535 2984 652 3042 Deo
701 2988 760 3040 et
806 2988 881 3055 te,
936 2984 1173 3039 domine
1219 2987 1404 3055 pater,
1438 2981 1780 3055 deliquisse.
1813 2983 1939 3039 Non

285 3091 555 3149 regnum,
580 3075 680 3131 sed
714 3072 1166 3147 indulgentiam,
1183 3076 1242 3128 et
1272 3076 1338 3127 ut
1366 3071 1616 3145 gratiam
1640 3076 1801 3127 tuam
1826 3090 1942 3129 me-

286 3183 437 3231 rear,
451 3180 665 3238 quaeso.
683 3185 713 3214 »
747 3163 906 3218 Idem
940 3166 1161 3229 autem,
1196 3165 1263 3216 ut
1291 3162 1424 3234 pius
1455 3178 1521 3217 ac
1552 3161 1811 3218 clemens
1838 3179 1940 3234 pa-

283 3259 391 3324 ter,
407 3258 463 3311 et
494 3252 708 3309 delicta
729 3249 1405 3324 postulantiindulsit,et
1433 3251 1682 3322 gratiam
1710 3250 1940 3322 roganti

285 3343 577 3401 concessit
608 3359 622 3398 :
657 3359 724 3397 eo
755 3340 979 3396 scilicet
1010 3343 1177 3411 pacto
1202 3344 1265 3394 ut
1296 3339 1571 3410 deinceps
1590 3339 1735 3394 nihil
1759 3339 1941 3411 quoli-

2043 758 2200 814 omni
2233 758 2447 830 populo
2481 757 2561 812 ita
2609 774 2671 812 se
2718 756 2863 812 velle
2894 757 3283 813 annuntiavit.
3319 758 3464 816 Hinc
3499 764 3699 817 autem

2045 851 2209 920 pater
2232 849 2458 914 fratres,
2476 851 2649 920 prout
2677 846 2881 910 valuit,
2906 846 3216 902 unanimes
3247 848 3457 917 effecit,
3483 867 3701 923 rogans

2045 954 2111 993 ac
2144 938 2465 1008 deprecans
2494 941 2558 991 ut
2589 935 2836 991 invicem
2859 953 2921 991 se
2951 935 3280 1008 diligerent,
3296 940 3353 991 et
3372 942 3438 993 ut
3460 937 3607 994 alter
3625 940 3703 995 ab

2046 1026 2227 1082 altero
2254 1029 2656 1097 protegeretur
2686 1025 3026 1092 adhortans,
3054 1032 3271 1093 exorat,
3305 1030 3362 1082 et
3393 1028 3547 1099 quod
3576 1029 3702 1084 ﬂeri

2047 1115 2535 1186 desiderat,optat
2571 1114 2794 1180 Quibus
2826 1114 3364 1187 peractis,benigne
3385 1120 3441 1171 et
3462 1117 3705 1188 paciﬁca

2048 1204 2406 1259 Lodharium
2427 1203 2484 1257 in
2506 1202 2731 1258 Italiam
2752 1204 3004 1259 ditatum
3029 1204 3394 1261 remissionis
3410 1208 3617 1278 gratia,
3635 1226 3703 1264 ac

2048 1292 2213 1363 regni
2246 1292 2613 1358 muneribus,
2633 1291 2959 1361 remittens,
2992 1298 3361 1350 sacramenta
3389 1312 3517 1367 qua:
3548 1314 3705 1369 saape

2038 1380 2608 1452 juraverat,quoties
2639 1379 2697 1434 in
2731 1380 2899 1435 illum
2925 1380 3271 1454 deliquerat,
3307 1384 3537 1456 quoties
3558 1385 3704 1441 deli-

2050 1476 2145 1527 cta
2192 1470 2381 1525 eidem
2435 1471 2771 1538 donaverat,
2805 1468 2865 1524 in
2917 1471 3264 1527 memoriam
3303 1473 3607 1545 reducens,
3635 1492 3707 1531 ac

2050 1559 2165 1633 piis
2194 1559 2519 1615 visceribus
2552 1575 2820 1627 monens,
2842 1561 3285 1617 contestabatur
3313 1579 3385 1618 ne
3414 1563 3621 1620 saltem
3648 1565 3706 1621 id

2052 1649 2207 1722 quod
2239 1652 2379 1703 tunc
2411 1647 2730 1703 novissime
2761 1653 3125 1721 peregerunt,
3141 1667 3455 1723 coramque
3475 1654 3709 1710 cunctis

2050 1738 2135 1794 ita
2165 1753 2226 1793 se
2256 1736 2400 1794 velle
2430 1738 2892 1806 confirmaverat,
2928 1740 3197 1797 frustrari
3239 1741 3502 1814 quolibet
3530 1745 3709 1802 modo

2051 1826 2373 1900 permittat.

2122 1917 2339 1972 Eodem
2382 1920 2662 1989 tempore,
2698 1923 2765 1973 ut
2813 1918 3098 1991 Pippinus
3140 1920 3508 1988 decessisset,
3543 1926 3714 1994 pater

2051 2005 2325 2060 nuntium
2364 2010 2687 2077 acceperat,
2719 2011 2777 2061 et
2808 2024 2944 2079 pars
2989 2009 3256 2079 quaedam
3308 2009 3531 2082 populi,
3561 2012 3709 2083 quid

2049 2110 2192 2149 avus
2216 2094 2287 2148 de
2313 2111 2491 2166 regno
2511 2094 2597 2149 vel
2623 2096 2935 2166 nepotibus
2956 2096 3212 2166 juberet,
3229 2099 3707 2169 prtestolabatur:

2050 2200 2187 2255 pars
2217 2187 2434 2251 autem,
2467 2189 2695 2257 arrepto
2728 2185 2849 2239 filio
2881 2186 3009 2256 ejus
3051 2186 3315 2259 Pippino,
3378 2188 3517 2260 quia
3562 2194 3710 2248 natu

2050 2274 2345 2329 maximus
2375 2278 2518 2338 erat,
2566 2275 2939 2346 tyrannidem
2990 2277 3312 2333 exercebat.
3345 2278 3713 2352 Quapropter

2050 2363 2143 2418 his
2175 2363 2276 2430 ita,
2312 2366 2378 2418 ut
2408 2364 2716 2434 przet‘atum
2747 2368 2856 2432 est,
2889 2381 3024 2420 cum
3077 2366 3364 2422 Lodhario
3410 2369 3707 2440 perfectis,

2050 2451 2289 2507 collecta
2320 2468 2500 2507 manu
2528 2451 2739 2518 valida,
2775 2469 2880 2525 per
2908 2452 3713 2523 Cavillonem,Clarummon-

2051 2543 2170 2595 tem
2200 2558 2319 2595 una
2349 2557 2483 2595 eum
2513 2540 2718 2596 Carolo
2737 2557 2804 2597 ac
2835 2545 3026 2599 matre
3057 2547 3224 2615 pater
3252 2545 3437 2616 petiit,
3474 2563 3541 2602 ac
3571 2565 3710 2620 par-

2050 2632 2168 2683 tem
2196 2628 2415 2701 populi,
2449 2646 2575 2701 quae
2607 2629 2774 2686 illum
2807 2630 3254 2704 praestolabatur
3283 2632 3712 2709 inibi,benigne

2051 2718 2370 2789 recepit.Et
2399 2717 2679 2790 quoniam
2712 2718 2850 2774 alim
2883 2736 3129 2792 regnum
3151 2721 3478 2794 Aquitaniae
3500 2723 3709 2781 Carolo

2051 2807 2386 2873 donaverat,
2404 2811 2468 2862 ut
2496 2806 2579 2862 illi
2599 2824 2661 2863 se
2677 2809 3176 2878 commendarent,
3193 2810 3480 2868 hortando
3493 2812 3706 2881 suasit,

2041 2895 2245 2967 jussit.
2280 2895 2390 2961 Qui
2416 2912 2621 2951 omnes
2653 2897 3070 2966 commendati,
3106 2897 3296 2955 eidem
3328 2905 3702 2958 sacramento

2051 2986 2226 3040 fidem
2260 2986 2659 3040 firmaverunt.
2696 2986 2833 3042 Post
2875 2987 3032 3058 quod
3077 2990 3373 3059 quomodo
3422 2992 3707 3062 tyrannos

2051 3078 2467 3145 compesceret,
2501 3074 2825 3129 contendit.
2859 3075 2965 3131 Per
2993 3075 3152 3131 idem
3201 3080 3438 3149 tempus
3471 3078 3707 3136 Ludho-

2049 3162 2240 3218 wicus
2262 3180 2297 3218 a
2322 3162 2593 3233 Bajoaria
2618 3163 2788 3219 solito
2807 3180 2968 3220 more
2985 3181 3277 3237 egressus,
3292 3164 3706 3224 Alamanniam

2051 3252 2283 3319 invasit,
2302 3268 2437 3307 eum
2470 3252 2825 3323 quibusdam
2858 3254 3130 3327 Toringis
3160 3258 3216 3309 et
3246 3255 3572 3311 Saxonibus
3592 3255 3710 3312 sol-

2050 3341 2289 3396 licitatis
2315 3342 2483 3413 (840).
2519 3342 2909 3407 Quamobrem
2941 3345 3105 3412 pater
3132 3342 3261 3413 ejus
3290 3342 3365 3398 ab
3389 3343 3710 3415 Aquitania

284 3434 383 3489 bet
411 3431 586 3487 modo
617 3433 822 3486 contra
843 3444 1013 3484 suam
1043 3427 1399 3483 voluntatem
1424 3445 1530 3482 nec
1552 3428 1610 3482 in
1634 3428 1938 3498 Karolum,
1969 3411 2012 3476 (ἶ
2054 3411 2379 3496 revocatus,
2412 3428 2657 3485 dimisso
2687 3411 2956 3486 videlicet
2975 3411 3176 3486 Carolo
3202 3448 3320 3486 una
3347 3411 3484 3486 cum
3517 3436 3709 3489 matre

283 3537 392 3578 nec
420 3520 481 3575 in
514 3533 764 3591 regnum
796 3516 1010 3572 alicubi
1041 3516 1278 3589 egisset.
1311 3516 1457 3571 Dein
1489 3516 1741 3587 benigne
1774 3514 1941 3571 illum

286 3608 534 3680 excepit,
568 3622 636 3662 ac
668 3604 1038 3671 deosculans,
1075 3603 1293 3677 gratias
1333 3604 1449 3659 Deo
1480 3620 1583 3676 pro
1615 3603 1735 3659 filio
1766 3621 1941 3676 quem

286 3711 558 3754 aversum
591 3692 1065 3749 reconciliaverat
1093 3693 1233 3765 egit.
1266 3693 1348 3747 Ad
1381 3692 1696 3764 prandium
1732 3692 1941 3748 deinde

287 3782 550 3841 conversi
584 3785 745 3849 sunt,
771 3779 831 3835 in
853 3780 1177 3836 crastinum
1201 3780 1272 3835 de
1298 3779 1543 3847 caeteris,
1572 3796 1699 3852 quae
1724 3780 1815 3835 sui
1840 3782 1938 3851 ju-

286 3876 575 3940 raverant,
608 3868 1008 3927 deliberaturi.
1040 3868 1142 3925 Die
1172 3872 1367 3924 autem
1413 3868 1596 3924 altera
1625 3868 1938 3924 concilium

284 3963 511 4019 ineunt.
546 3961 693 4017 Hinc
724 3964 907 4032 pater,
942 3962 1008 4014 ut
1036 3958 1127 4015 sui
1150 3959 1808 4030 juraverant,perﬁcere
1837 3976 1937 4014 cu-

283 4052 452 4126 piens
484 4068 497 4106 :
533 4073 560 4101 ‹‹
593 4051 759 4115 Ecce,
793 4048 899 4117 fili,
934 4052 999 4103 ut
1040 4048 1449 4121 promiseram,
1485 4065 1733 4120 regnum
1764 4065 1938 4103 omne

281 4157 476 4198 coram
509 4143 565 4195 te
595 4142 712 4205 est;
733 4137 925 4193 divide
947 4136 1090 4191 illud
1121 4140 1294 4209 prout
1314 4135 1571 4191 libuerit.
1596 4136 1758 4202 Quod
1792 4137 1837 4190 si
1874 4141 1936 4192 tu

282 4228 569 4296 diviseris,
592 4227 848 4300 partium
883 4225 1087 4282 electio
1118 4225 1305 4280 Caroli
1338 4226 1466 4279 erit.
1502 4225 1559 4280 Si
1603 4229 1800 4280 autem
1830 4243 1936 4281 nos

280 4318 427 4373 illud
441 4316 837 4387 diviserimus,
852 4314 1123 4371 similiter
1143 4314 1399 4387 partium
1421 4313 1626 4369 electio
1644 4318 1746 4369 tua
1758 4314 1886 4370 erit.
1904 4338 1931 4365 »

281 4405 444 4472 Quod
468 4405 624 4460 idem
647 4420 781 4460 cum
808 4419 911 4475 per
932 4403 1195 4457 triduum
1219 4402 1475 4458 dividere
1491 4402 1682 4470 vellet,
1700 4404 1800 4458 sed
1824 4404 1932 4458 mi-

280 4494 442 4551 nime
460 4496 678 4567 posset,
693 4492 1002 4566 Josippum
1033 4497 1208 4564 atque
1238 4491 1594 4547 Richardum
1617 4492 1688 4547 ad
1707 4496 1933 4563 patrem

279 4583 508 4652 direxit,
526 4583 845 4654 deprecans
877 4585 942 4636 ut
972 4580 1068 4637 ille
1097 4586 1154 4636 et
1186 4580 1275 4637 sui
1312 4597 1555 4653 regnum
1582 4581 1929 4649 dividerent,

277 4672 655 4745 partiumque
674 4670 878 4728 electio
905 4670 1017 4727 sibi
1048 4671 1483 4727 concederetur.
1512 4669 1757 4742 Insuper
1772 4686 1929 4737 vero,

2051 3520 2180 3590 ejus
2199 3518 2476 3574 Pietavis:
2510 3519 2634 3590 ipse
2663 3535 2796 3574 vero
2819 3521 3089 3575 sanctum
3122 3518 3346 3575 Pascha
3363 3519 3515 3591 Aqui
3546 3520 3705 3577 cele-

2052 3607 2260 3675 bravit,
2275 3615 2332 3662 et
2360 3606 2442 3662 sic
2466 3624 2580 3662 uno
2597 3608 2915 3680 eodemque
2944 3606 3151 3663 itinere
3172 3606 3489 3680 Toringam
3512 3609 3704 3681 petiit.

2048 3698 2094 3750 A
2108 3713 2226 3767 qua
2247 3694 2606 3752 Lodhuwico
2629 3696 2748 3751 ﬁlio
2771 3696 2899 3768 ejus
2913 3694 3102 3768 pulso,
3119 3712 3222 3768 per
3242 3696 3478 3753 Sclavos
3495 3696 3705 3754 itinere

2051 3785 2372 3857 redempto,
2395 3801 2531 3840 eum
2564 3785 2624 3840 in
2657 3785 2980 3855 Bajoariam
3012 3785 3213 3856 fugere
3252 3785 3555 3858 compulit.
3577 3788 3704 3852 Quo

2049 3877 2305 3945 peracto,
2326 3872 2449 3929 Kal.
2464 3873 2605 3929 Julii
2638 3875 2711 3930 ad
2733 3873 3107 3946 Vangionum
3127 3875 3332 3930 urbem
3352 3878 3701 3931 conventum

2048 3960 2276 4030 indixit,
2314 3963 2386 4017 ad
2419 3964 2573 4034 quod
2608 3962 2964 4019 Lodharium
2995 3962 3184 4019 {ilium
3216 3980 3390 4019 suum
3431 3964 3503 4020 ab
3535 3963 3704 4020 Italia

2045 4050 2241 4107 venire
2269 4051 2569 4123 praecepit;
2593 4068 2729 4107 cum
2752 4068 2839 4121 eo,
2858 4050 3200 4125 ueterisque
3220 4051 3333 4107 sibi
3355 4052 3608 4109 credulis
3629 4054 3701 4109 de

2050 4140 2408 4195 Lodhuwico
2440 4139 2894 4196 deliberaturus.
2910 4140 3175 4212 Cumque
3195 4157 3258 4197 se
3280 4140 3402 4196 haec
3424 4139 3505 4196 ita
3524 4141 3703 4196 habe-

2046 4233 2194 4297 rent,
2211 4236 2268 4285 et
2299 4229 2627 4285 Lodharius
2659 4229 2716 4284 in
2743 4228 2929 4295 Italia,
2944 4228 3342 4285 Lodhuwicus
3365 4234 3527 4285 trans
3548 4229 3697 4286 Rhe-

2046 4336 2210 4387 num,
2246 4323 2304 4374 ot
2332 4318 2581 4373 Karolus
2613 4319 2671 4374 in
2702 4318 3016 4389 Aquitania
3045 4323 3267 4388 essent,
3299 4318 3696 4376 Lodhuwicus

2044 4407 2384 4479 imperator,
2401 4410 2682 4478 paterque
2706 4406 2959 4473 illorum,
2975 4406 3035 4462 in
3056 4407 3251 4464 insula
3262 4408 3515 4480 quadam
3524 4407 3698 4480 juxta

2044 4496 2487 4569 Magonciacum
2515 4513 2595 4550 xu
2629 4495 2753 4550 Kal.
2787 4494 2929 4550 Julii
2962 4494 3124 4553 obiit.
3162 4498 3345 4562 Quem
3377 4496 3564 4567 Drogo
3585 4497 3696 4552 fra-

2042 4589 2148 4651 ter,
2181 4588 2238 4639 et
2267 4582 2598 4656 episcopus,
2629 4588 2805 4654 atque
2835 4580 3338 4659 archicapellanus
3357 4585 3506 4656 ejus,
3525 4583 3695 4641 Metis

2041 4672 2269 4728 civitate
2325 4689 2434 4728 sua
2487 4674 2642 4745 apud
2693 4676 2964 4729 sanctum
3017 4672 3349 4735 Arnult‘um.
3402 4690 3520 4729 una
3556 4688 3692 4729 cum

276 4761 338 4816 in
362 4778 430 4817 ea
449 4761 584 4829 fide,
608 4776 786 4833 quam
827 4759 945 4816 illis
966 4760 1332 4831 juraverant,
1358 4759 1556 4816 testati
1588 4763 1746 4827 sunt,
1774 4762 1929 4831 quod
1961 4780 2008 4845 D
2040 4761 3157 4834 episcOpis,abbatibus,comitibusque
3187 4777 3446 4835 congruo
3475 4762 3694 4818 honore

274 4866 381 4923 pro
411 4849 575 4906 nulla
604 4866 665 4906 re
695 4849 829 4919 alia,
854 4850 968 4905 nisi
1000 4848 1126 4905 sola
1155 4848 1488 4923 ignorantia
1508 4847 1836 4921 regionum,
1872 4850 1930 4906 id

273 4956 550 5014 peragere
580 4939 859 4996 differret.
878 4940 1271 5006 Quamobrem
1292 4941 1475 5011 pater,
1500 4942 1566 4993 ut
1596 4938 1823 5010 aquius
1841 4956 1932 4995 va-

272 5028 407 5095 luit,
420 5044 668 5101 regnum
690 5045 863 5084 omne
882 5028 1105 5100 absque
1126 5027 1393 5100 Bajoaria
1413 5044 1547 5083 cum
1569 5027 1696 5084 suis
1709 5018 1926 5097 divisit,

273 5120 333 5172 et
361 5134 396 5172 a
426 5117 590 5172 Mosa
619 5122 842 5188 partem
872 5115 1203 5173 Australem
1244 5115 1570 5172 Lodharius
1618 5132 1753 5171 cum
1803 5116 1928 5172 suis

273 5206 469 5279 elegit,
503 5205 767 5278 quinimo
799 5211 856 5262 et
884 5207 1127 5279 accepit.
1159 5206 1479 5262 Occiduam
1528 5222 1681 5273 vero,
1713 5209 1778 5261 ut
1816 5205 1926 5262 Ca-

2040 4849 2354 4921 Sepulturze
2385 4849 2647 4904 tradidit.
2683 4847 2838 4903 Vixit
2866 4866 2971 4920 per
3002 4866 3187 4904 annos
3221 4849 3527 4923 sexaginta
3546 4865 3690 4920 qua-

2039 4941 2192 4994 tuor.
2219 4937 2386 4993 Rexit
2414 4936 2791 5009 Aquitaniam
2824 4953 2926 5008 per
2954 4953 3139 4993 annos
3169 4936 3414 5010 triginta
3444 4940 3686 5009 septem.

2039 5025 2344 5098 Imperiale
2371 5043 2505 5085 vero
2536 5042 2748 5082 nomen
2780 5044 2884 5099 per
2911 5043 3097 5083 annos
3128 5025 3332 5099 viginti
3364 5029 3607 5098 septem,
3633 5029 3688 5081 et

2039 5132 2142 5187 per
2172 5131 2404 5171 menses
2435 5131 2536 5171 sex
2564 5113 2841 5170 obtinuit.

1454 5486 1789 5574 LIBER
1860 5486 2511 5576 SECUNDUS.

1772 5644 2169 5658 ψ..-

899 5738 1299 5796 PR/EFATIO.

2029 5751 2358 5801 vestrarum
2393 5747 2600 5813 initiis,
2635 5762 2665 5801 e
2697 5745 2912 5817 quibus
2943 5747 3160 5819 quippe
3192 5745 3372 5801 lector
3400 5745 3552 5802 scire
3580 5761 3675 5801 cu-

344 5816 647 5887 Explicitis
677 5836 778 5888 pro
808 5826 1065 5898 tempore
1098 5845 1164 5883 ac
1203 5827 1425 5884 viribus
1480 5830 1917 5887 dissensionum
2027 5834 2193 5905 piens
2224 5835 2605 5905 quamobrem
2638 5816 2771 5905 post
2790 5816 3015 5890 obitum
3050 5816 3235 5907 patris
3256 5832 3677 5901 vestri,Lodha-
