3900 6438
251 525 336 590 53
865 522 968 591 DE
1010 529 1653 594 DISSENSIONIBUS
1700 529 2078 594 FILIORUM
2123 530 2487 597 LUDOVICI
2532 527 2663 612 PII,
2689 564 2768 578 —
2796 533 2946 597 LIB.
2993 528 3072 597 ῙῙ.
3599 527 3679 595 δι

251 664 386 723 rius
416 680 518 721 vos
550 643 910 736 fratremque
960 666 1231 738 persequi
1284 666 1572 735 statuerit,
1617 667 1909 733 decernat,
1943 667 1998 733 Α
2029 682 2091 722 se
2122 665 2206 723 illi
2240 671 2297 723 et
2328 667 2660 739 subjectum
2694 668 2814 725 fore
2863 666 3125 735 velle,ita
3176 668 3241 724 ut
3285 661 3676 742 primogenito

250 755 518 827 colligat,
573 759 629 810 et
678 756 725 810 si
771 755 933 826 justo
982 755 1184 826 egerit,
1219 760 1533 829 cognoscat
1565 773 1575 810 :
1612 756 1749 811 hinc
1790 757 1917 828 jam

251 862 377 917 qua
408 845 621 900 virtute
662 862 727 900 ac
759 844 1052 900 industria
1100 845 1209 901 hoc
1259 850 1567 901 exsecutus
1617 846 1712 913 sit,
1747 849 1919 917 prout

250 935 540 989 memoria
578 934 846 1006 viresque
879 932 1296 1005 suppleverint,
1320 937 1521 990 notare
1550 934 1917 991 curabo.Vos

248 1041 392 1080 vero
426 1022 803 1079 difﬁcultates
837 1040 964 1096 qua:
998 1040 1065 1078 ex
1096 1025 1298 1079 eadem
1352 1024 1618 1080 molestia
1644 1024 1914 1096 parvitati

252 1131 401 1170 mea:
432 1112 769 1170 obstiterint
800 1112 1090 1184 inspicere
1140 1114 1410 1185 deposco.
1446 1115 1514 1168 Et
1562 1114 1609 1168 si
1661 1114 1801 1186 quid
1854 1113 1912 1169 in

251 1203 370 1259 hoc
402 1220 575 1277 opere
607 1201 935 1275 neglexero,
959 1206 1025 1257 ut
1054 1202 1373 1276 ignoscatis
1407 1219 1624 1274 qmeso.

329 1382 591 1438 Audiens
604 1380 931 1436 Lodharius
950 1384 1171 1451 patrem
1192 1397 1365 1435 suum
1381 1380 1909 1447 obisse,cenfostim

251 1492 336 1530 nu
348 1473 502 1528 ntios
514 1471 752 1542 ubique,
770 1469 1094 1542 praesertim
1119 1487 1221 1541 per
1242 1473 1424 1523 totam
1449 1469 1913 1536 Franciam,mit-

250 1564 348 1630 tit,
385 1560 486 1634 qui
515 1576 576 1615 se
603 1562 915 1614 venturum
940 1557 999 1612 in
1029 1556 1534 1629 imperium,quod
1567 1557 1703 1613 olim
1725 1558 1914 1613 fuerat

248 1652 339 1708 illi
374 1651 601 1716 datum,
622 1648 917 1703 afﬁrmant
949 1661 963 1701 :
998 1647 1344 1719 promittens
1375 1646 1695 1719 unicuique
1726 1647 1909 1719 hono-

246 1759 346 1799 res
379 1757 415 1796 a
440 1742 603 1812 patre
617 1753 926 1794 concessas
943 1753 1004 1791 se
1024 1737 1359 1803 concedere,
1374 1741 1431 1791 et
1446 1737 1679 1792 eosdem
1698 1728 1912 1809 augere

246 1829 419 1888 velle.
454 1827 673 1885 Dubios
705 1842 938 1899 quoque
968 1826 1081 1880 ﬁde
1112 1830 1479 1881 sacramento
1512 1825 1733 1880 ﬁrmari
1766 1842 1909 1897 pra:-

247 1918 429 1992 cepit.
459 1917 704 1988 Insuper
731 1919 926 1970 autem
951 1912 1154 1985 jussit,
1182 1918 1247 1968 ut
1275 1914 1626 1986 quantocius
1647 1918 1907 1986 possent,

248 2009 492 2066 obviam
522 2005 609 2060 illi
639 2004 1042 2077 procederent.
1085 2002 1431 2103 Nolentibus
1480 2020 1637 2074 vero,
1665 2003 1911 2075 capitale
1945 2039 1993 2104 Β

247 2095 617 2171 supplicium
640 2098 705 2149 ut
735 2091 1406 2166 prmdiceretur,indixit.
1438 2095 1567 2165 Ipse
1587 2097 1782 2148 autem
1816 2110 1913 2165 pe-

250 2184 632 2258 detemptim,
668 2199 781 2255 quo
813 2199 876 2237 se
923 2197 1015 2237 res
1064 2185 1336 2249 verteret,
1377 2186 1695 2254 antequam
1740 2181 1915 2254 Alpes

249 2275 556 2344 excedere,
591 2272 740 2328 scire
769 2270 990 2326 volens.
1026 2270 1174 2341 Ergo
1227 2270 1547 2341 cupiditate
1578 2274 1916 2343 terroreque

248 2364 438 2433 illecti
462 2361 724 2433 undique
766 2360 837 2416 ad
871 2358 1039 2414 illum
1080 2360 1407 2430 confluunt,
1439 2364 1496 2415 et
1530 2360 1637 2415 hoc
1669 2359 1914 2416 cernens

249 2471 356 2528 spe
376 2453 722 2524 viribusque
741 2448 1155 2523 magnanimus
1173 2448 1433 2517 etl‘ectus,
1455 2449 1670 2521 quibus
1689 2449 1915 2507 artibus

248 2544 601 2601 universum
626 2539 942 2613 imperium
974 2538 1218 2593 liberius
1241 2538 1512 2595 invadere
1545 2542 1762 2611 posset,
1778 2539 1916 2594 deli-

248 2635 460 2690 berare
494 2629 686 2702 carpit.
723 2628 1154 2687 Lodbuwicum
1204 2645 1457 2700 quoque,
1492 2646 1669 2701 quem
1719 2629 1914 2684 itineri

248 2739 361 2779 suo
394 2719 739 2791 contiguum
773 2734 901 2773 esse
932 2717 1330 2789 prospexit,ut
1360 2718 1620 2790 primum
1653 2718 1712 2774 in
1745 2717 1912 2773 illum

250 2826 505 2868 manum
538 2807 1025 2873 mitteret,ratum
1060 2806 1253 2870 duxit;
1292 2811 1349 2861 et
1383 2810 1447 2861 ut
1477 2808 1748 2862 eumdem
1776 2807 1913 2863 viri-

248 2902 367 2956 bus
390 2896 746 2963 annullaret,
765 2912 1003 2968 operam
1026 2894 1185 2950 omni
1203 2895 1416 2949 virtute
1439 2896 1669 2965 adjecit.
1687 2897 1917 2952 Interea

251 2991 327 3046 ad
362 2986 645 3044 Karolum
678 2986 737 3040 in
760 2983 1136 3056 Aquitaniam
1158 2982 1381 3055 legatos
1405 2983 1611 3038 callide
1631 2984 1911 3057 dirigens,

251 3079 504 3134 mandat
534 3091 596 3131 se
618 3091 756 3147 erga
787 3072 1146 3141 illum,sicut
1176 3076 1340 3144 pater
1370 3075 1676 3138 statuerat,
1695 3078 1749 3127 et
1763 3074 1916 3129 sicut

250 3184 395 3239 erga
428 3163 677 3220 ﬁliolum
710 3180 777 3217 ex
806 3161 1161 3233 baptismate
1210 3161 1532 3231 oportebat,
1568 3160 1913 3217 benevolum

249 3245 928 3317 esse.Verumtamcn,ut
958 3248 1153 3320 nepoti
1186 3265 1292 3303 suo
1327 3247 1444 3302 ﬁlio
1477 3248 1914 3321 Pippini,donec

250 3361 391 3400 cum
426 3360 492 3397 eo
524 3340 878 3411 loqueretur,
915 3342 1177 3409 parceret
1206 3338 1550 3408 deprecatus
1581 3341 1687 3393 est.
1722 3338 1791 3393 Et
1820 3338 1912 3394 his

2030 754 2194 811 fratri
2227 774 2355 811 esse
2379 762 2690 828 oporteret.
2709 758 2955 828 Insuper
2976 756 3152 813 etiam
3177 756 3463 830 quidquid
3485 757 3678 814 hacta-

2029 862 2139 899 nus
2174 846 2232 901 in
2266 845 2431 901 illum
2466 845 2811 917 deliquerat,
2834 846 3130 918 pollicitus
3161 850 3248 901 est
3298 864 3359 902 se
3390 864 3458 903 ex
3504 848 3680 903 corde

2029 934 2342 1002 remittere,
2362 936 2704 1007 deprecatus
2737 931 2807 990 ne
2831 935 3084 1007 amplius
3103 953 3242 992 suos
3259 934 3553 1006 sollicitet,
3569 954 3675 993 nec

2027 1039 2274 1096 regnum
2309 1024 2420 1079 sibi
2454 1042 2486 1080 a
2508 1025 2622 1079 Deo
2663 1024 3045 1079 commissum
3080 1023 3677 1096 peturbet.Cederent

2026 1112 2288 1184 undique
2314 1114 2443 1185 paci
2478 1118 2652 1184 atque
2683 1113 3026 1181 concordiae,
3060 1118 3115 1167 et
3146 1113 3255 1168 hoc
3286 1127 3350 1169 se
3399 1130 3508 1170 sua
3550 1131 3685 1171 suo-

2026 1218 2273 1274 rumque
2288 1219 2355 1257 ex
2381 1207 2542 1274 parte
2562 1209 2753 1258 ratum
2767 1203 2981 1269 videre,
3005 1221 3070 1259 ac
3088 1204 3311 1276 perhoc
3333 1220 3675 1263 conservare

2021 1290 2188 1358 velle,
2228 1292 2546 1347 mandavit.
2591 1293 2775 1359 Quod,
2800 1293 2908 1348 etsi
2941 1293 3087 1347 alter
3134 1293 3243 1349 hoc
3287 1293 3371 1350 ita
3399 1311 3528 1351 esse
3558 1312 3675 1351 non

2023 1381 2302 1448 crederet,
2321 1397 2670 1452 quocunque
2693 1382 2862 1436 vellet
2896 1384 3089 1449 modo,
3116 1399 3183 1437 ex
3211 1381 3307 1438 his
3344 1381 3510 1440 illum
3544 1399 3673 1440 cer-

2020 1472 2147 1523 tum
2181 1485 2242 1523 se
2264 1470 2493 1524 efﬁcere
2524 1468 2815 1541 promisit.
2832 1471 2965 1535 Qua:
2990 1470 3228 1542 quidem
3251 1471 3579 1527 Lodharius
3601 1472 3676 1530 si—

2022 1557 2259 1614 mulans
2278 1574 2340 1614 se
2361 1558 2609 1631 benigne
2630 1559 2949 1630 suscipere,
2965 1559 3186 1632 legatos
3206 1562 3440 1616 tantum
3458 1560 3673 1618 saluta-

2020 1646 2199 1703 tionis
2231 1664 2412 1705 causa
2441 1649 2628 1704 redire
2660 1648 2947 1720 permisit,
2963 1665 3029 1703 ac
3052 1665 3157 1721 per
3187 1666 3326 1705 suos
3349 1666 3410 1706 se
3431 1664 3671 1722 respon-

2021 1754 2229 1792 surum
2280 1737 2350 1793 de
2396 1737 2623 1795 cazteris
2661 1753 2790 1794 esse
2830 1737 3149 1810 respondit.
3184 1739 3430 1812 Insuper
3468 1740 3670 1812 etiam,

2021 1826 2303 1898 quoniam
2335 1828 2407 1883 ad
2441 1827 2638 1900 ipsum
2670 1844 2732 1882 se
2762 1832 2983 1883 vertere
3013 1828 3294 1884 frustrata
3321 1829 3438 1885 ﬁde
3469 1829 3670 1887 nolue-

2022 1919 2178 1980 runt,
2205 1915 2549 1982 honoribus,
2570 1932 2718 1987 quos
2752 1919 2915 1987 pater
2942 1915 3061 1972 illis
3106 1916 3367 1985 dederat,
3403 1918 3668 1990 privavit.

2022 2003 2109 2059 Ita
2138 2003 2279 2074 quid
2312 2004 2477 2059 fratri
2502 2005 2689 2059 facere
2722 2005 3023 2076 cogitaret,
3042 2004 3246 2061 nolens
3267 2005 3552 2063 indicium
3574 2010 3674 2065 da-

2024 2093 2143 2148 bat.
2178 2094 2405 2148 Interea
2433 2109 2638 2147 omnes
2671 2093 2820 2148 inter
2850 2093 3073 2148 Mosam
3106 2097 3164 2149 et
3194 2094 3526 2167 Sequanam
3567 2097 3672 2154 de-

2025 2186 2226 2255 gentes
2257 2182 2329 2237 ad
2364 2181 2637 2237 Karolum
2670 2180 2981 2249 miserunt,
3016 2183 3469 2253 mandantes,ut
3503 2190 3673 2241 ante-

2025 2287 2203 2344 quam
2226 2288 2260 2327 a
2281 2270 2570 2327 Lodhario
2593 2274 3159 2343 praeoccuparentur,
3178 2271 3434 2328 veniret:
3461 2275 3676 2330 adven-

2024 2365 2153 2416 tum
2165 2362 2293 2433 ejus
2307 2377 2367 2416 se
2381 2358 2816 2433 prmstolaturos
2840 2359 3269 2432 promittentes.
3285 2363 3676 2427 Quamobrem

2026 2466 2161 2506 cum
2194 2450 2503 2523 perpaucis
2524 2449 2771 2506 Karolus
2792 2448 2902 2504 hoc
2925 2449 3033 2504 iter
3053 2450 3403 2518 accelerans,
3421 2451 3494 2507 ab
3506 2452 3676 2525 Aqui-

2024 2540 2185 2595 tania
2215 2539 2576 2595 Carisiacum
2595 2538 2773 2602 venit,
2788 2544 2843 2593 et
2873 2554 2907 2592 a
2931 2537 3304 2595 Carbonariis
3336 2543 3396 2596 et
3423 2538 3577 2595 infra
3605 2540 3677 2597 ad

2028 2646 2089 2685 se
2120 2629 2418 2684 venientes
2448 2628 2699 2699 benigne
2731 2627 3202 2699 suscepit.Extra
3219 2644 3353 2686 vero
3384 2628 3678 2686 Herenfri-

2028 2717 2745 2785 dus,Gislebertus,Bovo,
2773 2735 2838 2772 ac
2873 2717 3061 2771 cmteri
3086 2718 3156 2772 ab
3179 2716 3391 2774 Odulfo
3423 2717 3673 2790 decepti,

2024 2806 2320 2861 ﬁrmatam
2356 2806 2531 2860 ﬁdem
2566 2803 2925 2876 negligentes
2959 2804 3316 2860 defecerunt.

2095 2896 2310 2951 Eodem
2342 2899 2605 2966 tempore
2636 2894 2855 2948 missus
2882 2894 2954 2948 ab
2984 2893 3300 2966 Aquitania
3327 2895 3504 2962 venit,
3519 2911 3677 2951 nun-

2023 2985 2179 3038 tians
2198 2983 2352 3054 quod
2377 2981 2659 3053 Pippinus
2682 2998 2816 3035 cum
2838 2981 2931 3036 his
2952 2981 3050 3052 qui
3076 2981 3227 3053 parti
3248 2998 3367 3037 snas
3384 2982 3674 3051 favebant,

2025 3089 2201 3144 super
2232 3075 2478 3127 matrem
2512 3069 2702 3125 Karoli
2736 3069 2955 3124 irruere
2986 3069 3190 3124 vellet:
3216 3086 3282 3125 ac
3312 3086 3416 3143 per
3433 3069 3542 3125 hoc
3562 3073 3676 3127 Ka-

2026 3159 2185 3216 rolus
2219 3160 2470 3214 Francos
2503 3157 2648 3213 inibi
2680 3157 2979 3224 omittens,
2997 3158 3260 3228 mandat,
3275 3157 3324 3212 si
3346 3155 3479 3214 illos
3498 3158 3679 3216 frater

1965 3237 1973 3246 ’
2024 3266 2170 3305 suus
2210 3249 2391 3304 donec
2422 3250 2805 3303 reverteretur
2835 3245 3164 3317 opprimere
3209 3244 3403 3316 vellet,
3445 3246 3677 3303 obviam

2024 3337 2137 3394 sibi
2166 3337 2563 3410 procederent.
2582 3335 2826 3407 Insuper
2848 3335 2921 3389 ad
2954 3332 3676 3408 Lodharium,Hugonem,

250 3434 335 3488 ita
358 3408 728 3500 compositis,
762 3428 833 3481 ad
867 3408 1072 3481 urbem
1102 3425 1474 3499 Vangionum
1520 3425 1631 3481 iter
1679 3427 1905 3482 direxit.
1940 3408 1984 3475 (ἶ
2020 3408 2440 3491 Adelhardum,
2491 3424 2880 3491 Gerhardum,
2932 3427 2990 3477 et
3047 3421 3389 3495 Hegilonem
3446 3423 3677 3495 direxit,

248 3521 476 3576 Eodem
509 3522 770 3588 tempore
802 3514 1200 3570 Lodhuwicus
1217 3519 1443 3587 partem
1461 3516 1747 3572 exercitus
1768 3516 1912 3572 inibi

250 3626 438 3665 causa
470 3605 749 3663 custodia:
774 3603 1109 3675 reliquerat,
1141 3608 1197 3659 et
1227 3604 1555 3660 Saxonibus
1587 3605 1915 3663 sollicitatis

251 3697 490 3753 obviam
506 3693 624 3749 illis
640 3693 1387 3771 perrexerat.Quamobrem
1401 3694 1725 3750 Lodharius
1739 3712 1914 3768 parvo

251 3786 537 3843 conﬂictu
567 3783 840 3839 custodes
872 3783 1071 3854 fugere
1118 3781 1420 3854 compulit.
1458 3783 1728 3840 Rhenum
1778 3802 1913 3841 cum

254 3874 531 3930 universo
558 3871 813 3927 exercitu
845 3870 1159 3939 transiens,
1205 3872 1626 3927 Franconofurt
1668 3874 1779 3928 iter
1826 3874 1914 3929 di-

254 3964 423 4031 rexit,
441 3979 561 4034 quo
591 3961 887 4032 insperato
911 3959 1046 4014 hinc
1072 3960 1418 4028 Lodharius,
1444 3961 1579 4016 inde
1604 3963 1910 4018 Lodhuwi-

253 4069 359 4108 cus
390 4051 703 4107 conﬂuunt
735 4066 747 4104 :
784 4066 1041 4121 paceque
1070 4049 1180 4104 sub
1212 4054 1380 4105 nocte
1411 4052 1757 4123 composita,
1772 4052 1918 4107 alter

255 4140 422 4211 inibi,
457 4139 611 4195 alter
637 4154 772 4194 vero
803 4154 919 4209 quo
952 4137 1108 4192 Moin
1140 4136 1199 4191 in
1231 4137 1501 4193 Rhenum
1534 4139 1795 4206 confluit,
1821 4156 1914 4195 ca-

254 4232 347 4284 tra
375 4229 540 4284 haud
573 4227 829 4282 fraterno
858 4242 1055 4281 amore
1085 4231 1466 4298 componunt.
1502 4226 1766 4298 Cumque
1806 4228 1914 4283 Lo-

257 4317 579 4373 dhuwicus
595 4315 836 4371 viriliter
852 4314 1167 4381 resisteret,
1182 4319 1241 4368 et
1263 4314 1587 4369 Lodharius
1602 4314 1771 4369 illum
1789 4316 1919 4371 abs-

258 4423 372 4478 que
400 4406 601 4480 przelio
624 4406 735 4460 sibi
758 4404 1027 4476 subigere
1049 4403 1356 4469 difﬁderet,
1373 4421 1615 4476 sperans
1641 4404 1916 4460 Karolum

196 4550 201 4555 .
258 4494 491 4551 facilius
506 4494 772 4567 superari
790 4510 981 4565 posse,
998 4510 1066 4547 ea
1084 4490 1350 4564 pactione
1370 4491 1635 4564 przelium
1655 4493 1912 4560 diremit,

259 4587 324 4638 ut
351 4602 414 4639 III
447 4585 589 4640 Idus
618 4581 963 4638 Novembris
996 4581 1200 4636 eodem
1246 4580 1372 4636 loco
1425 4599 1659 4637 rursum
1711 4599 1916 4638 conve-

260 4672 449 4741 niant,
496 4677 554 4729 et
604 4672 662 4727 ni
710 4670 1021 4727 concordia
1072 4670 1309 4725 statutis
1355 4670 1721 4738 interveniat,
1776 4671 1917 4743 quid

2024 3519 2236 3571 cuncta
2265 3531 2393 3586 qum
2427 3519 2565 3568 tunc
2598 3530 2783 3584 nuper
2807 3511 2891 3567 illi
2922 3513 3303 3567 mandaverat
3336 3511 3627 3585 replicans
3659 3529 3675 3568 :

2025 3623 2130 3661 nec
2163 3622 2274 3659 non
2309 3609 2363 3661 et
2395 3620 2497 3676 pro
2520 3602 2635 3658 Deo
2656 3602 3000 3673 deprecatus
3030 3604 3137 3668 est,
3154 3618 3226 3656 ne
3245 3618 3386 3658 suos
3402 3600 3513 3656 sibi
3536 3602 3677 3658 sub-

2024 3695 2285 3759 trahens,
2306 3709 2575 3765 regnum,
2592 3691 2744 3764 quod
2770 3691 2943 3758 Dens,
2961 3694 3243 3762 paterque
3260 3707 3367 3746 suo
3384 3705 3678 3747 consensu

2026 3785 2108 3839 illi
2143 3780 2673 3853 dederat,amplius
2693 3779 3045 3851 dissipet.Et
3074 3780 3166 3835 his
3199 3778 3281 3834 ita
3309 3780 3674 3851 compositis,

2024 3873 2082 3929 in
2096 3871 2472 3944 Aquitaniam
2493 3870 2737 3925 festinus
2762 3868 3030 3939 perrexit,
3047 3884 3339 3939 superque
3364 3867 3676 3940 Pippinum

2024 3967 2082 4018 et
2114 3979 2253 4017 suos
2285 3961 2535 4023 irruens,
2563 3958 2699 4029 fuga
2730 3956 2860 4010 illos
2894 3956 3052 4010 abire
3074 3954 3375 4026 compulit.
3395 3955 3674 4012 Paridem

2025 4056 2278 4122 tempus,
2304 4065 2437 4103 cum
2474 4045 2797 4101 Lodharius
2821 4062 2852 4099 a
2878 4043 3236 4098 Lodhuwico
3270 4047 3676 4113 reverteretur,

2024 4145 2081 4195 et
2109 4155 2313 4194 omnes
2343 4137 2489 4191 citra
2519 4133 2903 4196 Carbonarias
2924 4132 2997 4187 ad
3030 4131 3197 4187 illum
3215 4132 3499 4201 venirent,
3515 4133 3681 4189 Mosa

2025 4229 2288 4299 trajecta,
2321 4229 2514 4279 ratum
2546 4222 2712 4277 duxit
2742 4226 2808 4277 ut
2842 4222 3175 4293 Sequanam
3208 4238 3395 4294 usque
3414 4223 3682 4294 procede-

2026 4318 2271 4380 ret.Quo
2305 4315 2446 4369 dum
2480 4313 2760 4379 tenderet,
2782 4309 3098 4366 Hilduinus
3122 4311 3307 4367 abbas
3332 4309 3531 4367 Sancti
3554 4309 3685 4366 Dio-

2028 4403 2199 4477 nysii,
2225 4407 2282 4458 et
2313 4401 2606 4458 Gerardus
2638 4416 2833 4455 comes
2869 4399 3071 4454 Parisii
3107 4399 3435 4467 civitatis,a
3473 4397 3682 4455 Karolo

2029 4491 2518 4558 deﬁcientes,ﬁde
2559 4490 2840 4543 frustrata
2872 4489 2945 4543 ad
2978 4487 3146 4543 illum
3178 4491 3483 4543 venerunt.
3512 4487 3680 4552 Quod

2029 4582 2265 4655 quidem
2300 4578 2581 4651 Pippinus
2612 4577 2769 4631 ﬁlius
2794 4576 3069 4632 Bernardi
3093 4577 3245 4649 regis
3270 4575 3681 4647 Langobardo-

2029 4688 2182 4737 rum,
2218 4668 2525 4739 cceteriquc
2577 4669 2900 4729 cernentes,
2937 4664 3237 4735 elegerunt
3284 4662 3480 4735 potius
3520 4676 3681 4718 more

261 4762 473 4833 cuique
494 4761 807 4825 debeatur,
842 4758 1022 4815 armis
1055 4759 1387 4815 decernant.
1414 4761 1482 4815 Et
1512 4759 1605 4816 his
1636 4761 1717 4816 ita
1746 4760 1922 4817 omis-
1950 4777 1997 4842 ι)
2029 4774 2328 4817 servorum
2361 4757 2534 4812 ﬁdem
2588 4753 2876 4821 omittere,
2902 4753 3243 4842 juramenta
3284 4754 3677 4842 contemnere,

261 4848 364 4918 sis,
400 4849 680 4907 Karolum
712 4848 826 4904 sibi
859 4848 1130 4921 subigere
1165 4848 1485 4904 contendit.

335 4937 440 4995 Per
468 4939 627 4995 idem
659 4932 896 5009 tempus
926 4937 1174 4992 Karolus
1206 4936 1495 4993 Biturieas
1513 4940 1584 4994 ad
1609 4939 1914 5007 Placitum,

264 5042 376 5097 quo
390 5027 450 5083 Pi
458 5027 730 5101 pinnium
745 5026 836 5082 sui
842 5028 1186 5099 juraverant
1201 5029 1794 5093 venturum,venerat.
1811 5027 1919 5094 Qui

264 5115 502 5185 quidem
534 5134 603 5173 ex
634 5117 912 5172 omnibus
945 5116 1151 5171 nuntio
1185 5119 1433 5188 recepto,
1470 5116 1921 5184 missos,videli-

267 5206 355 5257 cet
384 5204 694 5263 Nitardum
725 5210 784 5261 et
815 5205 1215 5277 Adelgarium,
1251 5204 1487 5277 delegit,
1519 5209 1575 5260 et
1619 5206 1704 5261 uti
1756 5205 1917 5261 ocius

265 5290 464 5360 valuit,
500 5295 571 5349 ad
607 5293 968 5350 Lodharium
1002 5293 1212 5349 direxit
1244 5311 1256 5348 :
1296 5294 1584 5349 mandans
1618 5311 1682 5349 ac
1714 5294 1917 5366 depre-

268 5393 428 5449 cans,
462 5386 527 5438 ut
556 5399 784 5439 memor
815 5382 892 5439 sit
933 5387 1440 5439 sacramentorum
1489 5400 1615 5455 qum
1665 5384 1815 5439 inter
1862 5400 1924 5437 se

259 5465 694 5540 jaraverant,et
722 5477 913 5528 servet
942 5489 1068 5544 qua:
1102 5473 1254 5529 inter
1281 5472 1413 5528 illos
1436 5477 1599 5544 pater
1616 5476 1919 5528 statuerat.

269 5553 511 5629 Insuper
533 5560 710 5616 etiam
734 5562 1021 5630 fraterna),
1037 5561 1319 5635 ﬁliolique
1348 5562 1704 5618 conditionis
1723 5561 1924 5618 memi-

268 5644 418 5699 nerit
448 5663 462 5702 :
496 5648 741 5706 haberet
771 5667 879 5706 sua
910 5650 1044 5722 sibi,
1077 5654 1133 5705 et
1162 5652 1319 5723 quod
1351 5650 1437 5706 illi
1468 5655 1632 5723 pater
1652 5668 1760 5706 suo
1783 5667 1919 5707 con-

271 5746 444 5789 sensu
475 5743 863 5808 concesserat,
900 5740 1122 5811 absque
1165 5741 1440 5795 conflictu
1489 5739 1656 5795 illum
1704 5739 1919 5796 habere

271 5824 572 5889 permittat
600 5830 770 5900 (840).
808 5828 1163 5884 Promittens
1194 5828 1243 5884 si
1274 5828 1384 5884 hoc
1416 5829 1652 5896 faceret,
1686 5828 1917 5884 ﬁdelem

2030 4864 2209 4922 quam
2234 4847 2304 4902 ad
2328 4844 2625 4901 modicum
2649 4846 2885 4913 tempus
2909 4838 3217 4921 facultates
3237 4838 3681 4912 relinquere.Ac

2028 4956 2132 5011 per
2160 4938 2289 5003 hoc,
2324 4934 2437 4989 ﬁde
2469 4932 2690 4999 relicta,
2723 4930 2877 5002 quod
2911 4946 3091 5000 supra
3116 4928 3573 4985 memoravimus
3589 4944 3679 4983 se—

2029 5025 2168 5093 cuti,
2205 5025 2393 5080 eidem
2440 5039 2503 5078 se
2546 5021 2854 5076 dederunt.
2889 5018 3035 5074 Hinc
3089 5033 3322 5090 quoque
3351 5015 3683 5073 Lodharius

2029 5114 2444 5188 magnanimus
2476 5110 2717 5165 eﬁ‘ectus
2759 5109 3093 5179 Sequanam
3136 5105 3407 5175 excessit,
3425 5105 3682 5179 praemit-

2029 5210 2158 5261 tens
2183 5219 2341 5258 more
2370 5199 2540 5256 solito
2560 5198 2659 5271 qui
2680 5198 2751 5253 ad
2771 5196 3153 5252 defectionem
3176 5195 3331 5251 irter
3350 5196 3684 5267 Sequanam

2027 5299 2084 5350 et
2106 5291 2357 5365 Ligerim
2375 5291 2673 5362 degentes,
2691 5285 2906 5358 partim
2925 5285 3125 5351 minis,
3143 5284 3359 5357 partim
3380 5272 3687 5340 blanditiis

2033 5383 2450 5439 subducerent.
2478 5378 2606 5449 Ipse
2637 5393 2868 5449 quoque
2891 5374 2976 5430 uti
3007 5378 3389 5431 consueverat
3417 5372 3576 5429 lento
3597 5371 3689 5426 iti-

2032 5489 2169 5527 nere
2198 5471 2574 5534 subsecutus,
2603 5466 3012 5520 Caremtenam
3044 5464 3337 5519 civitatem
3387 5461 3683 5519 tendebat.

2031 5564 2292 5631 Cumque
2325 5553 2773 5621 Theodericum,
2795 5553 3031 5609 Ericum
3057 5558 3114 5608 et
3140 5551 3387 5625 hos,qui
3408 5549 3577 5607 illum
3602 5564 3688 5606 se-

2028 5650 2130 5723 qui
2161 5647 2644 5713 deliberaverant,
2681 5643 2752 5699 ad
2785 5660 2846 5698 se
2894 5646 3174 5700 venturos
3224 5641 3550 5710 didicisset,
3581 5655 3686 5710 spe

2030 5734 2430 5795 multitudinis
2457 5752 2574 5789 suae
2605 5731 3079 5805 fretus,Ligerim
3102 5749 3291 5804 usque
3321 5734 3386 5787 ut
3405 5729 3685 5803 produce-

2029 5823 2513 5897 ret,deliberavit.
2545 5820 2792 5878 Karolus
2825 5838 3057 5893 quoque
3089 5839 3121 5877 a
3150 5822 3306 5895 fuga,
3333 5837 3449 5894 qua
3480 5818 3680 5891 Pippi-
