3900 6440
324 564 406 651 ’δδ
1263 572 1277 587 “
1386 586 1763 650 NITHARDI
1808 587 1871 648 s.
1922 584 2274 648 RICHARII
2318 588 2684 653 ABRATIS.
2865 669 2872 675 η
3694 592 3775 654 se

331 740 475 781 lum
506 728 564 780 et
593 728 732 779 suos
760 723 1132 796 disperserat,
1150 739 1438 789 reversus,
1463 727 1521 777 et
1551 720 1828 794 quoniam
1862 737 1980 774 ma-
2003 718 2060 788 Α
2095 719 2259 788 velle,
2279 726 2334 777 et
2366 723 2413 778 si
2446 724 2674 780 efficere
2708 729 2907 796 posset
2930 741 3047 781 una
3064 742 3262 781 secum
3281 724 3371 781 sui
3391 722 3771 795 devenirént,

310 798 482 883 :trem
513 813 615 868 ubi
647 816 774 869 tuto
808 812 1168 884 relinqueret
1199 829 1313 866 non
1364 811 1640 875 habebat,
1676 809 1895 882 pariter
1924 808 1994 863 ad

334 901 589 958 Franeim
622 904 818 974 partes
851 902 1225 973 properabat.

400 990 660 1047 Audiens
692 994 890 1046 autem
924 990 1169 1046 Karolus
1229 990 1645 1061 interea,quod
1681 989 1737 1044 hi
1770 1005 1994 1054 omnes,

333 1097 481 1157 quos
508 1097 689 1152 supra
719 1079 1197 1147 memoravimus,
1215 1080 1287 1133 ab
1305 1096 1370 1134 eo
1394 1080 1763 1144 defecissent,
1779 1083 1834 1131 et
1852 1078 1995 1132 Lod‘

330 1169 539 1225 harius
571 1185 703 1224 cum
737 1167 961 1241 ingenti
994 1168 1251 1224 exercitu
1283 1167 1556 1239 persequi
1592 1167 1759 1221 illum
1809 1182 1996 1237 usque

331 1258 407 1315 ad
439 1246 899 1313 internecionem
932 1246 1260 1323 statuisset,
1287 1255 1423 1310 hinc
1458 1259 1653 1310 autem
1688 1255 1994 1326 Pippinus,

332 1350 391 1401 et
418 1347 559 1402 hinc
587 1336 878 1402 Brittones
909 1345 1106 1401 infesti
1130 1349 1315 1413 erant,
1342 1346 1481 1417 quid
1516 1344 1994 1411 facerent,corei-

314 1422 480 1492 ilium
509 1439 850 1509 convocant,
886 1435 1112 1503 ineunt,
1145 1435 1333 1507 deque
1365 1434 1457 1490 his
1499 1434 1777 1489 omnibus
1826 1433 1992 1488 facile

332 1523 910 1601 deliberaturi,facile
927 1522 1239 1579 consilium
1264 1522 1539 1595 perfacile
1557 1522 1859 1578 inventum
1881 1525 1989 1577 est.

312 1600 406 1671 'Et
437 1614 716 1687 quoniam
741 1612 883 1669 nibil
908 1617 1114 1684 przeter
1135 1611 1315 1667 vitam
1347 1616 1404 1667 et
1432 1628 1676 1684 corpora
1697 1611 1989 1683 reliquum

332 1704 655 1775 habebant,
685 1702 986 1776 elegerunt
1006 1702 1200 1774 potius
1224 1700 1499 1758 nobiliter
1520 1701 1665 1756 mori
1699 1717 1877 1772 quam
1910 1718 1992 1756 re-

335 1810 468 1867 gem
500 1793 801 1866 proditum
850 1789 1277 1863 derelinquere.
1308 1791 1709 1856 Quamobrem
1758 1790 1989 1845 obviam

313 1870 628 1939 'Ledhario
650 1884 1105 1955 pergunt,atque
1125 1879 1604 1935 Aurelianensem
1626 1880 1830 1935 urbem
1852 1879 1991 1934 hinc

336 1972 476 2028 inde
506 1971 733 2044 petunt,
767 1973 960 2027 castra
1014 1973 1259 2041 ponunt,
1286 1969 1572 2024 distantes
1624 1968 1695 2023 ab
1741 1968 1990 2023 invicem

2106 810 2281 877 bene;
2315 811 2405 867 sin
2440 812 2625 881 aliter,
2659 814 2851 870 soluto
2876 815 3407 886 juramento,infra
3435 815 3562 872 dies
3599 817 3776 890 quinr

2105 899 2295 955 decim
2326 902 2396 955 ad
2434 900 2599 957 illum
2622 920 3014 971 reversurum,
3033 920 3270 976 sumque
3292 904 3499 960 ditioni
3522 921 3589 961 se
3615 922 3776 961 eom~

2106 989 2429 1045 missurum
2461 1007 2588 1047 esse
2621 993 3316 1065 promisit.Qu0m0brem
3342 992 3591 1049 Karolus
3614 992 3777 1049 Bitu-

2105 1078 2255 1133 ricas
2288 1080 2500 1135 iterum
2534 1081 2765 1137 obviam
2802 1082 2882 1137 illi
2916 1080 3089 1138 venit.
3127 1084 3248 1148 Quo
3299 1080 3643 1139 Bernardus
3674 1102 3773 1138 ve-

2103 1168 2292 1238 niens,
2325 1186 2459 1224 cum
2492 1176 2767 1225 neutrum
2804 1172 3054 1239 fecisset,
3088 1168 3341 1244 graviter
3386 1173 3647 1228 Karolus
3688 1174 3771 1228 fe-

2104 1272 2239 1312 rens
2270 1260 2664 1326 seductiones,
2685 1278 2832 1333 quas
2864 1261 3015 1333 patri
3039 1260 3273 1330 fecerat,
3289 1267 3346 1317 et
3367 1260 3669 1318 hactenus
3686 1262 3769 1317 illi

2101 1344 2370 1414 faciebat,
2390 1345 2603 1403 timens
2631 1367 2701 1403 ne
2727 1348 2896 1404 aliter
2924 1348 3095 1404 illum
3118 1350 3622 1422 comprehendere
3637 1368 3771 1423 pos-

2101 1440 2209 1498 set.
2243 1438 2438 1492 subito
2470 1437 2528 1492 in
2561 1437 2728 1493 illum
2761 1438 2983 1493 irruere
3032 1438 3257 1494 statuit.
3294 1439 3404 1493 Sed
3456 1437 3567 1493 hoc
3626 1439 3768 1494 Ber-

2100 1525 2341 1594 nardus,
2376 1543 2715 1599 quanquam
2748 1526 3273 1599 tarde,praasensit,
3289 1527 3486 1599 fugam
3520 1510 3681 1595 iniit,
3698 1545 3768 1583 ac

2098 1611 2191 1668 vix
2220 1614 2420 1669 evasit.
2452 1613 2697 1671 Karolus
2729 1620 2924 1671 autem
2957 1616 3246 1687 quosdam
3276 1632 3307 1671 e
3354 1614 3476 1671 suis
3523 1616 3764 1683 stravit,

2068 1703 2386 1773 quosdam
2414 1703 2647 1760 saucios
2677 1721 2742 1760 ac
2775 1702 3082 1760 semivivos
3131 1703 3370 1777 reliquit
3401 1720 3415 1759 :
3459 1705 3764 1776 quosdam

2096 1807 2231 1847 vero
2259 1791 2471 1848 illmsos
2517 1794 2688 1865 cepit,
2722 1812 2790 1849 ac
2843 1811 3003 1849 more
3055 1792 3417 1866 captivorum
3466 1794 3765 1849 custodiri

2099 1882 2405 1953 prisoepit;
2441 1882 2867 1955 supellectilem
2900 1888 3097 1938 autem
3129 1883 3461 1938 universam
3497 1881 3765 1954 diripere

2098 1967 2386 2039 permisit.
2404 1969 2549 2025 Hinc
2580 1987 2811 2041 quoque
2836 1970 3167 2041 Bernardus
3190 1967 3469 2024 humilior
3484 1966 3761 2036 eﬂ‘eCtus,

310 2050 475 2135 plus
508 2060 920 2117 minusleucas
940 2059 1323 2131 sex.Legatos
1342 2057 1589 2114 invicem
1614 2058 1896 2130 dirigunt.
1921 2058 1992 2113 Et
2020 2091 2068 2156 Β
2099 2057 2271 2128 paulo
2324 2064 2455 2129 post
2504 2058 2751 2130 supplex
2800 2059 2872 2113 ad
2923 2058 3201 2113 Karolum
3252 2057 3431 2125 venit,
3452 2052 3669 2112 dicens
3705 2064 3764 2112 et

337 2151 584 2213 Karolus
615 2149 848 2222 quidem
884 2146 1010 2204 sola
1031 2147 1267 2218 justitia
1298 2163 1502 2220 pacem
1523 2148 1756 2220 petebat
1790 2164 1802 2200 :
1837 2147 1985 2202 Lod-

308 2228 538 2301 harius
567 2255 852 2310 vero,quo
885 2240 1017 2293 astu
1042 2236 1265 2309 absque
1296 2236 1492 2308 prmlio
1522 2236 1690 2291 illum
1723 2236 1988 2307 decipere

329 2351 398 2391 ac
432 2345 708 2404 superare
741 2330 958 2401 posset,
983 2343 1221 2399 operam
1255 2327 1449 2382 dabat.
1482 2326 1645 2392 Quod
1678 2343 1811 2381 cum
1857 2342 1984 2397 per-

326 2439 518 2497 agere,
535 2424 771 2494 strenue
790 2415 1225 2490 resigtentibus,
1241 2415 1551 2483 diffideret,
1568 2430 1812 2487 sperans
1834 2415 1983 2469 vires

298 2527 486 2587 suas,
515 2508 599 2565 uti
633 2502 1229 2579 cmperant,quotidie
1259 2520 1801 2575 accrescere,quam
1847 2520 1981 2558 cum

322 2584 533 2657 Karolo
566 2593 982 2660 decrevissent,
1017 2592 1248 2649 facilius
1280 2592 1451 2648 illum
1484 2592 1788 2665 subjugari
1811 2609 1983 2665 posse

319 2686 741 2745 arbitrabatur.
779 2684 894 2739 Hae
926 2685 1124 2737 autem
1151 2698 1254 2751 spe
1286 2682 1588 2754 deceptus,
1613 2699 1681 2737 ea
1709 2682 1979 2754 pactione

321 2776 591 2851 prmlium
618 2770 874 2840 diremit,
903 2775 970 2827 ut
998 2771 1230 2827 cederet
1260 2770 1467 2827 Karelo
1506 2770 1842 2843 Aquitania,
1878 2771 1978 2826 Se-

319 2864 628 2940 ptimania,
650 2860 971 2929 Provincia,
987 2863 1046 2916 et
1070 2861 1278 2915 decem
1302 2860 1617 2916 comitatus
1636 2859 1788 2915 inter
1813 2859 1977 2933 Lige-

319 2955 433 3012 rim
464 2957 521 3011 et
550 2954 990 3027 Sequanam,eo
1011 2948 1281 3003 videlicet
1311 2950 1586 3017 modo,ut
1614 2948 1707 3004 his
1739 2953 1977 3005 conten-

288 3050 420 3113 .tus
447 3041 683 3099 interim
716 3039 860 3096 inibi
893 3042 1070 3107 esset,
1105 3039 1292 3094 donec
1340 3038 1698 3113 Attiniacum
1736 3056 1838 3093 νιιι
1891 3040 1973 3093 ld.

304 3116 507 3207 ‘Maias
524 3129 903 3189 conveniant:
921 3146 1039 3201 qua
1056 3126 1350 3200 siquidem
1368 3128 1667 3183 communi
1686 3144 1975 3183 consensu

322 3228 712 3294 utrorumque
744 3216 1057 3274 utilitatem
1088 3217 1401 3288 prmvidere
1433 3234 1500 3273 ac
1535 3220 1790 3273 statuere
1833 3216 1978 3272 velle

321 3311 615 3386 promisit.
630 3296 920 3363 PrimOres
942 3322 1175 3377 quoque
1196 3306 1451 3377 partium
1472 3305 1661 3360 Kareli
1674 3310 1978 3361 cernentes

320 3399 621 3473 negotium
636 3395 791 3449 vires
809 3411 948 3449 suas
966 3394 1259 3458 excedere,
1274 3393 1645 3464 maximeque
1665 3391 1973 3461 timebant,

2098 2144 2327 2201 fidelem
2354 2165 2413 2202 se
2431 2146 2515 2201 illi
2535 2147 2734 2214 fuisse,
2757 2153 2811 2203 et
2828 2152 2988 2215 tunc,
3006 2147 3055 2202 si
3072 2146 3288 2214 liceret,
3311 2141 3439 2201 esse
3457 2145 3756 2213 voluisse;

2096 2238 2152 2289 et
2164 2235 2807 2308 deinceps,quanquam
2821 2235 2930 2291 hac
2950 2235 3303 2291 contumelia
3315 2235 3557 2291 affectus
3571 2240 3755 2306 esset,

2094 2324 2154 2377 in
2186 2326 2448 2380 futurum
2483 2327 2603 2381 fore
2633 2324 2878 2380 minime
2910 2321 3548 2391 diffideret.0uo‘d,etsi
3572 2316 3754 2396 quili-

2094 2412 2191 2468 bet
2211 2414 2378 2469 aliter
2399 2415 2587 2469 dicere
2608 2414 2798 2484 vellet,
2815 2413 2997 2469 armis
3021 2430 3082 2469 se
3106 2411 3603 2487 obpr0pulsurum
3624 2428 3757 2484 pro-

2093 2503 2293 2558 mittit.
2324 2503 2548 2569 Quibus
2581 2500 2828 2559 Karolus
2870 2503 3146 2558 credulus
3196 2502 3457 2568 effectus,
3492 2501 3751 2557 ditatum

2091 2592 2438 2648 muneribus
2468 2592 2527 2646 in
2550 2591 2801 2664 gratiam
2821 2590 2878 2645 in
2903 2590 3241 2646 societatem
3263 2587 3531 2644 amicitiai
3553 2602 3755 2645 susce-

2065 2668 2202 2752 ‘pit;
2222 2687 2279 2735 et
2310 2684 2374 2735 ut
2404 2679 2739 2753 Pippinium
2773 2692 2838 2734 ac
2870 2696 3028 2745 suos,
3047 2679 3133 2733 uti
3167 2668 3532 2750 promiserat,
3549 2677 3753 2733 subdi-

2091 2775 2180 2825 tos
2212 2769 2323 2827 sibi
2357 2769 2585 2825 efficere
2617 2773 2950 2842 temptaret,
2985 2766 3215 2823 direxit.
3248 2768 3316 2823 Et
3344 2766 3437 2822 his
3467 2762 3549 2823 ita
3578 2766 3749 2822 cem-

2087 2858 2318 2931 positis,
2353 2855 2844 2914 Cenomannicam
2897 2857 3102 2911 urbem
3151 2855 3315 2923 adiit,
3358 2855 3745 2911 Lantbertum

2085 2948 2459 3019 Ericumque,
2493 2964 2612 3002 una
2643 2963 2779 3001 cum
2811 2945 3035 3000 czeteris
3081 2948 3445 3015 recepturus.
3477 2942 3747 3016 Cumque

2088 3036 2184 3091 ille
2206 3036 2337 3091 illos
2356 3035 2499 3091 inibi
2522 3034 2887 3108 perhumano
2906 3033 3208 3105 reciperet,
3226 3032 3495 3105 protinus
3517 3031 3589 3087 ad
3621 3028 3742 3087 N0-

2088 3125 2386 3181 menoium
2419 3126 2628 3180 ducem
2663 3123 3062 3179 Brittanorum
3098 3121 3295 3189 mittit,
3319 3121 3467 3177 scire
3497 3121 3745 3193 cupiens

2087 3215 2135 3270 si
2181 3234 2299 3271 sua;
2345 3233 2407 3271 se
2438 3213 2646 3269 ditioni
2697 3213 2949 3268 subdere
2977 3210 3168 3267 vellet.
3203 3210 3309 3278 Qui
3359 3209 3741 3283 acquiescens

2087 3303 2315 3359 consilii
2345 3303 2760 3376 plurimorum,
2794 3300 3000 3357 Karolo
3035 3316 3277 3355 munera
3309 3298 3506 3364 mittit,
3539 3316 3606 3355 ac
3638 3296 3740 3355 sa-

2087 3397 2387 3448 cremento
2419 3392 2595 3447 fidem
2628 3390 2904 3462 deinceps
2934 3388 3281 3445 servandam
3330 3386 3414 3443 illi
3463 3389 3735 3444 ﬁrmavit.

310 3456 573 3565 Ineuforte
592 3481 794 3557 prailio
835 3480 1152 3536 commisso
1184 3456 1430 3536 initanta
1450 3456 1747 3552 paucitate
1778 3456 1974 3554 regem
2007 3456 2049 3528 α
2089 3482 2312 3548 Quibus
2362 3478 2637 3553 peractis,
2674 3456 2967 3551 quoniam
3026 3481 3261 3550 tempus
3310 3475 3529 3549 placiti,
3581 3478 3736 3550 quod

304 3560 501 3633 suum
532 3570 757 3629 salvere
777 3567 1017 3624 difficile
1048 3570 1462 3640 possent.Erat
1490 3567 1647 3623 enim
1680 3586 1814 3641 spes
1836 3587 1977 3625 cun-

320 3663 433 3720 ctis
463 3677 577 3716 non
596 3656 827 3714 modica
847 3654 1061 3712 indolis
1079 3657 1229 3727 ejus.
1247 3658 1634 3723 Quamobrem
1661 3659 1899 3713 statutis
1912 3676 1977 3713 eo

318 3755 519 3808 tenore
549 3745 951 3811 consentiunt,
981 3749 1045 3798 ut
1075 3744 1352 3816 deinceps
1405 3745 1733 3802 Lodharius
1772 3746 1977 3802 Karolo

322 3841 405 3896 ita
434 3838 589 3894 ﬁdus
621 3835 849 3893 amicus
880 3834 977 3902 sit,
995 3832 1149 3889 sicut
1180 3834 1359 3889 frater
1390 3850 1493 3905 per
1532 3834 1832 3905 justitiam
1863 3837 1975 3892 fra-

320 3929 395 3985 tri
426 3945 555 3986 esse
586 3926 786 3993 debet;
821 3927 878 3979 et
909 3939 1108 3995 regna,
1144 3940 1269 3995 qua)
1302 3922 1385 3977 illi
1420 3924 1754 3996 deputabat,
1783 3924 1979 3996 quieta

286 4004 289 4007 Α
320 4019 535 4076 habere
563 4017 806 4081 faceret;
841 4032 907 4069 ac
940 4013 1177 4068 interim
1205 4028 1381 4084 super
1413 4012 1841 4069 Lodhuwicum
1873 4011 1973 4068 ho-

322 4108 536 4164 stiliter
562 4106 645 4161 ire
667 4103 927 4159 dedisset
958 4119 970 4156 :
1007 4102 1174 4156 aliter
1202 4106 1422 4168 autem,
1447 4102 1583 4172 jure
1614 4102 1768 4173 quod
1805 4103 1975 4173 jura-

286 4180 292 4185 .
321 4200 527 4252 verant
557 4192 807 4249 absoluti
842 4209 970 4247 esse
1002 4191 1298 4246 deberent.
1332 4194 1457 4257 Qua
1488 4191 1723 4262 quidem
1766 4195 1888 4247 arte
1919 4196 1977 4246 et

323 4301 520 4358 regem
553 4297 728 4338 suum
758 4298 791 4336 a
813 4279 1092 4352 periculis
1140 4277 1519 4347 subtrahunt,
1555 4284 1612 4333 et
1660 4296 1721 4333 se
1769 4296 1903 4334 mox
1942 4297 1977 4335 a

286 4373 690 4449 qsacramenta
721 4364 1052 4449 absolvunt.
1086 4367 1232 4422 Nam
1279 4370 1594 4439 antequam
1644 4367 1842 4436 iidem,
1872 4369 1971 4439 qui

320 4460 443 4517 hzec
465 4446 829 4533 juraverant,
855 4457 1028 4511 domo
1052 4456 1485 4528 egrederentur,
1520 4456 1749 4529 aliquos
1781 4474 1850 4513 ex
1880 4457 1973 4512 his

318 4550 419 4624 qui
449 4548 694 4606 aderant
716 4536 1047 4601 subducere
1072 4545 1142 4600 ab
1174 4543 1272 4600 illo
1304 4545 1702 4617 temptavit,et
1732 4546 1790 4601 in
1822 4563 1974 4601 cras-

314 4638 510 4697 tinum
523 4636 813 4711 qubsdam
838 4651 1080 4690 suorum
1104 4633 1342 4705 recepit.
1359 4633 1605 4704 Insuper
1619 4638 1677 4688 et
1692 4635 1750 4688 in
1768 4650 1968 4708 regna,

314 4743 443 4803 qua:
477 4725 559 4780 illi
584 4714 984 4796 deputaverat,
1010 4723 1210 4778 statim
1256 4722 1484 4792 direxit,
1500 4727 1558 4777 et
1590 4723 1647 4777 iu
1681 4729 1969 4794 quantum

2086 3570 2442 3625 Attiniacum
2473 3566 2870 3635 condixerant,
2906 3565 3374 3639 appropinquare
3410 3564 3733 3635 videbatur,

2088 3659 2226 3731 quid
2279 3658 2546 3714 consulte
2594 3675 2658 3712 ac
2713 3656 2901 3712 solida
2946 3656 3059 3711 ﬁde
3110 3656 3223 3712 sibi
3275 3655 3517 3728 suisque
3566 3672 3733 3729 agere

2088 3751 2398 3821 oporteret,
2452 3746 2702 3803 Karolus
2756 3746 2966 3801 anxius
3026 3749 3169 3801 erat.
3222 3745 3370 3819 Ergo
3422 3744 3729 3817 participes

2087 3842 2443 3894 secretorum
2493 3839 2790 3903 convocat,
2841 3851 2964 3889 rem
3016 3834 3292 3889 omnibus
3326 3822 3522 3889 notam
3554 3822 3730 3905 repli-

2088 3932 2199 3994 cat,
2250 3945 2315 3982 ac
2369 3925 2867 3998 quemadmodum
2917 3942 2950 3979 a
2997 3927 3163 3978 tanta
3208 3922 3541 3978 calamitate
3591 3939 3727 3977 con-

2086 4016 2395 4089 gruentius
2426 4032 2486 4070 se
2520 4030 2776 4085 suosque
2815 4011 2945 4068 exui
2996 4028 3167 4084 posse
3215 4009 3629 4078 existimarent,
3665 4016 3728 4066 ut

2085 4102 2724 4178 aperiretur,deposcit,
2742 4118 2919 4173 seque
2951 4101 3007 4155 in
3041 4100 3315 4156 omnibus
3348 4098 3589 4172 publica;
3621 4096 3727 4155 uti-

2083 4194 2231 4249 litati
2264 4209 2467 4265 parere
2494 4190 2641 4247 velle
2673 4208 2686 4245 ε
2725 4190 2968 4262 insuper
2999 4189 3197 4256 etiam,
3233 4189 3281 4244 si
3312 4192 3597 4261 oporteret
3624 4205 3724 4263 pro

2084 4298 2152 4337 ea
2182 4286 2430 4338 mortem
2459 4279 2679 4350 subire,
2715 4277 2961 4334 minime
2993 4277 3224 4332 differre
3252 4277 3485 4332 fatetur.
3508 4274 3722 4342 Quibus

2084 4388 2219 4426 cum
2254 4370 2514 4442 undique
2534 4368 2686 4423 vires
2716 4367 2964 4423 crevisse
2985 4366 3336 4435 viderentur,
3354 4364 3721 4421 reminiscen-

2083 4466 2170 4516 tes
2201 4458 2573 4526 insidiarum,
2607 4473 2753 4529 quas
2786 4455 3111 4512 Lodharius
3154 4452 3515 4526 temporibus
3546 4454 3720 4526 patris

2081 4550 2172 4605 sui
2197 4548 2347 4621 patri
2369 4554 2424 4603 et
2447 4545 2653 4602 Karolo
2674 4544 2889 4599 inferre
2904 4545 3231 4611 studuerat,
3248 4560 3396 4615 quas
3407 4543 3577 4598 etiam
3594 4547 3723 4615 post

2081 4638 2306 4694 obitum
2332 4634 2513 4709 patris
2536 4632 2816 4689 fratribus
2839 4632 2964 4689 suis
3000 4632 3225 4704 absque
3256 4626 3717 4688 remediozstrue-

2080 4729 2200 4783 bat.
2216 4725 2614 4782 Occurrebant
2641 4722 2886 4793 insuper
2907 4712 3293 4787 sacramenta,
3309 4737 3434 4792 qua:
3452 4725 3591 4775 tunc
3608 4716 3716 4775 nu-

277 4844 283 4853 ›
312 4795 522 4891 potuit,
557 4830 630 4889 ne
665 4795 763 4867 illi
813 4829 875 4867 se
919 4811 1258 4878 subderent,
1294 4811 1657 4882 perturbavit
1689 4828 1701 4866 :
1737 4818 1793 4867 et
1843 4818 1906 4868 ut
1935 4830 1966 4869 e
1996 4825 2044 4890 D
2074 4834 2178 4890 per
2197 4813 2497 4871 fefellerat.
2519 4811 2766 4867 Aiebant
2788 4827 2850 4865 se
2886 4826 3121 4865 omnem
3145 4807 3439 4881 justitiam
3460 4809 3531 4864 ab
3558 4795 3623 4865 ed
3645 4808 3715 4863 li-

312 4902 628 4959 Provincia-
673 4900 744 4957 ad
805 4917 868 4955 se
913 4899 1209 4954 venientes
1259 4898 1567 4971 exciperet,
1605 4902 1876 4971 perrexit,
1910 4907 1966 4957 et

302 4990 814 5069 quemadmodum
845 4987 1275 5043 Lodhuwicum
1308 4986 1439 5042 dolo
1489 5005 1561 5042 an
1607 4988 1660 5043 vi
1693 5006 1970 5061 superare

313 5084 533 5152 posset,
554 5077 826 5134 intendit.

268 5222 293 5233 η
385 5167 624 5227 Interea
644 5164 891 5220 Karolus
921 5162 1399 5220 Aurelianensem
1450 5166 1656 5220 urbem
1706 5168 1965 5236 veniens,

312 5252 701 5315 Teotbalmm
720 5250 1094 5309 etWarinum
1119 5270 1252 5308 cum
1279 5253 1633 5324 quibusdam
1653 5270 1682 5308 e
1706 5255 1969 5327 Burgun-

272 5328 407 5409 “Id‘ia
436 5341 927 5409 adsevenientcs
974 5345 1276 5412 gratanter
1323 5358 1388 5396 ac
1420 5342 1672 5413 benigne
1719 5346 1962 5416 excepit.

310 5418 455 5488 Ilinc
488 5434 684 5486 autem
727 5428 956 5484 obviam
1010 5429 1324 5497 Dernardo,
1361 5430 1514 5485 sicut
1561 5433 1957 5503 mandaverat,

266 5508 273 5513 ’
306 5510 725 5586 Νίνὸτηθαεθω
760 5517 964 5573 urbem
994 5519 1159 5588 petit.
1177 5519 1289 5574 Sed
1322 5519 1852 5587 Bernardus,more
1874 5541 1961 5579 so-

304 5596 520 5679 lito,ad
552 5604 720 5661 illum
752 5605 947 5661 venire
969 5606 1440 5675 distulit,dicens
1463 5624 1524 5664 se
1556 5625 1690 5663 cum
1713 5611 1958 5684 Pippino

307 5696 551 5767 suisque
571 5688 940 5750 sacramento
965 5696 1251 5763 ﬁrmasse,
1268 5701 1334 5750 ut
1356 5701 1561 5751 neuter
1584 5697 1802 5770 absque
1822 5698 1959 5755 alte-

308 5782 431 5836 rius
452 5796 743 5835 consensu
763 5799 897 5835 cum
920 5782 1179 5853 quolibet
1202 5784 1593 5856 quodcunque
1609 5793 1843 5855 pactum
1867 5788 1955 5843 in-

309 5860 675 5920 ire‘deberét.
697 5868 1085 5930 Quamobrem
1116 5875 1365 5927 testatus
1397 5876 1484 5925 est
1517 5873 1588 5926 ad
1624 5873 1751 5930 illos
1782 5894 1843 5931 se
1872 5878 1956 5934 ire

2075 4907 2279 4961 benter
2293 4899 2571 4973 consequi
2591 4898 2751 4968 velle,
2768 4899 2870 4954 sed
2887 4896 2978 4953 his
2994 4897 3228 4955 indiciis
3242 4896 3321 4952 nil
3336 4897 3471 4953 boni
3493 4892 3715 4970 sperare

2078 4990 2495 5068 posse.ldcirco
2513 4989 2624 5044 sibi
2639 4982 2899 5059 undique
2916 4984 3250 5043 consultum
3261 4985 3715 5059 videri,qu'ocun-

2078 5100 2191 5155 que
2213 5082 2386 5137 modo
2409 5084 2628 5153 posset,
2650 5079 2721 5133 ad
2745 5077 3084 5133 condictum
3103 5068 3384 5148 placitum
3404 5074 3593 5131 venire
3608 5076 3710 5132 mi-

2077 5172 2236 5227 nime
2256 5170 2532 5225 differret.
2557 5165 2719 5233 Quod
2742 5165 2791 5222 si
2814 5165 2995 5222 frater
3030 5180 3195 5232 suus,
3229 5165 3313 5220 uti
3352 5164 3705 5237 promiserat,

2076 5274 2453 5332 communem
2482 5250 2798 5312 utilitatem
2831 5266 3091 5327 Quaarere
3133 5272 3200 5310 ac
3248 5258 3501 5309 statuere
3528 5250 3703 5321 vellet,

2075 5349 2185 5405 hoc
2207 5347 2480 5405 omnibus
2504 5344 2657 5401 notis
2677 5343 2924 5417 placere,
2949 5347 3006 5400 et
3022 5348 3087 5399 ut
3115 5342 3415 5416 gratanter
3437 5343 3554 5398 reci
3558 5344 3704 5416 pere-

2072 5441 2185 5506 tur,
2210 5452 2536 5508 congruum
2555 5444 2704 5491 esse.
2721 5434 2823 5489 Sin
2854 5431 3040 5502 aliter,
3063 5426 3520 5507 fretus‘justitia,
3537 5450 3598 5487 ac
3614 5450 3706 5505 per

2070 5527 2178 5582 hoc
2210 5524 2423 5581 auxilio
2447 5522 3039 5594 divino,‘suorumque
3062 5514 3343 5588 fidelium,
3359 5524 3415 5577 et
3431 5520 3701 5593 quidquid

2068 5614 2230 5689 regni
2264 5606 2429 5685 pater
2458 5626 2603 5667 suus
2633 5611 3064 5681 amborumque
3113 5598 3376 5665 fidelium
3427 5608 3702 5685 consensu

2068 5703 2153 5758 illi
2184 5703 2442 5768 dederat,
2480 5699 2743 5755 obtinere
2765 5698 2927 5754 omni
2958 5698 3172 5754 virtute
3203 5715 3316 5753 non
3350 5698 3621 5772 negligat.

2138 5793 2286 5862 Ergo
2320 5807 2521 5845 omnes
2553 5787 2874 5859 Aquitanos
2925 5787 3025 5858 qui
3075 5803 3192 5842 sua:
3243 5786 3395 5860 parti
3428 5786 3702 5855 favebant,

2068 5898 2186 5935 una
2216 5876 2349 5933 cum
2382 5882 2567 5933 matre
2599 5882 2729 5948 post
2762 5894 2822 5933 se
2871 5870 3066 5932 venire
3118 5876 3393 5948 praecepit
3430 5894 3443 5932 :
3478 5876 3703 5950 insuper
