3900 6432
380 540 457 609 39
1449 545 1824 607 NITHARDI
1875 543 1942 609 S.
1984 540 2333 610 RIGHARII
2375 548 2729 613 ABDATIS.
3716 556 3788 621 60

380 686 478 753 cit,
512 679 797 758 quosdam
845 695 979 736 vero
1026 676 1142 737 vita
1191 678 1453 751 prlvavit.
1518 681 1763 752 Insuper
1820 695 2019 753 regna,
2050 678 2107 747 Α
2136 682 2303 755 equis
2336 685 2513 743 biduo
2546 686 2807 761 requiem
2831 690 3008 747 dedit.
3038 690 3246 749 Iterato
3279 690 3475 767 itaque
3498 709 3635 750 cum
3669 693 3785 751 haec

380 795 507 850 quae
540 774 803 845 subjecta
834 771 915 826 illi
949 772 1177 826 efficere
1221 771 1442 836 debuit,
1498 771 1554 825 in
1604 776 1892 843 quantum
1937 788 2030 825 va-

378 866 507 932 luit,
542 861 925 936 perturbavit,
960 864 1035 928 et,
1084 861 1236 932 quod
1289 860 1611 916 maximum
1666 867 1774 929 est,
1809 861 1866 916 in
1921 860 2026 915 fra-

375 961 523 1010 trem
544 951 835 1008 hostiliter
863 950 1052 1016 irruit,
1088 966 1309 1005 necnon
1360 954 1417 1003 et
1466 951 1811 1022 suffragium
1862 970 1893 1006 a
1926 966 2025 1023 pa-

374 1043 543 1117 ganis
575 1042 737 1097 illam
764 1057 1020 1113 quaerere
1051 1038 1354 1111 compulit.
1381 1038 1819 1108 Verumtamen,
1847 1057 2027 1111 quan-

372 1149 551 1205 quam
599 1148 661 1189 se
711 1131 833 1185 hmo
881 1131 957 1184 ita
1010 1129 1310 1193 haberent,
1344 1128 1403 1182 in
1447 1134 1815 1198 conventum,
1869 1132 2022 1202 quod

369 1222 669 1279 communi
704 1236 993 1277 consensu
1026 1222 1370 1287 statuerant,
1389 1218 1583 1276 venire
1605 1237 1666 1275 se
1686 1219 1830 1275 velle
1852 1238 2022 1274 man-

369 1315 529 1370 davit
564 1330 576 1367 :
613 1311 709 1367 ubi
742 1309 790 1366 si
823 1326 1199 1364 communem
1250 1308 1581 1375 utilitatem,
1618 1311 1701 1365 uti
1743 1311 2023 1381 promise-

368 1408 481 1468 rat,
531 1417 786 1474 quaerere
835 1416 901 1454 ac
947 1403 1206 1453 statuere
1252 1398 1443 1464 vellet,
1478 1398 1590 1453 sibi
1638 1399 1891 1470 placere;
1927 1401 2018 1456 sin

365 1492 556 1560 aliter,
586 1491 657 1546 de
687 1505 866 1561 regno
896 1489 1049 1560 quod
1083 1488 1237 1543 Deus
1270 1491 1549 1561 paterque
1581 1506 1725 1544 suus
1775 1507 2017 1545 suorum

365 1598 656 1639 consensu
688 1579 773 1634 illi
806 1578 1064 1643 dederat,
1099 1576 1361 1633 consiliis
1393 1594 1635 1633 suorum
1668 1578 1930 1634 fidelium
1957 1579 2016 1634 in

365 1672 663 1740 omnibus,
698 1668 1022 1724 secundum
1056 1666 1157 1721 Dei
1187 1666 1570 1735 voluntatem,
1606 1683 1806 1738 parere
1830 1685 1891 1722 se
1923 1668 2016 1723 in-

365 1761 576 1818 notuit.
610 1761 682 1815 Et
727 1758 822 1813 his
851 1756 933 1812 ita
981 1755 1344 1828 compositis,
1380 1756 1533 1811 idem
1587 1758 1696 1812 iter
1744 1757 2012 1830 arripuit,

364 1856 540 1924 atque
571 1850 643 1905 ad
693 1846 1001 1920 przefatum
1049 1845 1244 1901 locum
1295 1845 1483 1917 pridie
1530 1862 1709 1917 quam
1755 1852 2010 1913 venerat,

360 1939 657 2015 praevenit.
692 1940 815 2003 Quo
866 1935 1106 2007 quidem
1149 1934 1496 2002 Lodharius,
1530 1934 1705 1989 veluti
1752 1952 1820 1991 ex
1870 1954 2013 1992 con-

359 2029 536 2095 sulto,
568 2026 766 2083 venire
812 2023 1061 2080 distulit.
1098 2023 1517 2078 Verumtamen
1569 2024 1784 2079 missos
1834 2024 2010 2081 variis
2041 2050 2089 2116 Β

359 2116 744 2191 querimoniis
801 2114 1048 2170 refertos
1108 2113 1443 2184 frequenter
1498 2112 1788 2181 mittebat,
1824 2120 1880 2170 et
1940 2132 2009 2171 ne

357 2209 504 2263 forte
535 2223 604 2260 ex
631 2203 946 2276 improviso
969 2201 1216 2257 Karolus
1237 2218 1417 2273 supra
1448 2200 1613 2257 illum
1640 2202 1860 2259 irruere
1882 2221 2009 2276 pos-

357 2299 466 2362 set,
498 2293 756 2349 cavebat.

428 2384 655 2439 Interea
680 2380 856 2453 legati
888 2396 921 2434 a
953 2379 1311 2436 Lodbuwico
1332 2385 1609 2435 venerant
1643 2382 2004 2451 nuntiantes,

357 2472 510 2545 quod
546 2470 595 2526 si
628 2469 802 2525 sciret
832 2468 1122 2540 quomodo
1154 2467 1279 2522 ﬁeri
1309 2472 1527 2540 posset,
1563 2470 1620 2524 in
1652 2468 1810 2526 illius
1838 2472 2006 2543 adju-

354 2559 573 2617 torium
604 2557 801 2614 venire
853 2555 1042 2613 vellet.
1087 2558 1210 2622 Quo
1253 2573 1314 2612 so
1361 2557 1610 2613 Karolus
1661 2562 1717 2614 et
1746 2558 2007 2632 indigere

356 2647 678 2721 respondit,
713 2645 935 2719 gratias
988 2661 1257 2716 congrua:
1314 2644 1599 2702 voluntati
1657 2648 1793 2720 egit,
1829 2654 1885 2704 et
1940 2654 2006 2705 ut

353 2738 464 2795 hoc
494 2736 815 2793 accelerare
847 2734 1168 2801 studerent,
1191 2733 1759 2806 protinusprazfatos
1790 2737 2004 2795 missos

352 2825 598 2883 remisit.
632 2825 894 2896 Cumque
926 2826 1178 2895 quatuor
1207 2822 1293 2877 vel
1324 2839 1389 2879 eo
1411 2823 1671 2895 amplius
1702 2824 1824 2881 dies
1856 2826 1999 2881 inibi

350 2917 665 2973 adventum
725 2912 997 2969 Lodharii
1057 2911 1509 2984 praestolaretur,
1544 2918 1600 2969 et
1648 2913 1746 2969 ille
1804 2916 2000 2972 venire

348 3005 631 3072 differret,
660 3002 999 3059 concionem
1033 3001 1295 3066 advocat,
1321 3001 1635 3057 concilium
1670 3002 1799 3057 iniit
1826 3005 1996 3076 quid-

348 3111 485 3150 nam
517 3092 846 3149 consultius
877 3090 1150 3161 deinceps
1198 3088 1283 3144 illi
1332 3091 1627 3163 agendum
1677 3092 1993 3164 videretur,

345 3183 794 3240 deliberaturus.
848 3178 1096 3246 Quidam
1157 3183 1352 3234 autem
1406 3179 1662 3247 aiebant,
1715 3182 1995 3253 quoniam

342 3276 528 3327 mater
572 3289 681 3327 sua
728 3287 847 3324 una
894 3284 1031 3322 cum
1078 3266 1386 3339 Aquitanis
1433 3269 1722 3336 veniebat,
1763 3271 1993 3326 obviam

340 3359 424 3416 illi
458 3361 541 3415 ire
572 3360 800 3415 debere.
835 3357 944 3413 Sed
981 3356 1239 3410 maxima
1267 3373 1404 3427 pars
1435 3361 1537 3412 aut
1567 3358 1798 3413 obviam
1844 3359 1991 3414 Lod-

2138 774 2339 828 eadem
2367 776 2656 843 fecissent,
2675 778 3006 851 missosque
3034 779 3279 837 invicem
3304 782 3641 854 frequenter
3663 784 3786 840 mit-

2135 865 2346 931 terent,
2379 867 2476 920 sed
2515 866 2659 921 nihil
2711 870 2950 939 proficui
3005 869 3328 927 deliberare
3374 876 3635 943 possent,
3669 878 3784 930 tan-

2136 951 2269 1006 dem
2302 956 2839 1027 appropinquantes
2872 957 3267 1014 Lodhuwicus
3298 966 3355 1015 et
3378 961 3623 1017 Karolus
3653 980 3783 1018 con-

2134 1040 2397 1109 veniunt,
2414 1043 2601 1114 deque
2622 1045 2714 1099 his
2736 1046 3013 1101 omnibus
3038 1047 3093 1101 in
3119 1049 3320 1103 eodem
3344 1056 3628 1106 conventu
3662 1069 3782 1124 quis

2137 1128 2463 1186 Lodharius
2511 1134 2734 1205 absque
2779 1134 3040 1206 quolibet
3090 1138 3489 1195 moderamine
3533 1158 3674 1213 erga
3729 1158 3784 1197 se

2134 1235 2391 1291 suosque
2444 1221 2734 1289 szeviebat,
2771 1223 3018 1278 dolendo
3070 1226 3422 1281 conferunt:
3456 1226 3595 1299 quid
3653 1246 3783 1285 vero

2132 1306 2406 1379 deinceps
2439 1312 2729 1381 agendum
2757 1312 3145 1383 opportunius
3168 1313 3475 1382 videretur,
3496 1315 3555 1370 in
3589 1318 3786 1373 crasti-

2133 1413 2274 1451 num
2336 1398 2733 1455 deliberaturi.
2767 1403 2990 1455 Aurora
3039 1401 3333 1474 siquidem
3380 1404 3783 1462 delucescente

2130 1486 2500 1553 conveniunt,
2536 1487 2849 1543 concilium
2881 1488 3108 1567 ineunt,
3143 1489 3200 1544 in
3247 1507 3360 1563 quo
3412 1492 3667 1548 multum
3716 1495 3783 1549 de

2128 1574 2633 1633 tantacalamitate
2646 1580 3783 1655 eonqueruntur(conquirunt).Cumque

2128 1662 2406 1719 alteruter
2427 1683 2574 1737 qure,
2592 1670 2879 1738 quantave
2901 1670 2957 1722 et
2996 1666 3192 1739 qualia
3212 1669 3369 1740 passi
3398 1686 3432 1724 a
3462 1670 3639 1725 fratre
3663 1672 3781 1728 fue-

2128 1756 2277 1819 rant,
2295 1754 2507 1809 referre
2541 1753 3180 1823 desiissent,universis
3206 1756 3399 1812 visum
3423 1758 3782 1817 unanimiter

2126 1841 2367 1913 parique
2400 1860 2710 1914 consensu,
2743 1848 2862 1899 tam
2899 1862 2967 1899 ex
2998 1850 3368 1902 sacrosancto
3400 1847 3603 1904 ordine
3633 1850 3781 1922 epis-

2124 1947 2423 2002 coporum,
2451 1950 2625 2005 quam
2659 1939 2715 1989 et
2743 1933 3217 2001 laicorum,viros
3256 1935 3501 2005 nobiles,
3521 1937 3777 2009 pruden-

2121 2022 2230 2085 tes,
2266 2020 2573 2076 benevolos
2606 2023 3004 2095 deligant,pcr
3045 2040 3213 2095 quos,
3237 2042 3365 2096 qua}
3413 2030 3579 2098 pater
3626 2027 3779 2083 inter

2119 2107 2250 2163 illos
2284 2114 2589 2181 statuerat,
2624 2117 2681 2166 et
2724 2128 2851 2183 quae
2898 2117 3031 2185 post
3079 2112 3306 2169 obitum
3337 2114 3522 2186 patris
3574 2116 3648 2171 ab
3679 2117 3775 2173 illo

2118 2199 2275 2268 passi
2310 2199 2448 2267 sint,
2476 2201 2758 2256 mandent
2792 2216 2804 2254 :
2840 2200 3082 2273 insuper
3111 2202 3437 2270 obsecrent,
3455 2208 3520 2258 ut
3551 2222 3775 2261 memor

2118 2285 2195 2340 sit
2225 2286 2325 2341 Dei
2358 2288 2796 2361 omnipotentis,
2830 2294 2887 2344 et
2913 2290 3193 2345 concedat
3242 2307 3444 2362 pacem
3493 2293 3773 2349 fratribus

2118 2374 2242 2431 suis
2290 2375 2689 2457 universaque
2747 2377 3014 2433 Ecclesiae
3064 2378 3206 2446 Dei;
3255 2380 3483 2435 cederet
3536 2381 3769 2454 cuique,

2118 2465 2273 2535 quod
2307 2465 2491 2537 patris
2527 2466 2894 2538 fratrumque
2927 2483 3218 2523 consensu
3243 2468 3405 2539 juste
3427 2468 3769 2525 debebatur.

2118 2553 2363 2625 Insuper
2392 2555 2592 2621 etiam,
2610 2560 2674 2609 ut
2697 2555 2879 2626 justis
2903 2554 3173 2627 precibus
3198 2556 3771 2628 acquiesceret,offe-

2114 2647 2248 2697 rant
2274 2642 2357 2698 illi
2392 2644 2678 2716 quidquid
2701 2645 2923 2716 absque
2946 2645 3113 2717 equis
3136 2649 3194 2701 et
3212 2631 3390 2701 armis
3413 2646 3471 2701 in
3494 2647 3770 2704 universo

2114 2734 2367 2787 exercitu
2400 2733 2613 2789 habere
2643 2733 3009 2788 videbanlur.
3034 2735 3103 2789 Et
3137 2735 3185 2790 si
3219 2735 3312 2791 his
3335 2736 3574 2792 monitis
3596 2738 3771 2793 obse-

2113 2821 2354 2876 cratioui
2365 2822 2589 2894 busque
2604 2823 2973 2893 acquiescere
2986 2823 3442 2897 vcllet,placere:
3469 2826 3557 2881 sin
3579 2825 3767 2893 aliter,

2112 2909 2344 2965 aiebant
2364 2928 2424 2967 se
2438 2911 2630 2965 divino
2645 2928 2713 2966 ex
2726 2928 2965 2967 munere
2985 2913 3333 2987 suffragium
3355 2914 3575 2987 absque
3588 2916 3621 2969 d
3632 2916 3768 2971 ubio

2110 3014 2343 3069 sperare
2376 3015 2568 3071 posse,
2591 3000 2639 3054 si
2673 3015 2846 3055 omne
2870 3001 3026 3071 quod
3059 3001 3292 3071 justum
3324 3006 3432 3069 est,
3451 3001 3689 3069 vellent,
3712 3008 3769 3059 et

2107 3085 2216 3141 hoc
2239 3087 2400 3142 fratri
2434 3088 2638 3143 offerre
2660 3087 2962 3143 humiliter
2986 3091 3307 3145 studerent.
3324 3093 3457 3157 Quae
3480 3091 3761 3163 quoniam

2108 3175 2313 3230 merito
2346 3180 2472 3231 rata
2500 3177 2870 3245 videbantur,
2897 3178 3166 3249 protinus
3197 3178 3423 3250 expleta
3453 3182 3612 3235 sunt.

2178 3264 2289 3320 Sed
2313 3263 2433 3319 hate
2449 3263 2624 3319 veluti
2648 3282 2751 3336 pro
2775 3264 2956 3319 nihilo
2976 3266 3152 3321 ducta
3167 3266 3490 3323 Lodharius
3503 3270 3723 3340 sprevit
3747 3290 3759 3337 ;

2104 3373 2206 3427 per
2237 3372 2397 3422 suos,
2433 3372 2493 3409 se
2528 3354 2671 3409 nihil
2713 3355 2937 3427 absque
2988 3355 3184 3427 przelio
3225 3356 3371 3412 velle
3422 3358 3758 3427 mandavit;
3852 3372 3853 3375 ‘

340 3449 506 3505 hario
552 3447 663 3503 iter
711 3445 966 3517 arripere
1013 3420 1359 3512 suadebant,
1385 3448 1487 3499 aut
1532 3450 1706 3512 certe,
1742 3447 1990 3502 ubicun-
2023 3420 2066 3487 α
2104 3420 2531 3514 confestimque
2559 3442 2792 3498 obvium
2828 3420 3208 3516 Dippi-no,qui
3241 3446 3313 3501 ab
3341 3445 3655 3518 Aquitania
3681 3420 3760 3503 ad

340 3555 456 3609 que
482 3535 675 3601 vellet,
709 3535 1024 3589 adventum
1067 3531 1225 3588 illius
1255 3532 1577 3604 praestolari
1609 3534 1817 3590 debere
1847 3537 1996 3592 dice-

341 3626 522 3680 bant:
548 3623 621 3678 ob
643 3622 753 3677 hoc
774 3620 1012 3693 quidem
1036 3619 1309 3685 maxime,
1325 3620 1602 3692 quoniam
1628 3622 1674 3677 si
1700 3625 1993 3694 quomodo

341 3712 627 3768 aliorsum
662 3710 774 3765 iter
796 3710 1025 3764 flectere
1056 3708 1347 3781 ccepisset,
1364 3709 1558 3764 cuncti
1592 3710 1791 3782 fugam
1823 3711 1991 3768 illum

340 3801 544 3857 iniisse
579 3801 893 3871 jactarent,
927 3801 984 3851 et
1032 3796 1172 3851 hinc
1221 3796 1577 3853 Lodharium
1628 3803 1685 3853 et
1725 3817 1863 3856 suos
1895 3818 1993 3856 au-

339 3889 632 3946 dentiores
664 3886 786 3943 fieri
814 3887 1042 3942 debere.
1075 3887 1261 3957 Atque
1310 3885 1392 3952 hi,
1426 3886 1527 3957 qui
1577 3887 1769 3942 adhuc
1814 3906 1992 3946 causa

339 3978 567 4035 timoris
596 3976 788 4033 neutri
821 3991 949 4031 sese
979 3973 1412 4046 copulaverant,
1446 3975 1515 4030 ad
1552 3974 1720 4032 illum
1752 3978 1989 4034 affluere

337 4069 598 4140 undique
630 4065 1136 4139 sperabant,quod
1169 4068 1226 4119 ct
1246 4065 1455 4119 evenit.
1472 4067 1822 4139 Quanquam
1843 4068 1992 4123 diffi-

335 4157 464 4228 cile,
497 4155 799 4228 przevaluit
846 4159 1043 4209 tamen
1092 4153 1385 4208 sententia
1436 4155 1719 4225 priorum.
1773 4158 1988 4221 Quam-

333 4246 534 4300 obrem
557 4242 1029 4299 Cadhellonicam
1064 4240 1308 4296 Karolus
1340 4241 1486 4297 adiit
1528 4244 1756 4312 urbem,
1791 4244 1988 4319 ibique

336 4337 523 4388 matre
554 4348 671 4386 una
701 4347 836 4386 cum
864 4329 1172 4401 Aquitanis
1205 4334 1456 4402 recepta,
1491 4337 1728 4403 repenta
1759 4336 1989 4391 nuntia-

333 4424 431 4476 tur
461 4420 615 4492 quod
649 4417 1044 4474 Lodhuwicus
1076 4434 1209 4471 cum
1230 4418 1537 4475 Adelberto
1568 4421 1714 4477 duce
1744 4425 1984 4480 Austra-

333 4510 556 4567 siorum
587 4507 784 4580 praelia
825 4505 1138 4562 commisso
1181 4507 1436 4572 vicisset,
1469 4509 1785 4582 Rhenoque
1816 4513 1986 4581 traje-

332 4603 423 4655 cto
454 4599 526 4655 ob
558 4596 719 4653 illius
747 4596 1497 4667 adjutorium,quantocius
1518 4599 1979 4669 posset,veniret.

331 4688 492 4755 Quod
525 4703 660 4743 cum
693 4685 856 4743 ocius
888 4684 1175 4741 universis
1209 4687 1417 4742 castris
1449 4687 1724 4742 omnibus
1775 4694 1981 4745 notum

2104 3531 2269 3587 illum
2296 3532 2582 3599 veniebat,
2604 3531 2713 3588 iter
2744 3532 3013 3604 arripuit.
3049 3535 3211 3599 Quod
3245 3551 3379 3589 cum
3409 3536 3572 3591 ocius
3603 3536 3761 3591 didi-

2102 3620 2320 3676 cissent
2347 3620 2744 3676 Lodbuwicus
2775 3626 2832 3675 et
2865 3622 3175 3694 sui,supra
3206 3624 3447 3679 modum
3479 3641 3601 3679 rem
3634 3642 3763 3697 gra-

2099 3709 2246 3764 viter
2304 3710 2553 3764 ferentes
2599 3711 2788 3778 (erant
2838 3708 2996 3764 enim
3049 3711 3311 3784 undique
3353 3713 3608 3785 graviter
3636 3716 3759 3772 tam

2100 3798 2325 3854 itineris
2343 3798 2730 3871 longitudine,
2750 3815 2929 3871 quam
2960 3804 3019 3855 et
3047 3799 3282 3871 prieliis,
3297 3800 3589 3874 variisque
3610 3802 3760 3858 diffi—

2100 3886 2439 3954 cultatibus,
2474 3891 2529 3943 et
2560 3886 2813 3942 maxime
2845 3905 3133 3961 equorum
3182 3888 3378 3961 inopia
3427 3890 3629 3961 attriti)
3658 3907 3755 3946 νῦ

2098 3982 2430 4032 rumtamen
2465 3993 2805 4048 quanquam
2831 3977 3034 4033 sehzec
3060 3976 3141 4032 ita
3163 3977 3463 4045 haberent,
3478 3978 3755 4035 timentes

2099 4083 2171 4121 ne
2193 4066 2335 4120 forte
2358 4065 2405 4119 si
2430 4065 2501 4120 ab
2525 4064 2740 4120 auxilio
2764 4065 2962 4121 fratris
2984 4067 3163 4121 frater
3192 4067 3480 4134 deficeret,
3504 4068 3754 4140 posteris

2097 4155 2223 4211 suis
2253 4153 2559 4227 indignam
2592 4153 2934 4209 memoriam
2983 4154 3378 4227 reliquissent.
3412 4154 3572 4222 Quod
3621 4156 3752 4228 qui-

2095 4245 2229 4300 dem
2262 4260 2333 4298 ne
2365 4243 2639 4310 facerent,
2665 4243 2966 4316 elegerunt
2996 4244 3155 4299 omni
3188 4243 3465 4317 penuriae,
3489 4245 3665 4300 etiam
3698 4246 3751 4300 si

2095 4332 2586 4404 oporteret,morti
2606 4332 2801 4403 potius
2820 4332 3223 4404 subire,quam
3243 4349 3452 4388 nomen
3468 4333 3750 4392 invictum

2096 4421 2381 4477 amittere.
2399 4421 2791 4499 Quamobrem
2814 4438 2882 4476 ex
2901 4421 3101 4476 eadem
3117 4421 3600 4495 magnanimitate
3613 4438 3751 4478 mm-

2094 4509 2256 4566 stitia
2287 4526 2586 4580 oppressa,
2622 4510 2868 4564 invicem
2894 4526 2954 4564 se
2986 4509 3387 4578 adhortantes,
3420 4511 3746 4583 gaudentes

2091 4598 2476 4669 velocitcrque
2506 4603 2571 4652 ut
2600 4598 2958 4652 Lodharium
2991 4597 3104 4653 cito
3155 4600 3430 4670 consequi
3484 4603 3747 4670 possent,

2090 4688 2273 4744 ibant.
2289 4686 2553 4758 Cumque
2583 4686 2874 4758 insperate
2898 4691 3134 4759 propter
3157 4689 3360 4743 urbem
3382 4687 3748 4744 Alciodoren-

330 4779 514 4846 fieret,
539 4776 736 4833 cuncti
796 4774 974 4831 alacri
1033 4774 1230 4830 animo
1281 4779 1347 4830 ut
1396 4774 1479 4829 illi
1528 4776 1760 4832 obviam
1808 4777 1979 4846 irent,
2013 4792 2061 4857 ι)
2089 4793 2215 4833 sem
2266 4779 2509 4847 uterque
2557 4775 2847 4831 exercitus
2894 4774 3039 4831 alter
3084 4776 3155 4831 ab
3207 4774 3386 4832 altero
3429 4776 3743 4845 videretur,

330 4865 678 4922 suadebant.
715 4863 1042 4921 Lodharius
1085 4880 1317 4935 quoque
1362 4862 1485 4919 hinc
1536 4864 1618 4920 ita
1666 4881 1729 4921 se
1768 4866 1983 4923 habere
2092 4863 2399 4921 confestim
2448 4862 2775 4920 Lodharius
2822 4880 3048 4933 verens,
3077 4881 3151 4921 ne
3200 4866 3345 4921 forte
3393 4864 3596 4921 fratres
3649 4866 3744 4920 sui

329 4960 396 5011 ut
425 4953 829 5026 deprehendit,
864 4952 1234 5008 circumfusae
1264 4952 1418 5025 plebi
1452 4953 1727 5010 Karolum
1778 4947 1977 5028 fugam

263 5064 269 5069 ο
325 5043 530 5111 inisse,
562 5042 951 5114 persequiquc
982 5040 1148 5096 illum
1187 5043 1536 5113 quantocius
1586 5049 1803 5116 posset,
1834 5044 1980 5101 velle

328 5131 659 5187 denuntiat.
679 5133 802 5196 Quo
834 5130 1071 5202 quidem
1107 5130 1311 5186 nuntio
1344 5131 1492 5186 fidos
1525 5130 1635 5187 sibi
1667 5130 1979 5190 alacriores

329 5220 602 5287 reddidit,
637 5218 832 5275 dubiis
872 5223 1067 5273 autem
1109 5219 1443 5290 quibusque
1474 5224 1530 5274 et
1569 5220 1845 5275 affluendi
1881 5239 1976 5278 au-

329 5307 557 5363 daciam
604 5307 827 5380 injecit,
860 5311 916 5363 et
966 5307 1253 5362 firmiores
1315 5325 1431 5363 sure
1492 5309 1642 5379 parti
1704 5310 1972 5366 reddidit.

327 5396 592 5467 Cumque
623 5394 868 5451 Karolus
899 5413 933 5451 a
964 5394 1249 5451 Lodhario
1272 5396 1546 5468 persequi
1571 5414 1632 5451 se
1654 5397 1987 5467 didicisset,

278 5518 286 5523 -
328 5484 607 5557 quoniam
642 5484 701 5540 in
731 5483 954 5539 difficili
1007 5482 1134 5539 loco
1184 5485 1354 5556 aquis
1398 5484 1828 5558 paludibusque
1874 5488 1981 5543 cir-

328 5574 494 5627 cumf
494 5572 616 5628 usis
644 5577 835 5628 castra
866 5577 1205 5644 posuerant,
1221 5578 1283 5627 ut
1303 5574 1526 5644 absque
1548 5574 1806 5645 qualibet
1823 5576 1975 5632 diffi-

328 5660 563 5726 cultate,
596 5660 647 5715 si
675 5660 1002 5716 Lodharius
1030 5660 1222 5730 vellet,
1252 5663 1527 5735 congredi
1549 5668 1807 5734 possent,
1841 5683 1972 5738 pro-

327 5746 489 5802 tinus
517 5748 744 5804 obviam
773 5749 857 5803 illi
908 5750 1175 5821 perrexit.
1210 5754 1344 5817 ane
1396 5751 1633 5822 quidem
1685 5754 1972 5811 Lodhario

336 5838 402 5885 ut
447 5834 715 5890 nuntiata
762 5840 918 5902 sunt,
952 5842 1141 5891 castra
1190 5840 1406 5909 posuit,
1440 5857 1504 5895 ac
1564 5841 1741 5896 veluti
1802 5844 1971 5900 fessis

2091 4955 2314 5025 absque
2341 4950 2620 5008 dilatione
2650 4968 2830 5024 supra
2860 4969 2922 5008 se
2963 4952 3185 5008 irrucre
3214 4952 3447 5021 vellent,
3479 4956 3748 5009 armatus

2088 5044 2282 5097 castra
2298 5039 2730 5112 aliquantulum
2758 5042 3026 5098 excessit.
3041 5043 3204 5108 Quod
3235 5042 3513 5115 quoniam
3534 5042 3742 5100 fratres

2089 5130 2180 5186 sui
2202 5130 2387 5185 facere
2410 5127 2579 5184 illum
2602 5132 3313 5203 cognoverunt,quosdam
3338 5147 3536 5188 secum
3558 5149 3743 5188 arma

2087 5224 2177 5275 tos
2199 5222 2596 5286 assumunt,et
2607 5218 2831 5290 absque
2847 5219 3127 5275 dilatione
3144 5220 3372 5276 obviam
3395 5222 3735 5292 procedunt.

2087 5308 2300 5364 Missos
2330 5306 2576 5362 invicem
2610 5308 2873 5377 mittunt,
2897 5326 3220 5382 pacemque
3250 5310 3360 5365 sub
3393 5314 3561 5365 nocte
3583 5328 3736 5366 com-

2089 5401 2337 5470 ponunt.
2368 5396 2571 5452 Castra
2600 5400 2797 5451 autem
2846 5398 2918 5453 ab
2967 5397 3216 5454 invicem
3266 5398 3567 5455 distabant
3608 5400 3737 5473 plus

2087 5487 2286 5542 minus
2309 5486 2505 5542 leucas
2528 5488 2664 5554 tres,
2681 5491 2738 5542 et
2760 5486 3038 5544 intererat
3054 5487 3305 5560 paucula
3334 5486 3504 5560 palus
3524 5488 3736 5545 saltus-

2086 5594 2199 5649 que
2234 5593 2245 5631 :
2282 5592 2347 5632 ac
2377 5592 2481 5647 per
2509 5574 2618 5631 hoc
2639 5579 2763 5631 erat
2795 5577 3027 5648 utrique
3058 5578 3129 5633 ad
3182 5576 3431 5633 alterum
3479 5577 3737 5634 difficilis

2084 5683 2375 5722 accessus.
2407 5666 2773 5736 Quapropter
2802 5683 3013 5722 aurora
3047 5666 3469 5735 delucescente,
3500 5667 3735 5723 Lodhu-

2082 5757 2271 5813 wicus
2304 5758 2360 5810 et
2392 5753 2636 5809 Karolus
2667 5755 2737 5809 ad
2764 5755 3118 5811 Lodharium
3144 5756 3425 5812 mittunt:
3452 5758 3736 5813 mandant

2081 5844 2189 5901 sibi
2221 5843 2387 5898 valde
2409 5842 2736 5914 displicere,
2754 5845 2907 5915 quod
2934 5844 3048 5901 illis
3069 5861 3271 5917 pacem
3295 5844 3517 5915 absque
3539 5844 3730 5918 praelia
