3900 6510
130 622 201 682 61
710 618 814 681 DE
856 615 1500 682 DISSENSIONIBUS
1546 611 1928 677 FILIORUM
1966 613 2339 679 LUDOVlCl
2383 619 2511 680 PII.
2545 654 2623 663 —
2648 620 2794 683 LIB.
2841 618 2949 684 ΙῙῙ.
3458 610 3536 684 62

132 756 532 828 denegaverat.
566 753 731 820 01106
761 752 958 819 etiam.
984 753 1262 825 quoniam
1282 752 1536 818 vcllct,et
1555 750 1775 823 absque
1806 746 1863 815 Α
1890 754 1947 810 in
1981 756 2186 813 horam
2218 759 2538 815 secundam
2571 759 2685 814 diei
2710 759 2917 827 tertiae,
2941 761 3093 832 quod
3119 760 3310 819 evenit
3329 778 3407 819 vn
3429 762 3540 819 Ka-

133 844 391 919 qualibet
420 844 647 911 fraude,
680 843 728 897 si
762 843 888 898 ﬁeri
919 842 1173 910 deberet,
1207 846 1381 899 esset.
1416 844 1485 897 Et
1524 843 1779 913 primum

134 935 371 1008 quidem
394 932 645 1004 jejuniis
678 948 745 987 ac
773 931 923 987 votis
954 932 1141 988 Deum
1173 932 1464 988 invocent.
1490 933 1710 987 Deinde
1733 933 1782 986 si

134 1022 228 1080 ille
259 1020 508 1077 transire
539 1020 611 1076 ad
645 1018 776 1074 illos
805 1019 1112 1087 voluisset,
1135 1019 1325 1077 locum
1350 1022 1697 1077 transeundi
1721 1039 1784 1077 se

136 1115 371 1169 daturos
402 1110 788 1181 promittunt:
812 1114 876 1164 ut
896 1111 1053 1164 omni
1087 1109 1505 1183 impedimento
1528 1130 1636 1167 sua
1656 1130 1787 1167 suo-

136 1217 383 1273 rumque
404 1217 473 1256 ex
494 1204 657 1271 parte
679 1198 896 1257 ablato.
912 1200 1135 1271 absque
1156 1201 1418 1272 qualibet
1438 1201 1668 1257 occulta
1687 1203 1784 1257 de-
1829 1235 1832 1239 ε

140 1290 402 1364 ceptione
434 1288 709 1360 congredi
742 1294 1004 1360 possent.
1041 1292 1176 1356 Quas
1202 1296 1260 1345 et
1285 1291 1335 1347 si
1366 1291 1553 1357 vellet,
1587 1309 1783 1347 sacra-

142 1383 335 1436 mento
367 1378 603 1433 ﬁrmare
635 1382 1058 1449 praeceperunt.
1088 1380 1162 1432 At
1191 1378 1239 1433 si
1274 1378 1472 1447 nollet,
1497 1384 1563 1434 nt
1583 1380 1786 1435 eadem

142 1468 258 1525 illis
287 1466 631 1524 concederet
658 1470 833 1538 atque
865 1467 1142 1534 firmaret,
1180 1472 1387 1539 rogant
1411 1473 1468 1523 et
1497 1470 1789 1541 pctunt.ls

141 1561 335 1615 autem
368 1572 530 1611 more
562 1554 731 1611 solito
764 1571 867 1626 per
888 1572 1026 1610 suos
1050 1573 1110 1611 se
1133 1572 1555 1628 responsurum
1578 1559 1790 1630 promi-

142 1648 238 1715 sit,
269 1650 325 1702 et
353 1649 420 1701 ut
447 1644 625 1717 legati
658 1644 909 1717 regressi
942 1648 1100 1711 sunt,
1117 1645 1386 1716 protinus
1417 1645 1647 1702 obviam
1682 1646 1793 1702 iter

140 1734 409 1809 arripuit,
442 1750 508 1789 ac
540 1732 735 1788 locum
768 1751 885 1805 quo
916 1738 1109 1789 castra
1139 1740 1399 1807 poneret,
1426 1736 1791 1792 Fontaneum

140 1824 303 1898 petit.
337 1824 555 1879 Eadem
588 1826 787 1878 autem
821 1822 916 1877 die
940 1824 1150 1879 fratres
1177 1823 1269 1880 sui
1296 1829 1429 1896 post
1450 1824 1791 1881 Lotharium

140 1916 249 1969 iter
278 1911 699 1980 accelerantes,
722 1916 1169 1992 antecesserunt
1189 1911 1378 1981 illum,
1395 1918 1452 1968 et
1470 1917 1705 1986 propter
1717 1915 1797 1969 vi-

141 2020 296 2071 cum,
331 2001 433 2074 qui
465 2000 789 2056 Tauriaeus
821 2000 1054 2069 dicitur;
1088 2005 1280 2058 castra
1311 2005 1793 2075 posuerunt.Cra-

1894 851 2047 906 lend.
2076 852 2240 918 Julii,
2277 869 2416 923 pace
2449 854 2830 924 utrorumque
2860 870 2926 907 ex
2957 857 3120 924 parte
3153 853 3541 926 jurejurando

1894 943 2144 1008 ﬁrmata,
2201 944 2271 997 ad
2323 946 2517 998 castra
2566 944 2830 1009 redeunt,
2880 941 3123 999 missam
3169 959 3303 998 vero
3352 941 3541 999 sancti

1893 1032 2136 1087 Joannis
2163 1032 2220 1086 in
2253 1033 2575 1087 crastinum
2608 1033 2976 1087 celebraturi.
3014 1032 3254 1106 Pippino
3309 1051 3543 1106 quoque

1894 1122 2097 1175 eadem
2139 1121 2230 1176 die
2276 1123 2602 1178 Lodharius
2652 1123 2709 1176 in
2760 1122 3239 1195 supplementum
3291 1127 3542 1195 recepto,

1897 1211 2139 1266 mandat
2170 1210 2449 1266 fratribus
2474 1211 2622 1282 suis,
2646 1214 2923 1284 quoniam
2948 1212 3166 1267 scirent
3189 1212 3272 1268 illi
3301 1213 3549 1285 impera-

1895 1300 2040 1354 toris
2072 1317 2282 1354 nomen
2314 1316 2528 1373 magna
2562 1301 2905 1356 auctoritate
2948 1302 3129 1357 fuisse
3178 1302 3544 1374 impositum,

1900 1392 1961 1443 ut
1992 1390 2365 1444 considerent
2396 1393 2686 1462 quatenus
2716 1391 2982 1459 eiusdem
3006 1392 3264 1447 nominis
3286 1391 3553 1464 magniﬁ-

1898 1494 2034 1533 cum
2066 1482 2266 1550 posset
2296 1478 2526 1549 explere
2553 1479 2837 1534 officium.
2872 1480 3120 1553 Insuper
3149 1485 3343 1537 autem
3393 1482 3551 1537 haud

1900 1583 1962 1623 se
1992 1566 2243 1622 libenter
2271 1572 2660 1639 utrorumque
2694 1585 2949 1640 quaerere
2982 1570 3330 1642 profectum.
3365 1573 3551 1626 Inter-

1900 1656 2085 1727 rogati
2110 1657 2395 1724 autem,si
2416 1657 2699 1728 quiddam
2732 1658 2943 1712 horum
2976 1676 3104 1731 qua:
3134 1660 3557 1714 mandaverant

1901 1744 2155 1817 recipere
2184 1745 2372 1814 vellet,
2405 1745 2493 1801 vel
2524 1746 2595 1802 si‘
2616 1746 2942 1818 quamlibet
2986 1747 3272 1803 finitivam
3322 1751 3555 1804 senten-

1902 1835 2046 1890 tiam
2078 1833 2194 1889 illis
2228 1836 2587 1905 mandasset,
2620 1836 2766 1891 nihil
2791 1836 2901 1892 sibi
2926 1837 3138 1893 horum
3163 1837 3346 1893 fuisse
3368 1837 3559 1908 injun-

1903 1919 2066 1970 ctum
2097 1917 2545 1986 responderunt.
2578 1917 2971 1981 Quamobrem
3003 1933 3138 1972 cum
3181 1917 3375 1973 omnis
3422 1934 3558 1989 spes

1894 2003 2144 2075 justitiaa
2178 2021 2244 2058 ac
2266 2004 2427 2076 pacis
2450 2022 2559 2060 sua
2574 2020 2643 2059 ex
2664 2010 2828 2077 parte
2855 2004 3053 2060 ablata
3072 2006 3558 2071 videretur,man-

142 2092 296 2147 stina
323 2091 420 2145 die
450 2089 741 2147 exercitus
761 2090 1069 2162 praeparati
1093 2090 1165 2146 ad
1191 2090 1679 2162 prmlium,castra
1698 2091 1795 2147 ali-
1827 2118 1875 2184 Β
1906 2094 2049 2147 dant
2099 2092 2204 2160 illi,
2238 2092 2287 2148 si
2328 2093 2542 2149 melius
2591 2111 2706 2149 non
2756 2093 3094 2162 invenisset,
3128 2098 3230 2150 aut
3278 2095 3561 2166 reciperet

143 2179 499 2254 quantulum
548 2184 945 2235 excesserunt.
981 2179 1346 2235 Praemittens
1397 2181 1796 2238 Lodbuwicus

142 2287 207 2326 ac
234 2268 485 2326 Karolus
519 2268 806 2324 Lodhario
838 2269 1286 2336 mandaverunt,
1303 2274 1369 2324 ut
1391 2268 1617 2326 memor
1643 2275 1799 2327 esset

144 2359 410 2415 fraternae
443 2357 821 2426 conditionis,
857 2358 1074 2413 sineret
1103 2357 1423 2414 Ecclesiam
1454 2359 1557 2414 Dei
1588 2364 1644 2415 et
1674 2361 1801 2415 uni-

143 2464 377 2505 versum
400 2446 685 2520 populum
708 2446 1109 2503 Christianum
1134 2463 1335 2519 pacem
1358 2446 1801 2517 habere,oonce—

146 2537 306 2593 deret
346 2536 467 2592 illis
518 2552 697 2609 regna
725 2553 760 2591 a
790 2540 955 2607 patre
1001 2554 1109 2592 suo
1160 2553 1451 2593 consensu
1500 2555 1797 2606 concessa,

144 2626 387 2683 haberet
411 2643 523 2682 sua
552 2625 687 2696 sibi,
719 2643 835 2681 non
868 2625 1098 2694 merito,
1125 2626 1226 2681 sed
1250 2626 1374 2683 sola
1390 2622 1804 2684 misericordia

146 2733 178 2771 a
208 2719 375 2788 patre
406 2714 493 2770 illi
518 2713 825 2771 relicta.Et
845 2714 904 2770 in
927 2730 1171 2771 munere
1191 2715 1513 2772 offerebant
1531 2716 1615 2773 illi
1638 2718 1805 2791 quid-

147 2803 285 2877 quid
314 2803 376 2860 in
409 2803 684 2860 universo
706 2802 959 2859 exercitu
982 2804 1205 2875 absque
1226 2805 1407 2861 armis
1425 2810 1485 2860 et
1507 2806 1673 2878 equis
1698 2807 1802 2863 ha-

146 2893 288 2949 bere
314 2893 690 2949 videbantur.
704 2894 776 2948 At
796 2892 845 2948 si
866 2892 922 2947 id
941 2892 1433 2958 nollet,cedebant
1451 2893 1538 2949 illi
1560 2898 1808 2967 uterque

148 2981 481 3056 portionem
512 2981 699 3055 regni,
724 2980 873 3037 alter
893 2998 1079 3055 usque
1099 2982 1657 3052 Carbonarias,alter
1674 3001 1807 3040 vero

150 3088 341 3144 usque
392 3071 689 3127 Rhenum.
732 3070 897 3136 Quod
945 3075 1003 3125 et
1050 3070 1100 3125 si
1151 3074 1439 3139 renueret,
1472 3070 1809 3127 universam

152 3158 464 3216 Franciam
497 3176 667 3231 aequa
695 3157 860 3213 lance
908 3157 1255 3225 dividerent,
1289 3162 1346 3214 et
1387 3158 1676 3230 quidquid
1704 3159 1807 3213 ho-

155 3266 287 3304 rum
321 3248 518 3316 vellet,
552 3266 671 3303 sua:
703 3246 943 3302 ditionis
971 3250 1145 3301 esset.
1169 3247 1254 3302 Ad
1276 3247 1434 3318 quod
1458 3247 1807 3315 Lodharius,

154 3354 318 3393 more
351 3337 549 3405 solito,
584 3353 687 3408 per
716 3351 855 3391 suos
886 3351 950 3390 se
981 3334 1266 3407 quidquid
1308 3334 1564 3406 placeret
1610 3338 1811 3391 notare

154 3426 484 3499 respondit,
519 3424 878 3495 mittensquc
910 3439 1012 3494 per
1042 3439 1297 3494 prmsens
1328 3424 1677 3495 Drogoncm,
1700 3424 1813 3479 Hu-

1908 2199 2092 2238 unum
2121 2182 2335 2238 horum
2367 2199 2494 2255 quae
2518 2183 2597 2238 illi
2632 2185 3075 2255 mandaverant,
3090 2188 3190 2239 aut
3210 2187 3408 2239 nosset
3429 2182 3560 2238 illos

1906 2271 1965 2326 in
1998 2272 2323 2328 crastinum
2352 2274 2531 2344 (quod
2564 2272 2832 2345 contigit,
2855 2272 3011 2329 sicut
3041 2273 3347 2345 pranl'atum
3371 2275 3461 2328 est
3479 2289 3560 2327 vn

1907 2360 2150 2416 Kalend.
2182 2360 2345 2431 Julii,
2378 2361 2523 2417 hora
2542 2361 2815 2417 videlicet
2831 2361 2945 2417 diei
2966 2362 3268 2429 secunda),
3284 2363 3356 2416 ad
3379 2359 3564 2417 omni-

1908 2449 2160 2521 potentis
2192 2451 2291 2505 Dei
2316 2450 2633 2520 judicium,
2658 2451 2815 2523 quod
2837 2450 2957 2506 illis
2972 2451 3196 2522 absque
3216 2449 3453 2505 illorum
3471 2465 3566 2504 vo-

1908 2538 2134 2595 luntate
2184 2540 2583 2607 mandaverat,
2630 2556 2760 2595 esse
2804 2543 3101 2595 venturos.
3137 2541 3272 2605 Quae
3322 2538 3561 2610 quidem

1912 2628 2241 2684 Lodharius
2272 2628 2441 2684 solito
2473 2646 2632 2684 more
2667 2628 2988 2685 insolenter
3008 2628 3246 2701 sprevit,
3264 2631 3321 2683 et
3335 2628 3564 2682 visuros

1913 2734 1975 2773 se
2005 2716 2145 2789 quid
2179 2735 2348 2791 agere
2378 2718 2633 2788 deberet,
2669 2719 2991 2790 respondit.
3026 2719 3177 2773 Dum
3221 2718 3343 2773 hme
3390 2732 3568 2789 super

1914 2803 2166 2877 Ligerim
2181 2807 2353 2877 juxta
2374 2811 2645 2862 sanctum
2667 2806 3060 2862 Fludualdum
3081 2805 3413 2862 consistens
3431 2804 3568 2861 scri-

1914 2892 2133 2959 berem,
2169 2892 2421 2966 eclypsis
2452 2895 2595 2949 solis
2627 2895 2770 2950 hora
2819 2895 3029 2966 prima,
3064 2895 3258 2967 prima
3301 2893 3463 2961 feria,
3491 2906 3567 2949 xv

1916 2979 2039 3034 Kal.
2070 2981 2415 3038 Novembris
2446 2983 2762 3055 Scorpione
2785 2982 3052 3056 contigit.
3073 2983 3174 3038 His
3197 2983 3281 3038 ita
3301 2982 3562 3048 omissis,

1915 3066 2173 3122 diluculo
2205 3069 2604 3126 Lodhuwicus
2634 3075 2693 3125 et
2724 3071 2968 3127 Karolus
2999 3069 3564 3143 consurgunt,verti-

1916 3170 2043 3209 cem
2077 3155 2294 3211 montis
2325 3158 2533 3213 castris
2567 3158 2837 3213 Lodharii
2861 3158 3120 3230 contigui
3143 3175 3278 3214 cum
3302 3157 3569 3225 tertia,ut

1916 3243 2459 3309 videtur,exercitus
2477 3250 2641 3318 parte
2659 3246 3403 3318 occupant,adventumque
3414 3247 3564 3317 ejus,

1917 3335 1973 3386 et
2004 3331 2207 3387 horam
2242 3336 2583 3403 secundam,
2618 3340 2683 3390 ut
2713 3336 2801 3391 sui
2827 3336 3189 3406 juraverant,
3206 3338 3564 3407 exspectant.

1920 3419 2181 3491 Cumque
2205 3426 2520 3495 utrumque
2545 3426 2795 3491 adesset,
2819 3424 3085 3496 praelium
3108 3441 3287 3496 super
3316 3423 3567 3479 Riudam

153 3487 393 3588 geriem,
427 3487 485 3569 et
514 3487 928 3585 Hegibcrtum;
951 3487 1215 3581 mandat,
1246 3530 1362 3569 non
1414 3487 1544 3568 illos
1571 3487 1808 3585 aliquod
1840 3487 1885 3555 (ἶ
1924 3487 2725 3583 (Rivolummurgundiorum
2741 3487 3287 3585 magnocortamine
3308 3511 3572 3567 commit-

153 3604 266 3660 tale
301 3606 482 3658 antea
509 3600 593 3656 illi
629 3601 980 3656 mandasse:
1006 3601 1077 3655 ad
1107 3602 1264 3672 quod
1296 3600 1813 3671 considerandum,

153 3692 417 3765 spatium
451 3690 667 3746 habere
700 3706 762 3746 se
788 3688 932 3744 velle
962 3688 1175 3746 aiebat.
1203 3690 1283 3746 Ite
1314 3694 1511 3745 autem
1530 3707 1668 3751 vera
1690 3691 1748 3746 Pi
1757 3709 1816 3764 p-

152 3782 331 3853 pinus
366 3798 486 3837 non
516 3782 775 3847 venerat,
809 3778 975 3834 illum
1007 3779 1117 3834 hac
1155 3778 1433 3834 dilatione
1482 3785 1816 3852 exspectare

150 3870 406 3926 volebat.
440 3869 864 3924 Verumtamen
896 3867 1233 3936 Ricuinum,
1258 3867 1724 3938 Hirmenaldum,
1758 3873 1818 3924 et

154 3959 532 4015 Fredericum
565 3962 931 4013 sacramento
963 3958 1196 4013 firmare
1217 3957 1508 4029 praecepit,
1534 3960 1687 4030 quod
1714 3976 1815 4031 pro

152 4047 319 4104 nulla
350 4065 411 4103 re
465 4046 582 4103 alia
630 4046 737 4101 has
786 4046 1054 4101 inducias
1102 4050 1343 4118 peteret,
1379 4051 1589 4119 praeter
1636 4064 1815 4119 quam

155 4138 311 4209 quod
331 4153 653 4193 commune
675 4135 1000 4207 profectum
1019 4139 1139 4190 tam
1164 4135 1397 4190 illorum
1423 4152 1601 4206 quam
1624 4136 1818 4191 etuni-

153 4242 333 4282 verste
363 4225 579 4298 plebis,
612 4224 766 4280 sicut
786 4224 1087 4296 justitiam
1116 4223 1272 4279 inter
1301 4225 1507 4279 fratres
1539 4228 1597 4280 et
1625 4242 1816 4296 popu-

154 4313 278 4370 lum
309 4313 536 4372 Christi
568 4314 895 4385 oportebat,
931 4330 1189 4384 quaerere
1228 4311 1477 4368 volebat.
1512 4314 1634 4379 Quo
1687 4313 1814 4384 qui-

158 4403 292 4459 dem
323 4407 700 4460 sacramento
736 4402 1134 4457 Lodhuwicus
1156 4406 1212 4456 et
1233 4401 1481 4455 Karolus
1502 4400 1724 4457 creduli
1743 4400 1820 4458 ef-

157 4490 532 4559 fecti,eadem
546 4490 725 4559 die,et
738 4490 795 4551 in
811 4489 1411 4562 crastinum,insuper
1430 4489 1607 4544 etiam
1631 4506 1818 4562 usque

1923 3604 2075 3654 tunt.
2110 3601 2179 3654 Et
2209 3600 2608 3656 Lodhuwicus
2639 3600 2876 3672 quidem
2904 3618 2970 3655 ac
2993 3599 3317 3656 Lodharius
3339 3600 3398 3655 in
3421 3600 3570 3668 loco,

1926 3689 2026 3761 qui
2059 3689 2273 3745 Brittas
2302 3688 2536 3759 dicitur,
2573 3693 2810 3745 strenue
2841 3688 3317 3761 conﬂigunt.Quo
3340 3706 3573 3762 supera-

1924 3782 2021 3834 tus
2054 3779 2398 3845 Lodharius,
2431 3783 2594 3851 terga
2625 3779 2815 3834 vertit.
2851 3779 2991 3833 Pars
3022 3782 3219 3835 autem
3258 3778 3570 3846 exercitus,

1925 3885 2105 3940 quam
2136 3867 2384 3923 Karolus
2417 3867 2647 3934 inloco,
2669 3867 2771 3940 qui
2794 3867 2961 3940 Fagit
2978 3866 3152 3937 vulgo
3176 3866 3580 3933 dicitur,exce-

1926 3956 2033 4029 pit,
2058 3957 2329 4034 protinus
2361 3957 2531 4029 fugit.
2566 3957 2706 4011 Pars
2733 3973 2889 4022 vero,
2924 3972 3050 4026 qum
3080 3955 3139 4009 in
3171 3953 3450 4009 Solennat
3469 3955 3578 4008 Ad-

1925 4034 2254 4111 helardum',
2280 4049 2657 4115 crateresque,
2682 4043 2900 4115 quibus
2932 4043 3086 4098 haud
3121 4042 3420 4096 modicum
3443 4059 3579 4113 sup-

1926 4132 2313 4204 plementum,
2348 4133 2594 4186 Domino
2644 4131 2983 4198 auxiliante,
3016 4129 3260 4201 praebui,
3308 4128 3573 4201 appetiit,

1926 4227 2165 4277 strenue
2195 4220 2473 4275 conﬂixit.
2508 4222 2630 4286 Quo
2661 4224 2719 4274 et
2750 4219 2986 4290 utrique
3014 4217 3299 4274 vicerunt.
3336 4218 3449 4273 Sed
3481 4235 3578 4274 no-

1925 4310 2165 4366 vissime
2195 4326 2400 4364 omnes
2432 4326 2466 4363 a
2496 4311 2658 4380 parte
2703 4306 2974 4363 Lodharii
3028 4306 3323 4379 fugerunt.
3356 4309 3479 4372 Quo
3511 4307 3577 4361 f1-

1928 4415 2061 4454 nem
2096 4398 2268 4469 primi
2303 4397 2643 4453 eertaminis
2675 4396 2835 4453 dedit
2857 4395 3204 4464 Lodharius,
3228 4395 3581 4452 terminetur

1928 4486 2074 4543 liber
2105 4486 2422 4542 secundus.

1427 4781 1747 4865 LIBER
1809 4777 2336 4867 TERTIUS.

796 5081 1195 5138 PREFATIO.

230 5215 524 5280 Quoniam
547 5214 857 5272 sinistrum
880 5216 1161 5289 quiddam
1184 5232 1278 5271 me
1300 5231 1367 5270 ex
1388 5231 1601 5287 genere
1623 5221 1822 5271 nostro

159 5307 228 5359 ut
256 5303 521 5371 audiam,
556 5305 756 5376 pudet,
786 5305 1000 5361 referre
1020 5304 1347 5377 praesertim
1370 5321 1548 5376 quam
1572 5304 1825 5360 maxime

160 5391 338 5465 piget.
359 5393 760 5460 Quamobrem
783 5393 1028 5467 imperio
1052 5392 1208 5449 haud
1234 5409 1531 5465 quaquam
1554 5391 1825 5449 malivole

160 5485 526 5554 contempto,
557 5485 624 5536 ut
650 5482 789 5538 finis
820 5486 1059 5555 optatus
1090 5482 1223 5538 libri
1255 5482 1498 5538 secundi
1520 5481 1705 5549 atl'uit,
1722 5498 1826 5554 per

160 5570 363 5627 omnia
386 5570 561 5626 ﬁnire
590 5570 701 5628 hoc
721 5586 870 5643 opus
891 5573 1127 5628 animus
1148 5571 1421 5628 decrevit.
1447 5570 1559 5627 Sed
1582 5587 1655 5626 ne
1679 5571 1824 5627 forte

162 5659 416 5731 quilibet
453 5675 809 5733 quocunque
858 5661 1030 5717 modo
1072 5661 1372 5733 deceptus,
1408 5676 1500 5716 res
1532 5663 1733 5715 nostro
1762 5660 1822 5715 in

161 5751 427 5819 tempore
457 5751 679 5820 gestas,
713 5753 924 5821 praater
951 5766 1131 5822 quam
1157 5751 1368 5805 exactae
1399 5753 1562 5817 sunt,
1587 5766 1825 5805 narrare

162 5841 509 5909 praasumat,
530 5852 599 5892 ex
626 5837 720 5894 his
750 5838 966 5910 quibus
988 5838 1247 5907 interfui,
1267 5838 1508 5893 tertium
1533 5836 1822 5893 Libellum

165 5930 230 5982 ut
260 5925 565 5991 adderem,
599 5926 885 5998 acquievi.

1854 5044 1902 5108 1)
2005 5037 2206 5093 Prazlio
2239 5035 2498 5109 quidem,
2525 5038 2591 5089 ut
2610 5033 2918 5105 praefatum
2940 5034 3048 5097 est,
3070 5032 3307 5085 strenue
3328 5030 3581 5099 peracto,

1934 5127 2074 5201 quid
2091 5127 2163 5181 de
2186 5124 2523 5198 palantibus
2546 5138 2820 5195 peragere
2832 5121 3163 5185 deberetur,
3181 5115 3586 5172 Ludhuwicus

1933 5221 1991 5273 et
2020 5215 2267 5271 Karolus
2298 5213 2356 5267 in
2390 5213 2596 5268 eodem
2635 5227 2843 5281 campo
2891 5207 3216 5264 deliberare
3264 5207 3582 5276 coeperunt.

1932 5306 2003 5361 Et
2024 5305 2264 5376 quidam
2296 5303 2378 5357 ita
2398 5299 2669 5372 correpti,
2697 5298 2967 5372 persequi
2994 5296 3193 5351 hostes
3221 5293 3582 5349 suadebant:

1934 5393 2174 5465 quidam
2208 5395 2425 5456 autem,
2459 5393 2519 5444 et
2568 5386 2822 5442 maxime
2871 5401 3057 5456 reges,
3093 5383 3440 5438 miserantes
3472 5381 3584 5434 tra-

1932 5482 2041 5538 tris
2066 5480 2393 5553 plebisque,
2426 5481 2485 5533 et
2515 5481 2581 5531 ut
2609 5474 2835 5546 judicio
2867 5474 2991 5540 Dei,
3026 5476 3083 5528 et
3132 5472 3239 5526 hac
3290 5469 3462 5542 plaga
3491 5485 3586 5523 re-

1933 5569 2141 5643 pressi,
2175 5570 2247 5623 ab
2300 5566 2505 5638 iniqua
2556 5563 2876 5636 cupiditate
2925 5560 3355 5633 resipiscerent,
3384 5562 3442 5614 et
3471 5558 3587 5612 Deo

1933 5660 2205 5723 donante,
2241 5655 2515 5725 deinceps
2548 5650 2859 5708 unanimes
2880 5651 2940 5705 in
2960 5667 3097 5706 vera
3107 5647 3344 5721 justitia
3363 5645 3591 5702 deveni-

1934 5751 2083 5816 rent,
2116 5746 2228 5818 piis
2253 5742 2597 5808 visceribus,
2633 5740 2807 5796 solito
2841 5756 3022 5806 more,
3050 5738 3354 5811 optabant.
3385 5737 3449 5791 In
3473 5751 3589 5808 quo

1933 5835 2165 5909 negotio
2198 5834 2297 5889 Dei
2332 5830 2753 5902 omnipotentis
2785 5828 3190 5883 misericordia
3211 5830 3277 5881 ut
3297 5824 3592 5898 praestola-

1934 5931 2114 5993 retur,
2150 5921 2495 5980 suadebant.
2531 5919 2757 5986 Quibus
2787 5921 2991 5974 caetera
3019 5914 3345 5975 multitudo
3386 5929 3587 5973 assen-
