3900 6438
1440 545 1823 611 NITHARDI
1867 545 1933 609 S.
1980 541 2328 608 RIGHARII
2374 547 2730 612 ABBA'I‘IS.
3727 552 3801 614 64

382 705 630 770 ιΐεῐιιθε,·
651 717 686 757 a
713 691 930 769 praelio,
963 694 1022 747 ct
1052 689 1246 762 praeda
1272 685 1692 754 discesserunt,
1713 685 1770 738 et
1786 682 1901 738 fere
1917 697 2034 738 me-
2058 678 2116 747 Α
2143 680 2310 736 illum
2344 685 2518 753 venit,
2553 687 2654 742 sed
2703 693 2766 743 ut
2813 687 2896 743 illi
2949 704 3012 744 se
3059 691 3796 762 commendaret,‘minime

359 796 579 853 -diante
607 789 699 846 die
721 787 792 842 ad
817 788 1008 840 castra
1030 780 1278 835 redeunt
1305 794 1315 832 :
1345 776 1482 848 quid
1507 773 1780 844 deinceps
1806 770 2034 826 consul-

359 885 500 942 ftius
529 884 800 938 acturum
833 873 1147 936 videretur,
1183 862 1578 923 deliberaturi.
1614 863 1747 918 Fuit
1794 860 2031 932 quidem

359 974 588 1046 ingens
618 980 904 1023 numerus
933 959 1160 1034 przedze,
1195 959 1252 1012 et
1282 955 1492 1027 ingens
1522 951 1708 1008 cmdcs
1743 967 1756 1006 :
1792 951 2034 1022 insuper

376 1039 766 1123 advmirabilis,
795 1053 914 1108 imo
945 1054 1001 1106 et
1033 1047 1241 1104 merito
1281 1042 1556 1100 notabilis
1606 1039 2028 1106 misericordia,

375 1156 500 1208 tam
533 1162 736 1221 regum
757 1158 936 1216 quam
961 1142 1018 1195 et
1039 1137 1466 1193 universorum.
1483 1133 1632 1188 Nam
1659 1127 1904 1185 diversis
1927 1145 2029 1200 pro

376 1242 554 1298 rebus
581 1219 736 1294 diem
771 1229 1144 1289 Dominicum
1177 1225 1318 1281 inibi
1353 1229 1587 1279 acturos
1638 1239 1699 1276 se
1743 1219 2028 1274 delibera-

371 1334 536 1388 runt.
570 1328 634 1383 In
671 1341 814 1397 quo,
842 1321 1026 1376 missa
1073 1319 1327 1390 peracta,
1361 1313 1582 1369 amicos
1629 1315 1688 1366 et
1737 1309 2026 1380 inimicos,

348 1436 358 1462 '
375 1419 580 1477 ﬁdeles
591 1420 648 1474 et
659 1411 926 1470 infideles
940 1406 1158 1482 pariter
1171 1404 1484 1478 sepulturae
1500 1401 1836 1468 tradebant;
1858 1398 2030 1471 plaga

374 1510 692 1580 correptos,
724 1519 790 1559 ac
843 1497 1174 1563 semivivos,
1210 1495 1413 1550 eodem
1466 1491 1638 1546 modo
1687 1487 1911 1544 viribus
1960 1505 2028 1543 ex

347 1599 575 1658 ‘animo
626 1592 982 1652 refovebant.
1017 1588 1154 1642 Post
1202 1585 1331 1651 hos,
1365 1581 1463 1655 qui
1513 1581 1652 1652 fuga
1701 1582 2026 1647 evaserant,

375 1689 668 1748 miserunt
715 1681 1046 1744 offerentes,
1081 1676 1126 1732 si
1179 1672 1385 1729 reverti
1435 1686 1580 1728 sana
1628 1669 1742 1724 fide
1791 1665 2022 1736 vellent,

371 1777 574 1838 omnia
604 1771 817 1831 delicta
847 1766 1088 1825 remitti.
1122 1765 1259 1820 Post
1295 1762 1417 1818 haec
1464 1775 1652 1833 reges,
1685 1755 2022 1831 populique,

343 1885 552 1942 rsuper
585 1865 762 1920 fratre
810 1855 1143 1932 populoque
1192 1849 1520 1942 Christiano
1571 1847 1857 1914 dolentes,
1890 1864 2024 1942 per-

351 1935 596 2016 contari
627 1951 933 2026 episcopos
963 1945 1283 2016 coeperunt,
1318 1939 1460 2013 quid
1489 1954 1659 2010 agere
1689 1951 1866 2009 super
1914 1935 2024 1990 hoc

2145 780 2450 852 acquievit.
2487 780 2734 846 Quidam
2767 783 2960 834 tamen
2995 797 3028 833 a
3057 778 3298 852 Pippino
3332 783 3731 855 desciverunt,
3746 794 3796 844 et

2142 874 2251 930 hoc
2284 878 2512 928 tantum
2546 871 2785 943 praefata
2814 869 3104 941 expeditio
3134 870 3344 926 Karolo
3377 874 3623 944 profuit,
3651 893 3794 950 quos

2141 966 2273 1022 illos
2320 963 2430 1020 sibi
2483 963 2795 1017 foederatos
2844 959 3080 1032 recepit.
3126 960 3348 1017 Interea
3397 962 3792 1033 Adhelar-dus,

2142 1057 2475 1128 cmteriqne,
2533 1069 2682 1124 quos
2742 1049 2986 1105 Karolus
3045 1049 3116 1104 ad
3177 1050 3428 1107 Francos
3480 1052 3789 1122 direxerat,

2141 1149 2290 1205 scire
2319 1144 2560 1217 cupiens
2583 1141 2630 1196 si
2655 1142 2723 1196 ad
2748 1139 2914 1194 illum
2940 1138 3143 1193 reverti
3167 1139 3396 1194 vellent.
3427 1142 3790 1200 Carisiacum

2137 1237 2437 1294 venientes
2469 1249 2583 1304 quo
2611 1230 2692 1285 illi
2726 1233 2791 1284 ut
2818 1229 3031 1284 missos
3062 1227 3336 1300 dirigeret
3370 1231 3792 1289 mandaverant

2141 1341 2464 1399 perpaucos
2496 1319 2724 1376 obviam
2750 1319 3085 1373 habuerunt
3109 1335 3121 1382 ;
3147 1317 3246 1389 qui
3277 1316 3386 1374 hoc
3415 1319 3719 1389 dicebant,
3743 1325 3788 1377 si

2136 1416 2293 1472 idem
2329 1412 2576 1468 Karelus
2624 1409 2694 1464 ad
2745 1423 3000 1482 prtescns
3049 1409 3224 1475 esset,
3253 1408 3322 1462 ad
3375 1406 3542 1464 illum
3590 1413 3791 1468 venire

2137 1505 2383 1562 minime
2434 1501 2749 1556 differrent.
2795 1495 2977 1552 Aliter
3013 1499 3220 1552 autem
3271 1497 3495 1554 nescire
3551 1500 3792 1556 aiebant

2137 1598 2335 1652 utrum
2393 1591 2608 1646 viveret
2660 1605 2732 1643 an
2783 1603 2921 1641 non.
2953 1585 3323 1641 Jactavcrant
3373 1587 3531 1642 enim
3571 1589 3658 1657 hi,
3689 1592 3787 1663 qui

2137 1685 2287 1758 parti
2341 1679 2613 1738 Lodharii
2673 1674 3094 1741 assentiebant,
3149 1675 3208 1730 in
3257 1675 3456 1748 praelio
3506 1679 3784 1735 Karolum

2137 1773 2438 1837 cecidisse,
2453 1765 2882 1839 Lodhuyvicum
2903 1763 3271 1820 vulneratum
3286 1769 3368 1832 ,et
3387 1765 3526 1839 fuga
3549 1766 3786 1840 lapsum

2135 1863 2348 1920 abisse.
2373 1859 2734 1930 Quapropter
2765 1852 3164 1910 inconsultum
3197 1853 3520 1924 aiebant,in
3542 1855 3787 1914 incertis

2135 1953 2310 2008 rebus
2342 1948 2578 2022 aliquod
2609 1945 2796 2001 fcndus
2827 1961 2960 2000 cum
2995 1943 3256 2015 quolibet
3286 1943 3431 2002 inire
3462 1946 3695 2003 debere.
3719 1950 3788 2002 At

344 2045 606 2119 ‘nego’tie
637 2025 938 2096 deberent;
960 2031 1355 2100 Quamobrem
1381 2027 1693 2084 unanimes
1723 2027 1794 2082 ad
1819 2025 2020 2122 conci-
2050 2055 2100 2122 Β
2135 2039 2526 2105 Guntboldus,
2559 2036 2870 2106 οωιρνίίιυο
2917 2035 3248 2100 coadunaﬁ’
3283 2050 3462 2107 supra
3511 2036 3786 2107 prmfaws

344 2114 518 2194 "lium
535 2147 740 2189 omnes
763 2123 1020 2200 episcopi
1043 2119 1798 2188 ceniluunt,inventumque
1818 2114 1877 2170 in
1891 2132 2022 2170 eon-

342 2228 546 2282 ~ventu
571 2219 808 2294 publico
839 2211 1110 2285 est,quod
1143 2225 1246 2282 pro
1280 2207 1404 2264 sola
1417 2205 1656 2279 justitia
1673 2210 1732 2260 et
1751 2204 2022 2294 (equitate

350 2293 874 2373 -decertave'rint,et
884 2303 994 2358 hoc
1006 2299 1104 2356 Dei
1113 2297 1338 2370 judicio
1359 2295 1738 2351 manifestum
1751 2293 2021 2349 effectum

343 2403 480 2469 -sit;
513 2415 580 2456 ac
609 2411 714 2471 per
740 2395 854 2450 hoc
881 2387 1168 2446 immunis
1196 2385 1389 2442 omnis
1419 2383 1520 2440 Dei
1544 2382 1814 2438 minister
1835 2381 1895 2436 in
1913 2381 2022 2437 hoc

352 2487 605 2563 negotio
635 2481 862 2548 haberi,
895 2485 1018 2536 tam
1047 2493 1254 2534 suasor
1283 2490 1460 2563 quam
1491 2473 1744 2538 effector,
1765 2471 2018 2526 deberet.

352 2581 442 2637 =At
455 2560 801 2652 quicunque
816 2566 1090 2626 conscius
1106 2563 1218 2620 sibi
1237 2566 1339 2619 aut
1355 2561 1570 2629 ira,aut
1589 2560 1854 2628 odio,aut
1872 2575 2023 2615 vana

344 2648 687 2744 -gloria,aut
715 2663 869 2718 certe
897 2655 1160 2744 quolibet
1185 2651 1326 2708 vitio
1358 2648 1836 2744 quiddamiuhac
1853 2665 2019 2720 expe-

345 2739 590 2816 ditione
619 2747 922 2818 suasit,vel
951 2743 1316 2820 gessit,esset
1341 2756 1474 2796 vere
1505 2739 1810 2796 confessus
1835 2754 2020 2794 secre-

349 2851 448 2916 'te,
477 2841 687 2904 secreti
709 2837 926 2905 delicti,
951 2841 1009 2894 et
1031 2833 1356 2892 secundum
1386 2830 1628 2885 modum
1659 2827 1840 2900 culpae
1862 2827 2020 2900 diju-

370 2936 680 2994 dicaretur.
723 2929 1143 2986 Verumtamen
1205 2921 1264 2977 in
1314 2919 1680 2977 veneratione
1733 2935 1798 2974 ac
1847 2917 2021 2972 lauds

351 3029 542 3083 tanta:
575 3015 988 3078 declarationis
1001 3011 1380 3086 justitize,pro
1405 3008 1768 3078 remissione,
1793 3007 2020 3062 delictis

369 3118 738 3172 mortuorum
773 3109 1022 3164 fratrum
1053 3117 1297 3160 suorum
1320 3099 1402 3171 (in
1425 3115 1490 3156 eo
1513 3099 1668 3171 quod
1695 3093 2016 3170 imperfecti

367 3202 621 3278 peccatis
652 3193 1176 3256 intervenientibus
1203 3209 1265 3248 se
1296 3192 1596 3254 noverant,
1627 3192 1693 3245 ut
1723 3187 1783 3242 in
1815 3185 2019 3242 multis

364 3273 624 3351 volentes
645 3288 1029 3356 nolentesque
1055 3280 1494 3352 delinqucbant)
1507 3277 1591 3333 uti
1606 3294 1714 3334 suo
1727 3273 2018 3348 adjutorio

347 3381 546 3439 'abhis
557 3365 1709 3441 exutiliberarentur.Insuperautem,uti
1733 3365 2018 3420 hactenus

347 3471 425 3528 -in
450 3467 686 3542 justitia
717 3465 949 3536 adjutor
977 3463 1034 3514 et
1065 3455 1488 3530 protectorillis
1512 3455 1667 3510 Deus
1687 3453 2019 3520 exstitit,ita

367 3563 424 3615 et
451 3541 726 3625 deinceps
757 3551 977 3622 ubique
1007 3546 1293 3602 existeret.
1333 3545 1558 3616 Proque
1600 3543 1692 3598 his
1742 3541 2018 3598 omnibus

366 3637 1022 3712 triduanumjejunium
1045 3635 1400 3707 injunctum,
1423 3632 1659 3702 imoque
1681 3631 1932 3686 libenter
1951 3648 2016 3687 ac

367 3734 592 3792 celebre
623 3729 978 3787 celebratum
1008 3728 1116 3780 est.

437 3822 542 3879 His
567 3821 653 3876 ita
679 3819 854 3875 rebus
885 3812 1156 3888 peractis,
1187 3809 1592 3867 Ludhuwicus
1637 3813 1701 3864 ut
1747 3808 2016 3865 Rhenum

342 3914 606 3986 ~peterct.
623 3905 877 3965 decrevit
900 3921 914 3960 :
938 3901 1188 3959 Karolus
1209 3903 1404 3956 autem
1427 3897 1672 3954 diversis
1694 3915 1798 3970 pro
1821 3898 2018 3968 rebus,

342 4006 423 4060 -et
451 3999 707 4058 maxime
735 3999 974 4070 propter
1003 3991 1336 4064 Pippinum,
1357 3992 1422 4044 ut
1442 3987 1611 4042 illum
1635 3986 1748 4042 sibi
1770 3987 2020 4042 subdere

366 4093 651 4159 studeret,
682 4089 742 4144 in
772 4083 1149 4158 Aquitaniam
1192 4084 1258 4136 ut
1303 4077 1792 4152 proﬁcisceretur,
1824 4079 2019 4132 ratum

341 4181 551 4238 duxit.
583 4180 732 4235 Nam
761 4173 1094 4232 Bernardus
1116 4172 1233 4227 dux
1255 4168 1652 4242 Septimaniae,
1679 4184 2019 4239 quanquam

345 4271 538 4328 -aloco
553 4264 815 4341 prmdieti
833 4261 1013 4337 ι)νωὶἰί
1032 4260 1165 4334 plus
1182 4259 1382 4315 minus
1402 4257 1602 4313 leuvas
1615 4261 1732 4312 tres
1746 4255 2020 4323 defuerit,

340 4357 560 4414 "neutri
591 4355 652 4410 in
682 4355 794 4410 hoc
814 4350 1046 4425 negotio
1071 4347 1548 4421 supplementum
1566 4345 2019 4402 fuit.Vietoriam

369 4451 567 4506 autem
585 4449 652 4500 ut
669 4441 862 4498 Karoli
881 4455 1010 4496 esse
1026 4437 1253 4516 didicit,
1268 4435 1454 4490 filium
1468 4451 1645 4490 suum
1656 4432 2021 4491 Willclmum

369 4537 441 4592 ad
501 4533 669 4589 illum
729 4529 960 4586 direxit.
995 4529 1065 4583 Et
1114 4525 1164 4581 si
1217 4525 1491 4592 honores,
1539 4540 1686 4595 quos
1744 4522 1899 4576 idem
1960 4521 2022 4576 in

368 4622 710 4696 Burgundia
753 4618 984 4686 habuit,
1018 4615 1207 4672 eidem
1255 4614 1472 4669 donare
1521 4611 1712 4679 vellet,
1748 4615 1814 4666 ut
1844 4627 1906 4665 se
1938 4610 2022 4664 illi

367 4711 829 4776 commendaret,
863 4704 1158 4780 praecepit.
1186 4704 1432 4775 Insuper
1455 4701 1720 4772 jactabat
1743 4716 1804 4755 se
1827 4717 2022 4772 posse,

2137 2129 2330 2188 Karoli
2383 2128 2597 2183 missos
2655 2125 2876 2180 irruere
2925 2140 2989 2178 sc
3035 2121 3430 2194 simulabant;
3473 2129 3532 2180 et
3578 2127 3784 2200 utique

2131 2222 2426 2286 fecissent,
2457 2217 2506 2274 si
2545 2215 2672 2271 ausi
2725 2218 2940 2270 essent.
2971 2215 3334 2285 Quapropter
3380 2215 3450 2270 ad
3502 2215 3782 2272 Karolum

2129 2309 2496 2366 Adhelardus
2523 2310 2581 2362 et
2600 2303 2787 2361 caeteri
2810 2303 3116 2360 miserunt.
3141 2303 3581 2371 mandautes,ut
3601 2322 3784 2378 quan-

2130 2399 2322 2456 tocius
2369 2401 2586 2470 posset,
2619 2393 2816 2449 venire
2863 2396 3174 2466 satageret,
3216 2397 3504 2466 quatenus
3550 2399 3612 2450 et
3661 2395 3780 2452 illis

2131 2487 2492 2560 adjutorium
2525 2485 2842 2558 prmberet;
2875 2485 2932 2538 et
2961 2482 3008 2538 si
3043 2481 3268 2548 Franci,
3302 2481 3386 2538 uti
3416 2482 3672 2552 aiebant,
3707 2487 3777 2541 ad

2129 2577 2297 2634 illum
2327 2575 2522 2633 venire
2551 2572 2784 2638 vellent,
2809 2572 2960 2626 scire
2990 2575 3206 2643 posset.
3233 2571 3349 2643 Ipsi
3371 2588 3502 2628 vero
3535 2573 3780 2630 Parisia-

2131 2685 2258 2724 cam
2290 2667 2581 2722 civitatem
2614 2662 2853 2727 adeunt,
2885 2661 3199 2716 adventum
3236 2660 3428 2716 Karoli
3475 2663 3778 2734 praestola-

2130 2755 2439 2822 turi.Quod
2471 2769 2604 2809 cum
2635 2750 2845 2806 Karolo
2877 2749 3266 2816 nuntiaretur,
3296 2751 3562 2822 protinus
3595 2752 3691 2809 his
3722 2753 3776 2808 in

2130 2845 2398 2920 partibus
2429 2843 2538 2898 iter
2566 2839 2794 2897 direxit.
2827 2840 2911 2896 Ad
2956 2839 3290 2912 Sequanam
3322 2842 3516 2896 autem
3550 2845 3619 2896 ut
3649 2859 3776 2914 per-

2127 2935 2306 3003 venit,
2339 2929 2738 2988 Adhelardum
2770 2946 2889 2984 una
2921 2944 3054 2983 cum
3088 2927 3316 2984 cceteris
3357 2927 3418 2984 in
3466 2929 3778 3001 Spedonna

2129 3025 2359 3082 obviam
2391 3021 2616 3078 habuit.
2651 3021 2720 3076 Et
2751 3034 3090 3090 quanquam
3123 3021 3357 3090 propter
3399 3024 3773 3087 conventum,

2129 3113 2285 3184 quod
2315 3126 2450 3166 cum
2483 3109 2658 3164 fratre
2689 3107 2747 3161 in
2783 3105 3161 3178 Lingonieam
3201 3105 3406 3161 urbem
3454 3105 3580 3162 Kal.
3616 3109 3772 3180 Sept.

2129 3201 2487 3266 condixerat,
2549 3195 2828 3270 quoniam
2886 3195 3256 3264 imminebat,
3315 3195 3524 3252 anxius
3571 3203 3771 3253 esset:

2129 3295 2324 3346 ratum
2357 3287 2543 3354 duxit,
2573 3291 2641 3341 ut
2671 3285 2878 3340 saltem
2912 3285 3088 3340 citato
3119 3301 3294 3340 cursu
3324 3301 3426 3356 per
3446 3286 3650 3341 urbem
3679 3288 3775 3342 Be-

2129 3380 2484 3445 luacensem,
2520 3393 2585 3431 ac
2616 3375 2826 3430 deinde
2854 3389 2956 3446 per
2983 3373 3404 3446 Compiendum
3437 3378 3495 3429 et
3516 3376 3772 3432 Suessio-

2131 3467 2398 3537 nes,hinc
2427 3483 2531 3538 per
2559 3465 2950 3520 Rhemensem
2981 3467 3040 3518 et
3059 3461 3535 3529 Cadelonensem,
3569 3463 3773 3536 Lingo-

2128 3559 2319 3614 nicam
2353 3559 2574 3628 peteret
2602 3553 2841 3620 urbem;
2875 3557 3166 3624 quatenus
3197 3567 3263 3606 eo
3292 3556 3488 3607 tenore
3520 3553 3768 3624 id,quod

2128 3665 2264 3704 cum
2278 3647 2453 3700 fratre
2465 3646 2750 3700 statuerat
2769 3641 3075 3697 observare
3095 3640 3437 3706 studeret,et
3457 3641 3505 3696 si
3530 3641 3770 3713 quilibet

2127 3753 2159 3792 ο
2190 3733 2428 3790 Francis
2459 3732 2531 3788 ad
2551 3730 2719 3786 illum
2739 3728 2936 3785 venire
2960 3728 3150 3796 vellet,
3173 3732 3390 3801 posset.
3417 3729 3621 3785 Franci
3639 3747 3767 3786 vero

2127 3824 2395 3881 eamdem
2427 3821 2990 3894 paucitatem,quam
3023 3821 3080 3873 et
3107 3817 3382 3890 Aquitani
3413 3823 3766 3890 spreverant,

2128 3915 2492 3986 spernentes,
2524 3907 2702 3964 variis
2735 3905 3071 3962 fictionibus
3119 3906 3204 3960 illi
3256 3923 3318 3962 se
3365 3922 3469 3978 per
3517 3923 3767 3978 praesens

2129 4003 2381 4058 subdere
2401 3997 2779 4064 distulerunt,
2804 3996 2968 4062 Quod
2991 3999 3056 4051 ut
3077 3994 3320 4051 K-arelus
3341 3995 3768 4068 cognovit,praz-

2130 4092 2315 4147 fatum
2343 4089 2452 4144 iter
2477 4085 2798 4143 accelerare
2827 4085 3020 4156 ccepit.
3054 4083 3318 4156 Cumque
3363 4083 3766 4140 Suessouicam

2131 4183 2354 4254 peteret
2384 4179 2610 4243 urbem,
2640 4175 2912 4230 monachi
2945 4175 3016 4230 de
3046 4178 3246 4230 sancto
3280 4175 3553 4230 Medarde
3579 4191 3767 4230 occur

2129 4273 2335 4325 rernnt
2363 4267 2468 4334 illi,
2504 4267 2882 4336 deprecantes
2914 4267 2981 4318 ut
3010 4279 3249 4336 corpora
3289 4263 3766 4319 sanctorum-Me-

2129 4357 2319 4424 dardi,
2352 4352 2705 4420 Sebastiani,
2738 4351 3022 4423 Gregorii,
3055 4351 3335 4420 Tiburcii,
3371 4351 3520 4407 Petri
3555 4356 3610 4406 et
3631 4351 3773 4406 Mar-

2130 4443 2346 4513 cellini,
2379 4442 2571 4510 Marii,
2601 4440 2858 4508 Marthae,
2907 4435 3172 4496 Audifax'
3197 4444 3256 4496 et
3301 4441 3554 4506 Abacuo,
3582 4441 3770 4496 Hone-

2132 4534 2288 4602 simi,
2325 4531 2622 4588 Mcresinze
2671 4535 2728 4584 et
2773 4529 3089 4595 Leocadize,
3141 4529 3410 4598 Mariani,
3455 4529 3692 4602 Pelagii,
3720 4535 3772 4585 et

2132 4623 2341 4690 Mauri,
2377 4619 2630 4676 Floriani
2661 4635 2798 4674 eum
2838 4636 2938 4674 sex
2984 4618 3266 4675 fratribus
3315 4618 3458 4687 suis,
3492 4617 3772 4686 Gildardi,

2131 4712 2353 4779 Sereni,
2379 4715 2435 4765 et
2465 4708 2665 4765 domui
2699 4705 2948 4779 Remigii
2978 4706 3474 4779 Rothomagorum
3500 4706 3774 4779 archiepi-

367 4819 594 4858 necnon
626 4805 682 4856 οι
721 4799 936 4864 aiebat.
969 4795 1125 4867 (ἰυοά
1178 4791 1492 4864 Pippinum
1542 4806 1661 4844 una
1710 4805 1844 4844 cum
1897 4789 2023 4844 ευίε
2054 4803 2101 4866 D
2131 4801 2312 4872 scopi,
2338 4799 2396 4854 in
2427 4797 2756 4863 basilicam,
2784 4796 2880 4850 ubi
2905 4812 3062 4851 nunc
3084 4795 3615 4866 quiescunt,etjam
3639 4800 3772 4850 tunc

369 4889 576 4947 Karolo
594 4889 807 4944 fredere
829 4901 945 4958 quo
963 4882 1182 4940 valeret
1203 4880 1455 4936 subdere
1466 4877 1850 4943 vellet.Quam
1866 4877 2020 4950 lega-

366 4981 588 5037 tionem
613 4977 864 5050 benigue
884 4972 1196 5045 excepit,et
1208 4969 1364 5024 sicut
1375 4966 1772 5040 postulaverat
1784 4984 1888 5039 per
1904 4984 2024 5022 om-

343 5069 469 5124 enia
500 5065 792 5123 concessit
826 5080 841 5120 :
873 5077 1122 5118 monens
1153 5063 1220 5114 ut
1247 5058 1321 5112 de
1350 5055 1594 5129 Pippino
1617 5054 1838 5123 etsuis,
1865 5057 2022 5128 quod

370 5153 847 5230 promiserant,in
859 5153 1152 5224 quantum
1177 5149 1473 5221 posset,ut
1492 5145 2026 5216 perﬁceretur,ope—

371 5261 496 5299 ram
530 5240 988 5311 daret.Cumque
1018 5237 1264 5293 adversa
1291 5232 1553 5304 undique
1575 5231 1857 5305 propulsa
1873 5231 2023 5288 vidc-

371 5336 670 5400 rentur,ac
687 5345 822 5401 spes
838 5323 1250 5400 prosperitatis
1263 5320 1774 5393 cuiquehincinde
1786 5320 2021 5390 faveret,

375 5417 776 5476 Lodhuwicus
805 5433 941 5472 cum
963 5414 1088 5470 suis
1113 5412 1382 5468 Rhenum
1407 5407 1596 5481 petiit,
1621 5409 1864 5465 Karolus
1892 5427 2026 5466 vero

347 5525 494 5564 -una
523 5524 658 5562 cum
690 5509 875 5562 matre
907 5502 1162 5576 Ligerim
1193 5499 1359 5555 adiit.
1393 5499 1507 5554 Res
1545 5501 1742 5554 autem
1793 5499 2028 5571 publica

367 5594 767 5652 inconsultius
795 5609 972 5666 quam
1003 5593 1295 5664 oporteret
1323 5587 1564 5655 omissa,
1589 5604 1704 5658 quo
1733 5604 2027 5660 quemque

374 5683 646 5738 voluntas
674 5683 889 5754 rapuit,
923 5677 1197 5754 perfacile
1235 5676 1493 5732 omissus
1522 5676 1831 5732 abscessit.
1866 5679 2030 5743 Quod

349 5771 620 5839 -quidem
653 5771 934 5840 Pippinns
966 5768 1233 5833 audiens,
1269 5765 1441 5837 paulo
1472 5767 1608 5819 ante
1632 5765 2030 5822 desideratum

385 5869 520 5916 eum
550 5854 652 5910 ille
684 5856 872 5911 fmdus
903 5855 1048 5911 inire
1079 5851 1670 5909 distulit.Bernardus
1691 5854 1930 5928 quidem
1959 5855 2032 5910 ad

2135 4889 2391 4944 maxima
2422 4905 2490 4942 ex
2512 4889 2674 4954 parte
2705 4884 2990 4940 aadiﬁcata
3021 4889 3162 4953 erat,
3186 4884 3774 4950 transferret.Quibus

2131 4977 2533 5049 acquieseens,
2565 4973 2710 5030 inibi
2744 4973 3049 5040 remansit,
3082 4977 3140 5028 et
3185 4973 3271 5028 uti
3318 4971 3774 5046 postulaverant,

2132 5067 2438 5122 beatorum
2453 5080 2695 5137 corpora
2718 5063 2971 5136 propriis
2993 5061 3256 5117 humeris
3280 5078 3415 5117 cum
3439 5061 3601 5118 omni
3619 5079 3776 5118 vene-

2133 5155 2358 5211 ratione
2388 5151 2711 5209 transtulit.
2746 5151 2990 5222 Insuper
3016 5153 3074 5204 ot
3099 5149 3457 5222 villam,quai
3481 5150 3776 5206 Barnacha

2133 5242 2553 5310 dicitur,rebus
2570 5241 2835 5312 ejusdem
2853 5238 3110 5294 ecclesiae
3132 5256 3236 5310 per
3255 5238 3510 5295 edictum
3531 5239 3770 5294 addidit.

2134 5333 2236 5388 His
2257 5331 2340 5386 lta
2371 5329 2640 5403 peractis,
2672 5329 3060 5384 Rhemenscm
3083 5328 3290 5385 urbem
3309 5327 3632 5400 petiitﬂuo
3653 5345 3774 5384 cum

2134 5421 2414 5489 venisset,
2445 5420 2720 5475 nuntium
2780 5418 3018 5490 recepit,
3059 5418 3212 5490 quod
3263 5417 3668 5474 Lodhuwicus
3715 5418 3775 5472 ad

2137 5514 2508 5578 conventum,
2541 5509 2700 5580 quod
2730 5507 2791 5563 in
2834 5507 3213 5579 Lingonicam
3265 5507 3468 5564 urbem
3518 5508 3777 5563 condire-

2138 5603 2290 5667 rant,
2323 5599 2520 5655 venire
2571 5615 2687 5654 non
2745 5600 2966 5669 posset,
3017 5612 3084 5653 eo
3135 5596 3291 5668 quod
3351 5595 3688 5652 Lodharius
3727 5596 3777 5650 in

2139 5705 2386 5760 regnum
2419 5687 2578 5743 illius
2603 5684 2802 5742 hostili
2827 5703 3006 5742 manu
3029 5686 3250 5742 irruere
3269 5683 3462 5741 vellet.
3489 5685 3780 5742 Mandave-

2141 5776 2462 5834 rantetiam
2474 5775 2590 5830 huc
2603 5774 2929 5831 avunculus
2951 5776 3080 5846 ejus
3099 5791 3322 5830 necnon
3345 5777 3403 5830 et
3429 5773 3780 5831 Gislebertus

2145 5882 2338 5921 comes
2390 5862 2862 5920 Mansuariorum
2911 5864 3458 5932 (Mausuariorum),
3489 5862 3541 5920 si
3589 5864 3651 5920 iu
3682 5864 3780 5919 illis
