3900 6378
41 447 126 506 65

656 446 758 513 DE
802 451 1447 518 DISSENSIONIBUS
1494 450 1877 520 FILIORUM
1922 456 2290 528 LUDOVICI
2334 458 2464 522 PII.
2500 495 2578 505 —
2610 460 2755 524 LIB.
2802 460 2909 526 III.

3412 463 3493 531 66

44 584 336 654 partibus
368 583 551 654 iisset,
586 586 659 642 ad
692 585 862 644 illum
895 605 955 645 se
990 608 1108 646 una
1157 608 1291 647 cum
1343 591 1567 648 cmteris
1598 609 1722 648 esse
1751 593 1811 661 Α
1839 592 2164 649 Lodharius
2188 596 2665 653 transituminibi
2689 597 2955 670 undique
2969 599 3083 656 sibi
3104 598 3492 673 prohibitum,

43 675 365 729 venturos.

124 761 288 833 Ergo
323 767 443 819 tam
477 782 582 836 pro
606 766 803 821 fratris
836 767 1148 838 adjutorio,
1173 787 1350 841 quam
1376 776 1433 825 et
1456 775 1519 825 ut
1539 771 1723 836 hos,si

48 850 327 906 adillum
358 853 553 909 venire
581 854 810 926 vellent,
832 857 1087 927 recipere
1112 863 1328 929 posset,
1348 860 1417 913 ad
1445 860 1724 914 Sanctum

50 939 417 1004 Quintinum
450 943 560 997 iter
586 945 956 1011 direxit.Quo
979 947 1215 1017 quidem
1247 949 1727 1019 llugnnem,sicut

53 1030 470 1098 mandaverat,
504 1032 733 1087 obviam
767 1033 996 1101 habuit,
1026 1040 1083 1090 et
1112 1037 1248 1092 inde
1281 1038 1338 1091 in
1373 1043 1567 1109 partes
1590 1040 1729 1094 'l‘ra-

44 1118 192 1189 jecti
239 1118 355 1173 iter
385 1121 615 1175 direxit.
651 1122 978 1179 Lodharius
1010 1132 1205 1181 autem
1239 1133 1303 1181 ut
1332 1127 1453 1181 haec
1484 1128 1726 1197 audivit,

52 1208 287 1264 omisso
324 1209 705 1282 Lodhuwico,
730 1229 907 1283 quem
940 1214 1115 1285 paulo
1146 1221 1281 1271 ante
1312 1217 1583 1289 persequi
1607 1223 1725 1273 sta-

52 1290 281 1362 tuerat,
301 1315 338 1353 a
352 1300 683 1356 Warmaci‘a
699 1301 767 1356 ad
788 1308 1161 1375 conventum,
1176 1306 1331 1377 quod
1359 1308 1430 1360 ad
1453 1306 1728 1361 'I‘eotonis

52 1387 264 1442 villam
315 1386 627 1455 indixerat,
662 1389 773 1445 iter
822 1390 1095 1463 arripuit,
1146 1400 1204 1449 et
1253 1395 1505 1466 qualiter
1551 1412 1729 1467 super

57 1476 349 1532 Karolum
380 1477 650 1546 irrueret,
677 1478 952 1537 intendit.
988 1483 1151 1547 Quod
1198 1500 1334 1539 cum
1384 1485 1634 1540 Karolus
1666 1484 1728 1540 in

54 1565 422 1621 Wasiticum
456 1567 784 1635 didicisset,
809 1570 1137 1641 Hugonem,
1159 1577 1216 1626 et
1243 1571 1731 1640 Adhelardum,et

56 1654 485 1722 Gislebertum,
518 1674 635 1712 una
665 1674 798 1712 cum
832 1661 1077 1727 caeteris,
1111 1666 1173 1716 ut
1202 1679 1337 1717 eum
1370 1663 1582 1718 foedere
1612 1679 1728 1734 quo

54 1745 330 1801 valerent
351 1744 465 1800 sibi
489 1747 895 1814 adnecterent,
914 1748 1530 1807 direxit.Rabanonem
1555 1752 1731 1807 etiam

55 1833 600 1890 ad'Lodhuwicum
633 1834 918 1907 dirigens,
945 1840 1187 1894 mandat
1217 1841 1467 1911 qualiter
1497 1859 1599 1913 pro
1622 1858 1728 1897 suo

1835 698 1900 737 eo
1932 686 2132 738 tenore
2162 700 2298 738 cum
2334 684 2541 740 Karolo
2574 701 2778 757 pacem
2810 686 2958 742 inire
2982 704 3045 743 se
3074 686 3219 744 velle
3249 689 3493 746 manda-

1835 772 2011 837 vit,ut
2042 772 2252 841 fcerlus,
2289 776 2444 846 quod
2481 776 2728 832 Karolus
2758 794 2894 833 cum
2927 779 3106 834 fratre
3136 796 3242 835 suo
3268 780 3499 837 L0dhu~

1834 861 1988 917 wien
2011 864 2398 917 sacramentis
2422 866 2772 933 ﬁrmaverat,
2794 866 3189 927 omisisset.Et
3210 867 3305 924 ille
3327 885 3495 924 econ-

1836 953 1927 1005 tra
1959 952 2165 1017 l’tntlus,
2199 954 2352 1023 quod
2402 971 2537 1008 cum
2584 955 2784 1027 Pipino
2838 962 3043 1027 nepote
3086 975 3192 1013 suo
3224 956 3495 1012 similiter

1811 1040 2222 1095 sacramentis
2265 1042 2618 1105 firmaverat,
2652 1044 2973 1113 omitteret,
3009 1048 3066 1099 et
3106 1046 3345 1101 haberet
3384 1048 3491 1101 Ka-

1837 1127 2328 1205 rolu‘saSequana
2350 1134 2577 1201 partem
2602 1131 2919 1187 ()cciduam
2946 1135 3170 1205 absque
3194 1133 3495 1191 Provincia

1837 1222 1896 1271 et
1928 1200 2309 1288 septimanis,
2334 1200 2652 1291 essentque
2673 1221 2841 1292 quasi
2866 1238 3007 1293 pace
3030 1200 3311 1295 perpetua
3331 1225 3496 1279 fende-

1838 1306 2059 1361 rati.Re
2091 1311 2289 1362 autem
2323 1324 2458 1362 vera
2482 1308 2565 1363 sic
2588 1324 2650 1362 se
2673 1314 2958 1381 utrosque
2974 1310 3204 1367 facilius
3229 1312 3495 1385 decipere
3520 1376 3521 1379 η

1839 1412 2010 1467 posse
2032 1396 2592 1468 putabat,omneque
2614 1396 2693 1451 im
2702 1398 2929 1469 perium
2952 1399 3061 1455 hac
3084 1405 3205 1458 arte
3226 1401 3496 1457 invadere

1839 1484 2133 1555 sperabat.
2158 1487 2232 1540 At
2265 1485 2507 1540 Karolus
2541 1487 2844 1558 respondit
2875 1504 2937 1544 se
2967 1488 3342 1560 fcedus,quod
3360 1506 3496 1545 cum

1839 1573 2018 1627 fratre
2034 1589 2143 1627 suo
2162 1573 2511 1630 necessitate
2527 1578 2763 1631 coactus
2786 1575 3271 1644 inierat,minime
3281 1576 3500 1633 violare

1838 1659 2003 1715 velle.
2043 1662 2288 1733 Insuper
2318 1668 2436 1717 uta
2460 1664 2622 1718 Mosa
2650 1682 2839 1736 usque
2864 1665 3201 1737 Sequanam
3226 1683 3496 1739 regnum,

1840 1750 1996 1820 quod
2029 1756 2194 1821 pater
2213 1750 2294 1805 illi
2320 1751 2578 1819 dederat,
2596 1770 2970 1825 nequaquam
2995 1771 3322 1827 congruum
3346 1755 3501 1812 vide-

1840 1843 2001 1894 retur
2033 1844 2095 1893 ut
2124 1838 2208 1894 illi
2242 1840 2562 1907 omitteret;
2585 1842 2909 1913 praesertim
2943 1859 3079 1898 cum
3102 1847 3265 1899 tanta
3286 1843 3498 1900 nobili-

58 1922 363 2032 adjutorilo
388 1921 505 1979 illis
526 1923 585 1979 in
609 1926 878 1996 partibus
903 1933 1073 1982 esset.
1092 1930 1254 1994 Quod
1280 1930 1605 1987 Lodharius
1633 1948 1730 1986 au—
1759 1967 1821 2032 Β,
1838 1932 1931 2032 tas
1961 1927 2126 2032 illum
2158 1933 2361 1984 secuta
2381 1929 2453 1984 de
2475 1929 2568 2027 his
2590 1930 2930 2029 regionibus
2953 1935 3285 2032 essethuos
3308 1932 3366 2032 ip
3389 1949 3521 1988 sua.

57 2012 251 2080 diens,
288 2011 395 2068 illo
429 2013 671 2079 omisso,
696 2031 875 2086 supra
892 2032 953 2071 se
975 2034 1110 2072 cum
1137 2019 1415 2074 omnibus
1441 2020 1625 2091 copiis
1647 2020 1729 2074 ire

58 2106 320 2174 pararet,
359 2101 431 2156 ad
468 2101 741 2173 Pipinum
774 2104 1011 2176 dirigit:
1038 2112 1352 2179 monetque
1376 2126 1439 2163 ac
1463 2110 1732 2180 depreca-

60 2195 179 2255 tur,
216 2194 284 2246 ut
315 2191 675 2263 quantocius
709 2200 926 2264 posset,
962 2193 1133 2249 solito
1166 2212 1326 2251 more
1368 2198 1729 2267 adjutorium

62 2279 144 2335 illi
183 2280 447 2352 prazbere
476 2281 759 2337 studeret.
796 2283 1039 2355 Insuper
1071 2290 1266 2341 autem
1309 2287 1554 2342 Karolus
1585 2288 1729 2342 Exe-

63 2384 382 2423 menomen
406 2369 799 2427 venerabilem
818 2371 1161 2445 episcopum
1184 2374 1255 2429 ad
1279 2374 1634 2431 Lodharium
1650 2377 1735 2431 di-

64 2457 210 2513 rexit
244 2475 258 2513 :
296 2458 475 2514 solito
506 2476 667 2515 more
698 2459 1005 2517 humiliter
1037 2464 1312 2535 praecepit
1342 2470 1407 2520 ut
1451 2471 1633 2537 roget,
1669 2472 1733 2521 ut

64 2547 355 2614 obsecret,
392 2548 728 2604 meminerit
749 2551 903 2621 quod
929 2551 1107 2606 frater
1128 2552 1459 2625 filiolusque
1479 2556 1607 2627 ejus
1630 2556 1728 2611 sit.

67 2635 405 2692 Meminerit
435 2653 562 2708 qua}
593 2642 759 2710 pater
786 2639 937 2694 inter
965 2639 1095 2696 illos
1121 2647 1428 2710 statuerat,
1462 2661 1588 2716 qua)
1609 2650 1730 2699 tam

65 2722 115 2779 is
145 2741 329 2796 quam
376 2729 437 2781 et
487 2726 580 2781 sui
625 2726 779 2782 inter
824 2727 956 2784 illos
999 2730 1362 2800 juraverant.
1399 2732 1733 2789 Meminerit

66 2814 220 2884 quod
256 2814 581 2870 novissime
604 2815 832 2887 judicio
859 2816 961 2872 Dei
985 2817 1135 2873 intsr
1156 2818 1287 2875 illos
1310 2819 1582 2877 voluntas
1603 2822 1732 2891 ejus

66 2902 368 2959 declarata
398 2904 495 2959 sit.
524 2905 592 2959 Et
623 2904 672 2960 si
701 2904 913 2960 horum
945 2907 1210 2962 omnium
1239 2910 1529 2965 recordari
1561 2910 1731 2978 nolit,

66 2998 255 3048 cesset
286 3010 322 3048 a
350 2994 761 3065 persecutione
791 2999 1006 3050 sancta)
1044 2995 1147 3051 Dei
1196 2995 1466 3052 Ecclesizs
1500 3014 1512 3053 :
1550 2998 1730 3053 mise-

68 3087 265 3138 reatur
317 3099 671 3154 pauperum,
721 3082 1054 3150 viduarum,
1098 3084 1645 3159 orphanorumque;
1677 3092 1733 3143 et

66 3187 316 3244 regnum
347 3190 382 3228 a
415 3176 580 3244 patre
611 3189 718 3230 suo
745 3190 1035 3229 consensu
1068 3173 1180 3230 sibi
1212 3174 1420 3231 datum
1451 3180 1516 3232 ut
1545 3176 1733 3249 ingre-

68 3260 283 3331 diatur,
321 3261 582 3329 omittat,
617 3277 689 3316 ne
717 3261 866 3315 forte
899 3260 1109 3317 iterato
1143 3261 1425 3334 populum
1456 3263 1733 3320 Christia-

1838 2017 1953 2073 fide
1984 2018 2254 2088 deceptos
2284 2034 2411 2073 esse
2457 2018 2701 2075 minime
2751 2024 3063 2091 oporteret.
3102 2021 3498 2087 Quamobrem

1840 2106 2118 2177 quoniam
2136 2106 2326 2162 hiems
2344 2107 2566 2174 aderat,
2589 2107 2830 2163 haberet
2843 2108 3063 2180 quique
3080 2108 3331 2165 honores
3348 2124 3498 2180 quos

1840 2199 2007 2267 pater
2036 2194 2152 2249 illis
2183 2196 2442 2263 dederat,
2473 2196 2521 2252 si
2554 2194 2743 2262 vellet,
2781 2198 3103 2267 mandavit,
3138 2198 3323 2252 donec
3345 2198 3498 2253 veris

1840 2288 2100 2355 tempore
2131 2283 2219 2338 vel
2251 2301 2385 2339 cum
2419 2284 2737 2357 paucis,vel
2764 2286 2943 2340 etiam
2974 2302 3110 2341 cum
3142 2286 3302 2342 omni
3324 2286 3496 2342 comi-

1839 2377 1986 2439 tatu,
2020 2390 2226 2429 omnes
2256 2373 2638 2441 conveniant;
2662 2378 2719 2428 et
2740 2375 2799 2428 ni
2825 2375 3067 2430 statutis
3108 2379 3213 2430 aut
3241 2379 3501 2432 statuen-

1841 2461 1934 2517 dis
1945 2461 2749 2533 concordiaconcurrat,quid
2770 2463 2983 2534 cuique
3004 2463 3517 2533 debeatur,armis|

1841 2550 2322 2616 decernant.Quae
2342 2549 2580 2622 quidem
2604 2550 2933 2606 Lodharius
2965 2568 3127 2606 more
3150 2550 3324 2607 solito
3346 2569 3502 2623 spre-

1840 2639 1923 2694 vit
1950 2644 2008 2694 et
2028 2657 2063 2694 a
2082 2640 2295 2694 Sancto
2327 2638 2603 2711 Dionysio
2624 2639 2856 2695 obviam
2880 2640 3212 2712 Pipino,qui
3233 2641 3307 2695 ab
3326 2640 3501 2712 Aqui~

1841 2728 2002 2783 tania
2025 2729 2096 2783 ad
2119 2727 2288 2783 illum
2310 2727 2865 2797 veniebat,Senones
2886 2728 2995 2782 iter
3014 2728 3500 2785 direxit.Karolus

1841 2822 2036 2872 autem
2054 2822 2312 2883 econtra,
2334 2815 2587 2888 qualiter
2610 2815 3038 2874 Lodhuwicum
3057 2816 3117 2871 in
3136 2817 3497 2889 adjutorium

1842 2922 2018 2961 suum
2052 2906 2308 2976 recipere
2336 2908 2557 2976 posset,
2590 2904 2863 2959 intendit.

1914 2994 2139 3047 Interea
2184 2992 2522 3047 nuntiatum
2573 2996 2665 3046 est
2712 2992 2939 3059 Karolo,
2975 2993 3131 3063 quod
3181 3009 3346 3049 soror
3388 3011 3496 3050 sua

1842 3079 2198 3152 llildigardis
2225 3079 2602 3153 Adelgarium
2635 3080 2954 3152 quemdam
2985 3098 3055 3138 ex
3084 3080 3209 3137 suis
3254 3088 3492 3155 captum

1841 3169 2101 3238 haberet,
2118 3173 2175 3225 et
2191 3168 2252 3224 in
2274 3168 2415 3224 urbe
2448 3168 2822 3226 Laudunensi
2844 3186 2961 3226 una
2986 3187 3189 3227 secum
3210 3171 3493 3227 custodiri

1841 3258 2093 3314 fecisset.
2125 3260 2250 3324 Qua
2280 3275 2382 3329 pro
2415 3274 2475 3313 re
2505 3258 2803 3329 expeditos
2834 3259 2907 3315 ad
2938 3258 3046 3316 hoc
3068 3276 3217 3333 opus
3248 3261 3493 3318 Karolus

70 3367 208 3405 num
243 3351 319 3405 ad
355 3349 573 3405 caedem
598 3353 867 3404 mutuam
894 3350 1186 3407 conﬂuere
1210 3351 1616 3424 compellat.Et
1640 3354 1730 3409 bis
1760 3335 1803 3403 C
1841 3348 1953 3403 sibi
1999 3346 2231 3420 delegit,
2267 3363 2333 3403 ac
2384 3347 2650 3420 protinus
2699 3347 2942 3413 decente
2980 3350 3109 3419 jam
3160 3349 3272 3418 die,
3306 3349 3400 3405 his
3431 3350 3493 3406 in

71 3435 147 3493 ita
176 3434 549 3509 compositis,
584 3436 739 3492 idem
772 3437 896 3508 ipse
930 3438 1283 3494 Parisiacam
1317 3441 1522 3497 urbem
1563 3443 1729 3511 adiit,

71 3529 189 3581 tam
213 3524 420 3581 fratris
447 3525 539 3580 sui
564 3526 910 3581 Lodhuwici
934 3527 1274 3593 adventum,
1298 3546 1475 3600 quam
1498 3535 1556 3586 et
1575 3537 1734 3587 crete-

73 3631 165 3671 ros
186 3614 396 3671 fideles
419 3632 579 3683 suos,
607 3633 754 3687 quos
779 3616 1039 3688 undique
1060 3624 1734 3692 convocaverat,pra3sto-

73 3701 323 3760 laturus.
343 3704 510 3770 Quod
532 3721 669 3760 cum
692 3705 1021 3761 Lodharius
1043 3707 1448 3776 didicisset,ad
1461 3711 1730 3766 eamdem

74 3793 278 3848 urbem
324 3794 440 3849 iter
483 3794 712 3850 direxit.
751 3796 1009 3851 Habebat
1053 3797 1213 3851 enim
1263 3800 1382 3853 tam
1433 3798 1731 3856 Saxonum

74 3896 247 3950 quam
281 3887 343 3938 et
385 3883 851 3952 Austrasiorum,
886 3901 1111 3939 necnon
1163 3889 1220 3940 et
1265 3886 1338 3941 de
1386 3885 1731 3944 Alamannis

74 3975 295 4038 partem
324 3972 486 4028 haud
520 3972 812 4028 modicam
845 3990 1084 4041 secum;
1121 3973 1457 4046 horumque
1513 3978 1730 4034 auxilio

74 4059 447 4126 prmmaxime
476 4060 756 4128 confisus,
775 4062 847 4116 ad
870 4062 1153 4118 Sanctum
1177 4063 1521 4135 Dionysium
1552 4068 1728 4122 venit.

76 4145 386 4218 Repererat
418 4153 616 4204 autem
650 4149 794 4205 inibi
842 4168 1016 4207 naves
1068 4150 1201 4222 plus
1253 4152 1451 4208 minus
1500 4153 1727 4225 viginti.

78 4233 316 4309 Insuper
356 4256 595 4312 quoque
645 4239 940 4311 Sequana,
974 4239 1060 4294 uti
1111 4257 1311 4296 mense
1364 4242 1730 4313 Septembrio

77 4323 238 4393 solet,
271 4328 485 4400 exigua
506 4332 651 4395 erat,
678 4328 1115 4399 transitumque
1137 4329 1475 4399 perfacilem
1498 4336 1733 4401 ριίοειει-

77 4411 192 4467 bat.
224 4417 618 4481 Quamobrem
644 4417 955 4489 jactabant
1005 4435 1066 4473 se
1116 4418 1207 4473 sui
1257 4418 1427 4474 facile
1478 4421 1729 4477 transire

77 4515 263 4571 posse,
296 4511 355 4560 et
383 4505 497 4562 hoc
530 4506 733 4578 utique
772 4505 1137 4561 simulabant
1167 4524 1227 4563 se
1260 4508 1512 4564 maxime
1561 4510 1725 4565 velle.

79 4588 220 4662 Ergo
250 4595 500 4651 Karolus
532 4597 821 4668 quosdam
856 4594 1143 4651 Parisium
1162 4600 1218 4650 et
1246 4595 1579 4654 Milidonem
1605 4616 1731 4656 cus-

1843 3436 2109 3510 partibus
2122 3436 2369 3492 festinus
2387 3435 2655 3508 perrexit.
2672 3436 2937 3493 Distabat
2953 3438 3112 3493 enim
3134 3439 3278 3495 urbs
3289 3440 3493 3495 eadem

1842 3527 1975 3598 plus
2007 3524 2206 3581 minus
2238 3525 2434 3581 leuvas
2466 3525 2724 3598 triginta.
2751 3525 2857 3581 Per
2878 3531 3060 3585 totam
3083 3527 3376 3599 siquidem
3399 3544 3496 3583 no-

1841 3622 1993 3671 ctem
2024 3615 2135 3671 iter
2164 3616 2403 3682 faciens,
2437 3614 2793 3687 impediente
2822 3614 2957 3688 gelu
2987 3616 3320 3689 prmvalido,
3352 3616 3500 3674 hora

1840 3705 1959 3760 fere
1990 3704 2105 3759 diei
2150 3704 2344 3773 tertia,
2378 3704 2674 3776 insperate
2719 3705 2916 3761 subito
2965 3706 3150 3762 sorori
3181 3710 3237 3762 et
3267 3705 3495 3762 civibus

1840 3810 1977 3849 cum
2007 3793 2239 3848 infinita
2268 3792 2648 3849 multitudine
2670 3794 2979 3850 nuntiatur
2994 3794 3244 3849 Karolus
3265 3795 3491 3863 adesse,

1840 3883 2152 3954 omnisque
2184 3882 2326 3937 urbs
2357 3881 2645 3936 militibus
2675 3882 3041 3936 circumdata
3062 3882 3342 3947 fore.Quo
3363 3881 3493 3953 qui-

1842 3973 1975 4028 dem
2008 3971 2214 4026 uuntio
2258 3970 2540 4037 exterriti,
2573 3970 2850 4041 quoniam
2898 3985 3004 4024 nec
3050 3969 3353 4037 evadendi,
3388 3986 3494 4025 nec

1840 4062 2041 4116 aderat
2065 4076 2198 4130 spes
2216 4057 2433 4112 mcenia
2446 4057 2879 4129 tuendi,pacem
2897 4057 3009 4112 sub
3033 4074 3152 4113 una
3171 4058 3494 4130 eademque

1841 4154 2010 4205 nocte
2041 4152 2250 4219 petunt
2274 4163 2286 4200 :
2311 4144 2687 4219 Adelgarium
2714 4145 3022 4202 confestim
3047 4146 3323 4213 reddunt,
3345 4152 3404 4202 et
3429 4152 3495 4203 ut

1839 4254 1902 4294 se
1936 4237 2259 4307 urbemque
2276 4235 2500 4307 absque
2521 4234 2797 4290 conﬂictu
2824 4235 2884 4290 in
2905 4234 3231 4292 crastinum
3253 4235 3490 4306 dedant,

1839 4342 1974 4381 cum
1993 4326 2152 4381 omni
2177 4324 2542 4396 subjectione
2566 4324 2935 4396 promittunt.
2946 4324 3099 4381 Dum
3115 4324 3238 4382 hinc
3260 4342 3495 4400 ageren-

1837 4421 1954 4483 tur,
1990 4413 2208 4469 milites
2241 4430 2465 4468 moram
2499 4413 2679 4484 hujus
2710 4414 2791 4469 rei
2823 4414 3075 4486 graviter
3104 4415 3377 4483 ferentes,
3410 4414 3494 4469 in-

1838 4522 2016 4577 super
2044 4502 2262 4559 laboris
2311 4503 2482 4558 taedio
2530 4502 2834 4573 prmteritze
2883 4502 3093 4570 noctis,
3127 4503 3285 4574 quod
3332 4501 3499 4575 passi

1837 4595 2089 4660 fuerant,
2125 4592 2394 4665 permoti,
2419 4593 2478 4647 in
2510 4590 2804 4646 excidium
2836 4592 3003 4647 urbis
3034 4607 3201 4669 ruere
3231 4591 3493 4662 undique

79 4680 258 4736 todire
288 4684 605 4756 praecepit:
640 4685 929 4756 quosdam
953 4701 1086 4741 vero
1112 4684 1449 4757 ubicunque
1468 4688 1616 4744 vada
1639 4689 1726 4745 vel
1758 4704 1808 4771 D
1839 4688 2158 4755 coeperunt.
2194 4684 2479 4753 Essetque
2512 4678 2897 4771 proculdubio
2928 4678 3200 4771 protinus
3234 4679 3493 4771 ﬂammis
3556 4706 3565 4713 -

82 4769 304 4841 navigia
347 4790 478 4829 esse
528 4778 784 4842 noverat,
839 4774 1094 4830 residere
1147 4774 1314 4841 fecit;
1349 4775 1472 4846 ipse
1520 4794 1654 4833 vero
1698 4796 1729 4835 e

81 4856 304 4926 regione
335 4862 533 4917 Sancti
558 4862 1004 4935 Dionysiijuxta
1027 4864 1308 4918 Sanctum
1335 4864 1729 4925 Fludualdnm

81 4950 265 5001 castra
290 4948 349 5003 in
384 4950 707 5007 meditullio
750 4951 968 5022 posuit,
1003 4955 1069 5007 ut
1117 4956 1175 5006 et
1224 4952 1534 5021 Lodhario,
1569 4955 1617 5010 si
1649 4956 1731 5013 ita

80 5039 381 5106 oporteret,
414 5041 731 5096 transitum
765 5040 1093 5111 prohibere,
1119 5041 1283 5095 autsi
1311 5040 1527 5098 alicubi
1553 5062 1731 5116 super

83 5134 215 5176 suos
263 5125 481 5184 irruere
526 5129 713 5195 vellet,
748 5129 868 5184 illis
916 5146 1258 5185 succurrere
1310 5137 1524 5201 posset.
1560 5135 1628 5188 Et
1666 5141 1730 5190 ut

82 5210 344 5275 perfacile
371 5217 963 5289 dignosceretur,que
981 5218 1175 5273 inloco
1202 5220 1560 5289 adiutorium
1583 5239 1725 5293 pra}.

84 5292 199 5350 beri
226 5300 475 5374 deberet,
501 5323 660 5362 more
692 5307 988 5362 maritimo
1016 5307 1186 5377 signa
1208 5305 1264 5360 in
1287 5306 1429 5363 locis
1452 5313 1726 5382 congruis

84 5387 249 5455 atque
278 5396 573 5450 custodias
606 5395 923 5467 deputavit.
942 5396 1188 5466 Insuper
1209 5401 1406 5451 autem
1431 5400 1721 5469 Sequana,

86 5472 339 5559 mirabile
368 5483 548 5551 dictu,
582 5485 725 5539 dum
761 5502 865 5539 nos
897 5501 1190 5556 nusquam
1238 5501 1304 5539 eo
1357 5487 1414 5539 in
1467 5492 1726 5559 tempore

84 5558 227 5618 infra
246 5567 389 5624 duos
408 5588 639 5628 menses
659 5572 883 5643 pluvias
900 5590 1028 5628 esse
1048 5572 1581 5645 novimus,repente
1594 5596 1725 5634 aere

86 5663 278 5708 sereno
306 5661 629 5718 tumescere
660 5662 858 5734 coepit,
885 5679 951 5717 ac
984 5666 1189 5733 sponte
1213 5661 1305 5717 his
1327 5662 1385 5717 in
1409 5662 1552 5721 locis
1578 5668 1724 5724 vada

85 5736 293 5815 ubique
307 5747 623 5819 prohibuit.
640 5752 904 5823 Cumque
926 5750 1048 5807 haec
1064 5750 1148 5808 ita
1168 5750 1721 5825 haberent,cernens

1840 4771 2181 4844 rapinisque
2212 4771 2448 4838 tradita,
2480 4771 2535 4824 ni
2585 4769 2742 4826 idem
2794 4768 3040 4824 Karolus
3089 4767 3494 4825 misericordia

1839 4862 2082 4933 insuper
2110 4860 2490 4915 ecclesiarum
2525 4859 2625 4914 Dei
2658 4858 3014 4929 sororisque,
3047 4874 3272 4913 necnon
3302 4862 3359 4913 et
3389 4874 3489 4929 po-

1840 4951 1962 5024 puli
2013 4949 2329 5004 Christiani
2379 4952 2704 5020 permotus,
2738 4946 2917 5001 minis
2965 4950 3142 5017 atque
3190 4944 3492 5001 blanditiis

1838 5042 2048 5097 horum
2083 5038 2312 5094 animos
2344 5036 2597 5093 maxime
2619 5037 2814 5091 labore
2837 5052 3204 5107 compescere
3229 5035 3489 5090 studuis-

1838 5135 1946 5186 set.
1982 5133 2135 5195 Quos
2167 5144 2299 5182 cum
2333 5127 2643 5181 abscedere
2673 5125 2925 5193 fecisset,
2954 5130 3019 5180 ut
3041 5141 3205 5180 soror
3236 5124 3492 5195 postula-

1836 5224 2015 5288 verat,
2032 5217 2415 5284 concessit,et
2439 5214 2911 5271 Salmonciacum
2936 5214 3007 5269 ab
3034 5214 3175 5269 urbe
3195 5212 3485 5267 discessit.

1838 5308 2106 5364 Crastina
2137 5322 2369 5378 quoque
2402 5305 2495 5361 die
2530 5303 2885 5375 Ilildigardis
2917 5305 2990 5358 ad
3022 5303 3195 5358 fidem
3220 5300 3491 5367 suam,si-

1837 5404 1937 5454 cut
1968 5395 2563 5468 spoponderat,venit,
2589 5395 2913 5463 urbemque
2934 5392 3175 5448 illaesam
3195 5395 3252 5446 et
3266 5390 3490 5462 absque

1835 5489 2110 5544 conflictu
2142 5504 2248 5541 suo
2272 5483 2394 5555 juri
2420 5483 2694 5539 restituit.
2712 5485 2981 5538 Sororem
3002 5497 3169 5536 suam
3194 5479 3489 5550 siquidem

1836 5576 2081 5633 Karolus
2112 5575 2362 5645 benigne
2394 5573 2639 5643 excepit,
2672 5576 2730 5627 et
2778 5572 2978 5626 omnia
3026 5586 3154 5643 quae
3204 5569 3487 5624 hactenus

1833 5684 1971 5740 erga
1999 5665 2168 5720 illum
2200 5663 2545 5734 deliquerat,
2573 5661 2657 5716 illi
2690 5658 3275 5730 donavit.Multisque
3296 5657 3488 5717 verbis

1831 5758 2040 5818 blande
2069 5755 2234 5813 illam
2263 5752 2573 5824 allocutus,
2594 5767 2830 5811 omnem
2850 5749 3488 5827 benignitatem,un
