3900 6430
106 546 180 606 69
686 544 789 609 DE
832 546 1478 612 DISSENSIONIBUS
1528 542 1904 612 FILIQRUM
1957 548 2323 612 LUDOVICI
2370 550 2498 613 PII.
2536 587 2613 595 —
2641 551 2789 615 LIB.
2835 550 2938 614 IV.
3446 557 3538 619 70

107 679 290 735 cunda
312 695 377 734 ac
408 680 615 735 merito
639 681 896 737 notanda
914 682 1188 739 videntur
1226 685 1296 739 de
1335 683 1616 755 qualitate
1649 683 1751 738 ho-
1782 685 1837 751 Α
1867 688 1967 739 aut
1989 682 2243 741 laesionis
2266 690 2363 742 aut
2384 686 2656 760 vituperii
2682 687 2988 759 quippiam
3012 688 3225 744 inferre
3249 690 3506 748 audebat

109 783 235 823 rum
266 773 563 841 regum,et
595 768 985 827 unanimitate
1016 788 1143 844 quae
1177 772 1397 827 interea
1427 770 1754 844 deguerint,

109 870 289 927 pauca
335 857 547 912 referre
590 855 750 912 libet.
786 859 923 914 Erat
971 859 1211 931 quidem
1265 860 1531 932 utrisque
1573 861 1762 916 forma

109 943 432 1011 mediocris,
458 962 594 1001 cum
625 946 787 1001 omni
820 947 1027 1005 decore
1058 948 1398 1021 pulehra,et
1419 948 1577 1005 omni
1600 967 1750 1005 exer-

108 1034 240 1088 citio
269 1037 423 1106 apta.
440 1035 577 1089 Erat
597 1040 844 1106 uterque
874 1037 1083 1105 audax,
1100 1037 1320 1108 largus,
1336 1038 1594 1110 prudens
1614 1038 1761 1110 pari-

114 1126 194 1177 ter
221 1128 277 1177 et
297 1123 597 1195 eloquens,
616 1141 973 1197 omnemque
1002 1128 1366 1197 prmmissam
1392 1127 1757 1183 nobilitatem

110 1212 417 1267 excedebat
445 1213 696 1267 fratrum
737 1218 941 1269 saneta
969 1232 1034 1269 ae
1065 1218 1398 1271 veneranda
1428 1218 1759 1271 concordia.

112 1300 251 1355 Nam
283 1300 544 1355 convivia
574 1308 741 1357 erant
775 1302 892 1359 illis
913 1321 1057 1375 pene
1091 1305 1354 1375 assidua,
1378 1311 1433 1360 et
1454 1306 1760 1377 quodcun-

112 1407 219 1460 que
251 1390 504 1462 pretium
536 1392 851 1459 habebant,
885 1393 993 1448 hoc
1027 1393 1174 1449 alter
1204 1394 1367 1449 alteri
1404 1394 1763 1466 perhumane

111 1479 298 1534 dabat.
326 1479 450 1535 Una
482 1481 692 1536 domus
722 1486 849 1536 erat
874 1482 989 1537 illis
1021 1482 1287 1550 convivii,
1320 1488 1375 1539 et
1408 1500 1525 1538 una
1547 1481 1761 1538 somni.

113 1569 461 1624 Tractabant
488 1575 609 1625 tam
641 1571 766 1642 pari
798 1588 1089 1628 consensu
1137 1572 1473 1640 eonmunia,
1500 1589 1677 1644 quam
1709 1576 1766 1626 et

112 1657 350 1730 privata.
383 1659 509 1714 Non
562 1660 887 1735 quidquam
929 1660 1091 1717 aliud
1132 1661 1383 1733 quilibet
1432 1662 1641 1716 horum
1692 1661 1763 1716 ab

115 1746 288 1803 altero
321 1748 573 1820 petebat,
591 1749 705 1805 nisi
727 1750 883 1820 quod
908 1749 1047 1806 utile
1070 1768 1136 1806 ac
1159 1768 1486 1823 congruum
1523 1751 1606 1806 illi
1637 1767 1765 1807 esse

113 1836 635 1892 censebat.°Ludos
666 1838 842 1892 etiam
868 1837 975 1893 hoc
999 1839 1202 1894 ordine
1223 1856 1373 1911 saepe
1406 1857 1585 1894 causa
1605 1856 1764 1894 exer-

115 1922 231 1979 citii
250 1925 719 1998 frequentabant.
741 1927 1173 1982 Conveniebant
1196 1933 1391 1983 autem
1415 1943 1767 2000 quocunque

112 2028 435 2084 congruum
468 2012 799 2084 spectaculo
820 2015 1147 2082 videbatur,
1165 2021 1222 2070 et
1242 2016 1603 2072 subsistente
1627 2015 1765 2070 hinc

112 2099 243 2157 inde
272 2100 435 2155 omni
457 2099 1129 2174 multitudine,primum
1164 2103 1286 2173 pari
1322 2119 1563 2157 numero
1587 2102 1766 2157 Saxo-

112 2206 339 2257 norum,
353 2190 807 2259 Wasconorum,
822 2192 1280 2261 Austrasiorum,
1302 2192 1763 2255 Brittannorum,

112 2295 177 2334 ex
207 2284 456 2351 utraque
486 2284 672 2352 parte,
685 2279 865 2336 veluti
895 2279 1144 2335 invicem
1170 2280 1465 2336 adversari
1502 2280 1614 2335 sibi
1647 2279 1768 2335 vel-

110 2367 248 2438 lent,
260 2368 411 2424 alter
440 2368 498 2423 in
530 2367 781 2425 alterum
802 2369 981 2425 veloci
1010 2387 1187 2425 cursu
1212 2369 1599 2425 ruebat.Hinc
1629 2386 1767 2441 pars

114 2461 273 2530 terga
303 2475 471 2514 versa
492 2459 737 2531 protecti
762 2459 1142 2526 umbonibus,
1160 2475 1225 2513 ae
1253 2459 1443 2514 socios
1476 2458 1767 2533 insectan-

115 2549 199 2602 tes
230 2547 475 2603 evadere
504 2565 566 2603 se
588 2547 732 2603 velle
763 2547 1145 2604 simulabant.
1178 2551 1251 2604 At
1278 2564 1445 2604 versa
1483 2548 1628 2616 vice,
1663 2547 1766 2602 ite-

117 2648 244 2691 rum
305 2635 459 2705 illos,
494 2654 642 2709 quos
688 2637 1012 2710 fugiebant,
1066 2637 1341 2709 persequi
1399 2636 1765 2692 studebant:

117 2724 294 2780 donec
328 2726 647 2782 novissime
675 2726 907 2798 utrique
931 2742 1095 2798 reges
1119 2742 1253 2781 cum
1284 2725 1443 2780 omni
1459 2725 1772 2795 juventute

114 2811 331 2884 ingenti
361 2813 637 2880 clamore,
663 2815 831 2887 equis
882 2816 1117 2871 emissis
1163 2815 1400 2870 hastilia
1445 2813 1770 2884 crispantes

116 2901 412 2971 exsiliunt,
448 2907 504 2958 et
534 2921 691 2958 nunc
722 2903 1007 2971 his,nunc
1042 2903 1156 2959 illis
1184 2908 1349 2975 terga
1372 2903 1649 2958 dantibus
1681 2902 1769 2956 in-

118 2988 620 3063 sistunt.Eratque
653 3009 746 3047 res
772 2992 952 3064 digna
982 3008 1085 3062 pro
1116 2995 1280 3047 tanta
1310 2990 1632 3057 nobilitate,
1666 3006 1771 3044 nee

118 3082 173 3133 et
202 3080 624 3149 moderatione,
657 3079 1009 3152 spectaculo.
1034 3080 1160 3134 Non
1192 3079 1350 3134 enim
1381 3077 1677 3149 quispiam
1710 3076 1771 3130 in

115 3169 277 3223 tanta
309 3168 692 3224 multitudine
722 3184 788 3223 ac
819 3167 1154 3222 diversitate
1201 3166 1454 3237 generis,
1483 3165 1567 3220 uti
1618 3180 1772 3236 saape

116 3255 264 3311 inter
296 3257 690 3328 paucissimos
719 3261 776 3312 et
805 3260 972 3311 notos
1013 3254 1350 3325 contingere
1397 3254 1563 3322 solet,
1597 3252 1770 3309 alicui

1798 2067 1845 2130 Β

1942 771 2043 827 His
2077 772 2157 827 ita
2188 790 2249 828 se
2282 773 2660 842 habentibus,
2686 774 3120 835 Karlemannus
3143 793 3279 833 eum
3311 777 3537 851 ingenti

1867 859 2119 916 exercitu
2153 863 2557 933 Bajoariorum
2590 868 2647 919 et
2676 863 3140 921 Alamannorum
3193 867 3265 922 ad
3313 870 3537 939 patrem

1869 966 2045 1004 suum
2071 950 2429 1023 Mogontiam
2453 952 2629 1007 venit.
2647 953 2834 1008 Bardo
2856 955 3119 1025 vero,qui
3142 953 3201 1008 in
3224 954 3536 1012 Saxoniam

1870 1036 2091 1092 missus
2114 1038 2323 1105 fuerat,
2347 1039 2622 1094 similiter
2645 1040 3085 1108 fecit,nuntians
3106 1044 3262 1114 quod
3279 1044 3536 1100 Saxones

1842 1127 2151 1181 .mandata
2182 1128 2451 1182 Lodharii
2488 1129 2866 1200 sprevissent,
2888 1134 2945 1184 et
2978 1130 3267 1202 quidquid
3304 1133 3537 1188 Lodhm

1870 1215 2061 1269 wieus
2083 1219 2139 1269 et
2164 1215 2410 1271 Karolus
2444 1216 2559 1269 illis
2581 1217 2982 1289 przeeiperent,
3000 1219 3250 1275 libenter
3270 1220 3328 1275 id
3350 1222 3537 1279 facere

1871 1302 2106 1358 vellent.
2143 1303 2472 1360 Lodharius
2503 1321 2736 1376 quoque
2760 1306 3110 1379 missos,qui
3142 1308 3213 1363 ad
3240 1326 3300 1363 se
3332 1309 3535 1366 directi

1872 1391 2123 1459 fuerant,
2184 1391 2514 1447 inconsulte
2594 1393 2795 1447 audire
2871 1394 3120 1450 distulit.
3185 1399 3345 1462 Quod
3416 1404 3535 1453 tam

1876 1480 2274 1536 Lodhuwieus
2306 1498 2483 1552 quam
2517 1486 2580 1536 nt
2611 1483 3116 1551 Karolus,necnen
3149 1490 3208 1539 et
3229 1487 3536 1542 universus

1873 1568 2180 1636 exercitus,
2200 1586 2348 1641 aegre
2378 1570 2668 1640 tulerunt;
2696 1576 2751 1626 et
2777 1571 3034 1643 qualiter
3078 1571 3256 1627 iidem
3306 1573 3420 1646 ipsi
3463 1577 3536 1631 ad

1874 1655 2041 1711 illum
2063 1658 2363 1728 pervenire
2379 1664 2638 1732 possent,
2656 1659 2993 1714 intendunt.
3010 1661 3160 1733 Ergo
3177 1679 3271 1717 xvr
3294 1662 3535 1718 Kalend.

1873 1744 2091 1816 Aprilis
2121 1745 2239 1802 illis
2271 1748 2329 1802 in
2364 1747 2631 1819 partibus
2678 1748 2831 1802 viam
2877 1748 3158 1821 dirigunt,
3187 1755 3245 1805 et
3291 1749 3538 1806 Karolus

1876 1833 2114 1904 quidem
2180 1853 2286 1906 per
2341 1837 2661 1910 Wasagum
2723 1837 2834 1891 iter
2905 1837 3144 1894 difﬁcile
3208 1840 3537 1913 ingressus,

1877 1923 2276 1979 Lodhuwicus
2331 1941 2463 1979 vero
2513 1929 2668 1980 terra
2727 1925 3047 1998 Rhenoque
3105 1943 3209 1998 per
3267 1927 3536 2000 Bingam,

1877 2011 2312 2069 Karlomannus
2343 2018 2538 2069 autem
2572 2031 2675 2085 per
2696 2013 2955 2069 Einrichi
2986 2014 3057 2068 ad
3081 2015 3451 2072 Conﬂentum
3474 2016 3534 2072 in

1876 2101 2200 2156 crastinum
2225 2100 2368 2157 hora
2389 2103 2508 2157 fere
2531 2101 2642 2157 diei
2660 2107 2822 2157 sexta
2834 2105 3536 2177 venerunt,protinusque

1876 2189 1948 2245 ad
1999 2189 2280 2244 Sanctum
2340 2190 2638 2245 Castorem
2699 2190 2978 2245 orationis
3037 2209 3216 2247 causa
3259 2198 3533 2266 pergunt.

1878 2278 2120 2334 Missam
2153 2278 2507 2345 audiunt,ac
2538 2279 2748 2334 deinde
2779 2279 2954 2335 iidem
2989 2297 3152 2353 reges
3191 2282 3401 2337 armati
3432 2300 3533 2337 na-

1878 2384 1973 2422 ves
1996 2368 2416 2434 conscendunt,
2432 2372 2489 2423 et
2509 2366 2811 2423 Mosellam
2844 2369 3009 2425 ocius
3030 2368 3354 2440 trajiciunt.
3370 2371 3534 2436 Quod

1879 2471 2014 2511 eum
2047 2454 2322 2527 Otgarius
2362 2455 2667 2527 Mogontite
2699 2456 2857 2511 sedis
2890 2456 3410 2528 episcopus,Hatto
3442 2474 3535 2513 co-

1881 2561 2025 2611 mes,
2048 2544 2701 2616 Herioldus,ereterique
2733 2545 3189 2617 viderunt,quos
3213 2546 3537 2602 Lodharius

1880 2633 1952 2688 ob
1976 2632 2085 2687 hoc
2116 2631 2263 2687 inihi
2296 2632 2633 2705 reliquerat,
2649 2639 2714 2687 ut
2735 2632 2852 2688 illis
2872 2633 3192 2689 transitum
3211 2634 3540 2706 prohibuis-

1882 2727 2031 2788 sent,
2058 2723 2267 2779 timore
2299 2722 2608 2794 perterriti,
2644 2722 2835 2777 littore
2868 2723 3087 2790 relicto,
3115 2724 3410 2797 fugerunt.
3438 2726 3539 2780 Lo-

1881 2810 2125 2866 dharius
2155 2826 2388 2883 quoque
2420 2815 2485 2866 ut
2514 2812 2722 2867 fratres
2753 2828 2892 2867 suos
2923 2812 3223 2868 Mosellam
3253 2814 3539 2870 transisse

1882 2900 1942 2953 in
1966 2898 2231 2954 Sineiaeo
2254 2898 2479 2966 didicit,
2495 2900 2805 2954 confestim
2828 2906 2885 2956 et
2918 2901 3043 2972 ipse
3082 2901 3241 2957 abire
3271 2907 3329 2958 et
3360 2918 3538 2974 regno

1882 2991 1939 3042 et
1969 2988 2105 3042 sedo
2137 3004 2252 3042 non
2285 2986 2728 3052 destitit,donee
2759 3005 2823 3044 se
2852 3006 3031 3060 super
3059 2989 3247 3060 ripam
3270 2988 3536 3045 Rhodani

1881 3092 2016 3130 eum
2057 3074 2282 3145 paucis,
2307 3074 2407 3147 qui
2458 3091 2519 3129 se
2568 3075 2736 3148 sequi
2793 3075 3277 3144 deliberaverunt,
3313 3078 3535 3133 caeteris

1881 3163 2394 3232 omissis,cxcepit.
2411 3164 2535 3229 Qua
2556 3164 2730 3218 ﬁnem
2754 3164 2996 3219 secundi
3018 3165 3356 3222 certaminis
3377 3167 3538 3222 dedit

1882 3250 2227 3319 Lodharius,
2249 3251 2599 3307 terminetur
2626 3252 2776 3308 liber
2806 3252 3033 3309 tertius.

1348 3544 1676 3630 LIBER
1735 3542 2309 3680 QUARTUS.

751 3799 1147 3857 PREFATIO.

182 3908 307 3963 Non
340 3907 535 3963 solum
572 3925 684 3975 me,
722 3907 807 3961 uti
840 3908 1145 3979 praefatum
1177 3912 1286 3974 est,
1320 3908 1393 3962 ab
1440 3908 1549 3963 hoc
1601 3925 1773 3980 opere

115 3998 470 4053 narrationis
492 3997 791 4069 quiescere
825 3995 1315 4063 delectat,verum
1343 3997 1521 4053 etiam
1552 4014 1667 4068 quo
1699 3999 1772 4053 ab

114 4086 384 4143 universa
396 4104 457 4142 re
464 4078 874 4159 publica'tetus
888 4086 1154 4140 secedam
1166 4129 1179 4153 ,
1205 4103 1371 4140 mens
1384 4086 1561 4141 variis
1578 4087 1771 4157 queri-

115 4174 324 4230 moniis
349 4173 848 4241 reierta,assiduis
870 4173 1353 4229 meditationibus
1372 4174 1545 4228 anxia
1557 4179 1768 4229 versat.

113 4262 221 4318 Sed
246 4264 529 4336 quoniam
562 4281 656 4319 me
687 4265 757 4318 de
789 4264 963 4318 rebus
1017 4262 1305 4317 universis
1352 4264 1587 4318 fortuna
1636 4263 1772 4318 hinc

113 4349 243 4407 inde
266 4353 493 4424 junxit,
526 4352 853 4424 validisque
881 4350 1153 4424 procellis
1201 4356 1542 4407 mcerentem
1589 4352 1769 4406 vehit.

114 4456 229 4511 qua
256 4444 497 4514 portum
528 4443 692 4511 ferat,
712 4441 830 4497 imo
858 4457 993 4495 vero
1024 4440 1258 4512 penitus
1279 4439 1503 4512 ignoro.
1530 4439 1771 4495 Interim

114 4535 306 4587 autem
338 4531 389 4588 si
410 4531 652 4603 aliquod
676 4535 909 4601 tempus
933 4530 1189 4584 otiosum
1212 4545 1499 4599 reperere,
1517 4528 1657 4601 quid
1674 4529 1770 4583 ob-

111 4618 294 4688 erit,si
325 4619 411 4675 uti
425 4620 669 4692 jussum
700 4617 969 4685 est,faeta
988 4615 1320 4687 principum
1345 4632 1772 4688 procerumque

113 4711 448 4763 nostrorum
482 4706 618 4780 styli
650 4705 842 4762 ofﬁcio
873 4704 1167 4761 memoria
1199 4704 1479 4759 mandare
1508 4704 1772 4759 curabo?

112 4793 258 4869 Ergo
288 4796 429 4853 huic
462 4812 659 4851 rerum
689 4794 849 4866 operi
881 4798 1089 4867 quarto
1119 4793 1393 4848 insistam
1424 4792 1768 4864 (assistam),

115 4888 169 4937 et
196 4886 247 4941 si
276 4885 337 4941 in
369 4884 597 4941 caeteris
630 4885 805 4940 rebus
851 4883 1065 4939 futuris
1110 4883 1387 4954 prodesse
1433 4881 1769 4952 nequivere,

116 4971 320 5030 saltem
362 4974 423 5029 in
474 4975 571 5029 his
619 4971 835 5029 erroris
884 4970 1236 5027 nubeculam
1290 4970 1524 5043 proprio
1572 4969 1770 5025 labore

118 5063 360 5131 posteris
394 5064 712 5135 detergam.

187 5223 381 5296 Usque
398 5223 799 5281 Lodhuwieus
816 5228 872 5277 et
891 5222 1134 5278 Karolus
1163 5221 1516 5276 Lodharium
1542 5239 1574 5275 a
1596 5237 1772 5292 regno

120 5329 222 5369 suo
241 5314 457 5369 abiisse
474 5314 650 5369 certis
670 5311 905 5368 indiciis
922 5311 1447 5383 eognovere,Aquis
1460 5309 1768 5378 Palatium,

121 5403 273 5472 quod
305 5409 445 5458 tunc
477 5402 646 5458 sedes
677 5402 869 5473 prima
910 5400 1162 5456 Francia:
1193 5403 1335 5465 erat,
1362 5404 1644 5470 petentes,
1679 5417 1772 5455 se—

122 5492 318 5560 quenti
352 5509 486 5565 vero
518 5492 609 5545 die
633 5491 772 5562 quid
794 5488 1122 5545 consultius
1140 5489 1211 5543 de
1232 5488 1447 5560 populo
1472 5506 1537 5543 ac
1552 5505 1773 5560 regnoa

122 5578 293 5636 fratre
340 5581 540 5635 relicto
589 5580 880 5651 agendum
930 5578 1245 5644 videretur,
1275 5576 1671 5633 deliberaturi.
1706 5578 1774 5632 Et

122 5670 376 5747 primum
407 5669 646 5741 quidem
678 5669 871 5724 visum
907 5671 1016 5734 est,
1040 5671 1239 5721 utrem
1264 5667 1336 5721 ad
1355 5668 1657 5738 episcopos
1681 5684 1771 5722 sa-

121 5760 519 5831 cerdotesque,
553 5774 806 5831 quorum
838 5756 1040 5811 aderat
1068 5772 1205 5827 pars
1249 5755 1523 5823 maxima,
1548 5756 1771 5809 confer-

119 5853 273 5919 rent;
311 5854 376 5903 ut
399 5847 635 5903 illorum
664 5843 1153 5912 consultu,veluti
1177 5844 1417 5899 numine
1434 5843 1649 5915 divino,
1675 5843 1773 5899 ha-

1801 3803 1845 3872 c
1883 3818 2015 3856 rum
2044 3816 2241 3856 rerum
2272 3797 2575 3854 exordium
2609 3802 2783 3870 atque
2814 3797 3133 3855 auctoritas
3173 3799 3539 3871 proderetur.

1882 3891 1953 3945 Et
1972 3889 2083 3945 hoc
2105 3888 2540 3961 illis,quoniam
2576 3888 2781 3942 merito
2813 3892 3003 3943 ratum
3039 3888 3362 3955 videbazur,
3386 3904 3539 3942 com-

1884 3978 2134 4033 missum
2169 3982 2277 4033 est.
2297 3976 2520 4042 Quibus
2552 3977 2624 4031 ab
2657 3975 2823 4030 initio
2855 3980 3020 4047 gesta
3050 3974 3322 4030 Lodharii
3354 3974 3539 4030 consi-

1883 4065 2557 4136 derantibus,quomodo
2581 4069 2805 4135 patrem
2829 4080 3005 4118 suum
3031 4079 3207 4135 regno
3226 4063 3537 4134 pepulerit,

1882 4155 2113 4226 quoties
2131 4153 2412 4225 populum
2437 4152 2836 4206 Christianum
2861 4153 3162 4223 perjurum
3185 4168 3294 4206 sua
3319 4151 3539 4224 cupidi-

1881 4247 1973 4299 tas
2003 4240 2255 4296 el‘feeerit
2279 4258 2291 4296 :
2317 4240 2544 4312 quoties
2576 4240 2730 4295 idem
2763 4241 2888 4312 ipse
2920 4239 3049 4309 hoc,
3068 4240 3224 4313 quod
3257 4241 3407 4312 patri
3432 4241 3540 4297 fra-
3600 4230 3603 4233 Α

1880 4330 2188 4402 tribusque
2198 4331 2518 4401 juraverat,
2535 4330 2931 4397 frustraverit;
2957 4329 3184 4403 quoties
3203 4335 3337 4402 post
3354 4329 3540 4402 patris

1881 4420 2106 4477 obitum
2157 4422 2366 4475 fratres
2429 4437 2569 4476 suos
2627 4420 3041 4477 exhaareditare
3104 4426 3283 4494 atque
3347 4421 3537 4477 delere

1882 4512 2261 4580 temptasset;
2297 4512 2517 4579 quanta
2548 4509 2887 4580 homicidia,
2912 4509 3221 4576 adulteria,
3245 4509 3535 4577 incendia,

1879 4598 2309 4669 omnigenaque
2339 4596 2596 4652 facinora
2628 4597 2974 4653 universalis
3005 4596 3278 4665 Ecclesia,
3296 4615 3405 4653 sua
3436 4614 3536 4652 ne-

1880 4686 2230 4742 fandissima
2258 4685 2576 4756 cupiditate
2607 4702 2884 4757 perpessa
2912 4685 3018 4753 sit;
3053 4685 3297 4758 insuper
3337 4689 3533 4740 autem

1882 4791 2070 4847 neque
2126 4774 2433 4830 scientiam
2488 4773 2858 4846 gubernandi
2911 4772 3297 4845 reipublicam
3364 4773 3536 4829 illum

1881 4865 2116 4931 habere,
2135 4880 2236 4918 nec
2259 4863 2557 4934 quoddam
2588 4862 2900 4933 vestigium
2933 4863 3096 4918 bona:
3126 4862 3445 4918 voluntatis
3474 4862 3534 4917 in

1880 4970 1990 5009 sua
2000 4951 2423 5024 gubernatione
2440 4950 2763 5022 quemlibet
2776 4950 3033 5007 invenire
3050 4952 3532 5024 posse,ferebant.

1880 5041 2105 5108 Quibus
2118 5040 2394 5096 exeausis
2414 5057 2529 5094 non
2547 5040 2971 5109 immerito,scd
2983 5042 3150 5112 justo
3163 5040 3262 5096 Dei
3276 5040 3537 5113 omnipo-

1877 5130 2056 5185 tentis
2078 5129 2324 5201 judicio,
2342 5127 2598 5203 primum
2641 5145 2674 5183 a
2705 5128 2921 5200 prmlio,
2948 5134 3006 5184 et
3044 5128 3300 5184 secundo
3329 5146 3363 5184 a
3402 5146 3562 5200 proh

1883 5218 2007 5291 prio
2024 5234 2202 5290 regno
2222 5218 2419 5289 fugam
2439 5215 2604 5271 illum
2623 5215 2802 5271 inisse
2826 5217 3078 5273 aiebant.
3094 5218 3243 5290 Ergo
3256 5217 3534 5272 omnibus

1882 5306 2239 5365 unanimiter
2268 5305 2458 5361 visum
2486 5308 2595 5371 est,
2630 5309 2805 5375 atque
2836 5306 3230 5371 consentiunt,
3255 5305 3408 5378 quod
3460 5304 3534 5359 ob

1882 5412 2050 5452 suam
2072 5393 2394 5466 nequitiam
2416 5393 2671 5448 vindicta
2693 5393 2792 5448 Dei
2814 5393 2980 5449 illum
3004 5394 3539 5465 ejeeerit,regnum-

1882 5502 1994 5555 que
2026 5484 2307 5539 fratribus
2338 5481 2463 5538 suis
2494 5481 2832 5537 melioribus
2856 5500 2916 5538 se
2939 5484 3100 5554 juste
3118 5482 3191 5537 ad
3214 5482 3534 5554 regendum

1882 5573 2207 5628 tradiderit.
2238 5571 2653 5626 Verumtamen
2703 5570 3162 5643 haudquaquam
3210 5570 3326 5624 illis
3384 5570 3536 5625 hanc

1882 5663 2179 5719 licentiam
2211 5660 2638 5727 dedere,donee
2663 5660 2856 5730 palam
2882 5659 3011 5716 illos
3029 5658 3349 5731 percontati
3373 5664 3533 5727 sunt,

1883 5752 2083 5807 utrum
2116 5749 2259 5804 illud
2293 5766 2396 5821 per
2421 5749 2667 5821 vestigia
2687 5749 2883 5803 fratris
2902 5748 3178 5820 ejecti,an
3204 5748 3533 5805 secundum

1884 5840 1985 5899 Dei
2032 5838 2389 5895 voluntatem
2438 5854 2635 5912 regere
2682 5835 2981 5894 voluisset.
3017 5836 3533 5911 Respondentibus
