3900 6438
370 472 443 537 71
1034 538 1041 543 ,
1432 472 1811 545 NlTllARDl
1856 474 1918 535 S.
1970 468 2317 547 RICHARII
2359 472 2719 542 ABBA'I‘lS.

3717 478 3797 561 72,
3845 494 3847 553 1

373 613 668 678 autem,in
701 614 989 684 quantum
1023 627 1193 663 nosse
1226 627 1289 663 ae.
1322 626 1491 679 posse
1516 609 1666 663 Deus
1692 608 1804 681 illis
1824 626 2020 679 conce-
2051 614 2102 678 Α
2136 614 2376 667 nitatem
2412 614 2873 685 Saxonibus,qui
2904 612 3281 693 seSte'llinga
3311 614 3785 691 nominaverant,

371 705 556 770 deret,
571 700 893 758 secundum
917 714 1085 753 suam
1107 698 1463 752 voluntatem
1489 714 1549 751 se
1570 702 1626 751 ct
1648 714 1786 751 suos
1817 698 2023 767 guber-

371 809 510 847 nare
542 795 598 847 et
627 805 823 861 regere
852 786 1017 854 velle,
1048 786 1215 841 aiunt
1247 803 1258 839 :
1298 807 1325 834 ‹‹
1358 786 1430 840 Et
1460 783 1804 840 auctoritate
1825 784 2021 841 divina

369 886 434 936 ut
464 880 608 939 illud
640 875 999 949 suscipiatis,
1033 879 1089 930 et
1136 874 1460 930 secundum
1510 874 1611 929 Dei
1657 873 2017 928 voluntatem

371 972 512 1025 illud
550 968 782 1037 regalis,
816 982 1147 1031 monemus,
1183 964 1490 1018 hortamur
1527 967 1703 1033 atque.
1754 961 2015 1034 praeeipi-

368 1077 564 1113 mus.»
592 1057 736 1112 Hinc
761 1060 959 1111 autem
981 1059 1226 1124 uterque
1252 1052 1486 1105 illorum
1510 1052 1816 1106 duodecim
1841 1070 1870 1105 e
1893 1051 2017 1107 suis

364 1149 436 1203 ad
471 1149 577 1202 hoc
609 1163 757 1217 Opus
788 1143 981 1216 elegit,
1016 1159 1265 1214 quorum
1300 1158 1456 1195 unus
1487 1140 1727 1208 exstitit,
1752 1146 1810 1194 et
1864 1141 2017 1195 sicut

362 1237 481 1293 illis
511 1251 860 1307 congruum,
895 1237 960 1287 ut
980 1233 1132 1287 inter
1160 1231 1292 1286 illos
1320 1231 1429 1285 hoc
1479 1247 1683 1302 regum
1734 1229 2015 1284 dividere-

362 1332 483 1392 tur,
514 1326 707 1380 visum
740 1328 850 1392 est,
883 1320 1144 1377 contenti
1167 1324 1321 1374 sunt.
1342 1320 1402 1374 In
1438 1337 1553 1391 qua
1584 1318 1867 1374 divisione
1899 1335 2014 1372 non

357 1421 593 1472 tantum
624 1413 893 1470 fertilitas
925 1415 1026 1466 aut
1054 1427 1221 1482 requa
1269 1408 1457 1481 portio
1505 1407 1692 1480 regni,
1725 1412 2015 1480 quantum

359 1506 619 1569 affinitas
640 1508 696 1560 et
717 1500 1101 1576 cengruentia
1122 1500 1411 1571 cujusque
1444 1501 1640 1569 aptata
1665 1501 1772 1553 est.
1787 1496 2013 1551 Evenit-

305 1596 308 1599 ’
358 1613 478 1669 que
509 1591 870 1651 Lodhuwico
903 1589 1096 1646 omnis
1121 1587 1305 1651 Frisia
1328 1604 1477 1642 a.....

433 1682 640 1741 Karolo
664 1698 798 1737 vero

432 1774 656 1841 Quibus
688 1770 960 1843 peractis,
978 1769 1239 1839 quinque
1271 1764 1502 1819 illorum
1527 1782 1557 1819 c
1579 1764 1930 1837 populo,qui
1954 1780 2016 1819 se

359 1867 598 1921 secutus
629 1864 736 1927 est,
764 1856 1046 1928 suscepit,
1066 1872 1131 1910 ac
1163 1855 1295 1921 sibi,
1314 1858 1377 1908 ut
1411 1855 1684 1925 deinceps
1708 1851 1898 1908 fidelis
1924 1870 2014 1908 es-

358 1958 467 2022 set,
485 1953 847 2009 sacramento
880 1945 1153 2001 firmavit.
1170 1946 1238 1999 Et
1261 1943 1504 1999 Karolus
1528 1944 1764 2014 quidem
1790 1943 2012 1997 Mosam

358 2059 605 2118 regnum
658 2055 831 2097 suum
882 2036 1264 2091 ordinaturus
1309 2033 1580 2104 trajecit:
1614 2031 2013 2087 Lodhuwicus

264 2170 277 2173 μ
357 2152 510 2200 vero,
547 2133 910 2188 Saxonorum
963 2142 1141 2181 causa
1187 2123 1484 2178 Coloniam
1536 2122 1718 2193 petiit.
1755 2124 2014 2186 Quorum

357 2240 530 2279 casus
552 2218 831 2293 quoniam
863 2213 1148 2270 maximos
1170 2229 1297 2268 esse
1335 2212 2014 2284 perspicio,pr:ctereun,-

358 2313 464 2373 dos
496 2308 738 2365 minimc
771 2309 931 2378 puto.
966 2304 1223 2358 Saxones
1253 2300 1683 2373 quidem,sicut
1727 2297 2014 2354 universis

358 2417 463 2473 per
485 2400 778 2469 Europam
803 2391 1153 2465 degentibus
1176 2395 1354 2461 patet,
1373 2389 1617 2444 Karolus
1638 2390 1888 2460 Magnus
1912 2388 2017 2441 im-

359 2492 595 2562 perator
625 2485 696 2540 ab
720 2480 1009 2538 universis
1035 2479 1372 2535 nationibus
1391 2496 1506 2533 non
1533 2478 1826 2532 immerito
1848 2493 2013 2531 voca-

358 2575 584 2646 tus,vab
617 2572 909 2629 idolorum
957 2568 1117 2623 varia
1168 2567 1399 2626 cultura
1447 2566 1632 2621 multo
1681 2584 1747 2621 ac
1788 2566 2014 2621 diverso

359 2668 558 2723 labore
590 2664 662 2719 ad
709 2677 907 2716 veram
957 2658 1058 2715 Dei
1106 2656 1621 2728 Christianamque
1672 2654 2012 2728 religionem

359 2754 663 2811 convertit.
699 2750 806 2817 Qui
839 2750 910 2805 ab
962 2747 1131 2803 initio
1180 2751 1300 2801 tam
1352 2744 1599 2813 nobiles,
1625 2762 1801 2816 quam
1853 2749 1909 2798 et
1940 2745 2011 2799 ad

359 2844 511 2900 bella
543 2837 991 2915 promptissimi,
1026 2834 1232 2891 multis
1254 2834 1488 2889 indiciis
1518 2850 1775 2905 persmpe
1796 2832 2014 2888 clarue-

356 2937 512 2988 runt.
530 2935 710 2998 Quem
725 2946 869 3001 gens
881 2927 1074 2982 omnis
1090 2926 1143 2980 in
1162 2924 1352 2980 tribus
1364 2922 1669 2978 ordinibus
1683 2921 1869 2977 divisa
1881 2939 2012 2977 con-

356 3022 697 3077 sistit.Sunt
726 3017 882 3074 enim
919 3016 1074 3071 inter
1104 3013 1235 3068 illos
1265 3012 1366 3084 qui
1398 3011 1716 3082 Edhilingi,
1738 3016 1877 3066 sunt
1907 3010 2008 3082 qui

358 3110 619 3182 Frilingi,
654 3113 793 3163 sunt
818 3106 919 3179 qui
953 3103 1116 3160 Lazzi
1169 3102 1405 3157 illorum
1456 3101 1658 3173 lingua
1706 3101 2004 3157 dicuntur.

355 3201 562 3255 Latina
589 3215 720 3254 vero
751 3196 955 3269 lingua
994 3193 1105 3250 hoc
1152 3196 1292 3248 sunt
1326 3208 1337 3246 :
1373 3190 1620 3257 nobiles,
1653 3189 2006 3263 ingenuiles,

2128 702 2572 773 conjungerent,
2608 698 2973 776 regnumque
3004 701 3115 775 sibi
3144 698 3519 779 vindicaturi
3551 701 3779 759 invade

2130 795 2278 858 rent,
2314 796 2370 847 et
2400 792 2791 847 Christianam
2822 792 3165 864 religionem
3186 792 3279 850 his
3301 793 3359 848 in
3382 792 3658 867 partibus
3689 810 3779 848 an-

2127 879 3779 955 nularent.Quamobrem,utiprattulimus,przemaxime...

2129 967 2474 1035 (Coloniam)
2509 969 2671 1035 adiit,
2697 974 2753 1023 et
2782 970 2841 1025 in
2876 975 3162 1041 quantum
3197 971 3380 1025 valuit
3402 969 3582 1025 simul
3606 975 3662 1025 et
3684 988 3779 1024 (L13-

2126 1060 2249 1110 tera
2280 1058 2439 1127 regni
2467 1058 2555 1111 sui
2581 1058 2880 1127 scandala,
2898 1076 2970 1115 ne
2991 1060 3101 1115 hoc
3131 1060 3632 1116 nefandissimum
3666 1078 3779 1115 ma-

2126 1143 2249 1199 lum
2273 1152 2485 1201 sancta:
2509 1146 2608 1201 Dei
2632 1148 2898 1203 Ecclesia:
2924 1150 3233 1218 devenirct,
3250 1150 3542 1222 prmcavit.
3562 1150 3781 1216 Quibus

2125 1234 2389 1305 expletis,
2418 1234 2899 1292 Viridunensium
2932 1237 3219 1294 civitatem
3253 1239 3657 1295 Lodbuwicus
3688 1256 3784 1311 per

2126 1324 2403 1379 Teotonis
2433 1323 2657 1379 villam.
2691 1325 2941 1382 Karolus
2991 1331 3187 1382 autem
3235 1344 3339 1399 per
3388 1327 3779 1399 Rhemenscm

2128 1411 2335 1467 urbem
2368 1413 2585 1469 adeunt
2617 1431 2630 1467 :
2666 1415 2808 1487 quid
2841 1416 3116 1489 deinceps
3143 1417 3437 1497 agendum
3462 1415 3776 1488 videretur,

2127 1499 2526 1557 deliberaturi.
3312 1558 3316 1562 .

2198 1589 2303 1645 Per
2324 1590 2477 1646 idem
2511 1595 2745 1665 tempus
2786 1592 3133 1665 Nortmanni
3181 1594 3431 1667 Cotuuig
3461 1595 3777 1669 depraedati

2127 1683 2285 1745 sunt,
2319 1679 2582 1751 inibique
2608 1682 2755 1736 mari
2790 1683 3054 1754 trajecto,
3087 1682 3775 1763 Hamuuig'cthodhun-

2126 1767 2313 1841 nuuig
2332 1768 2604 1823 similiter
2634 1770 2969 1841 depopulati
3008 1776 3167 1827 sunt.
3204 1771 3529 1845 Lodharius
3581 1779 3774 1847 autem

2126 1863 2190 1911 ut
2211 1874 2271 1911 se
2303 1874 2483 1929 supra
2504 1858 2691 1930 ripam
2715 1858 2983 1914 llhodani
3008 1859 3242 1932 recepit,
3260 1859 3488 1935 navigio
3510 1862 3774 1932 ejusdem

2127 1946 2390 2000 fluminis
2406 1945 2585 2001 fretus
2610 1947 2751 2001 inibi
2777 1948 3133 2020 resedit,quo
3149 1949 3408 2021 undique
3428 1967 3577 2021 quos
3598 1950 3774 2006 valuit

2126 2036 2237 2090 sibi
2271 2034 2327 2090 in
2353 2036 2686 2091 subsidium
2712 2036 3398 2106 attraxit.Verumtamcn
3421 2037 3681 2111 legatum
3705 2040 3772 2095 ad

2126 2125 2333 2180 fratres
2355 2142 2492 2179 suos
2517 2124 2774 2195 dirigens
2807 2126 3122 2194 mandat,si
3145 2127 3465 2199 sciret,qua
3495 2128 3618 2184 ﬁeri
3649 2146 3772 2201 pos-

2125 2220 2231 2282 set,
2265 2214 2553 2284 primores
2584 2231 2722 2269 suos
2769 2215 2840 2269 ad
2874 2213 3006 2269 illos
3038 2214 3285 2289 dirigere
3332 2216 3503 2272 vellet
3534 2218 3607 2272 de
3634 2235 3769 2290 pace

2124 2301 2565 2357 deliberaturos.
2586 2303 2954 2374 Responsum
2986 2308 3093 2371 est,
3110 2303 3367 2360 mitteret
3388 2322 3534 2377 quos
3551 2305 3725 2362 vellet
3754 2324 3765 2361 :

2123 2390 2292 2445 facile
2318 2391 2639 2461 quemlibet
2658 2392 2805 2447 scire
2827 2408 3017 2463 posse,
3032 2408 3149 2465 qua
3171 2391 3286 2465 illis
3307 2390 3601 2450 devenirct
3621 2411 3765 2451 esse.

2125 2479 2240 2550 Ipsi
2271 2496 2402 2534 vero
2426 2496 2542 2534 uno
2562 2480 3103 2551 eodemqucitinere
3126 2498 3228 2554 per
3248 2482 3763 2556 Tricasinensium,

2122 2566 2645 2623 Cadhellonensem
2659 2569 3117 2625 adeunturbem.
3133 2566 3395 2644 Cumque
3416 2571 3763 2645 Miliciacum

2119 2656 2435 2723 venissent,
2454 2654 2742 2727 Iosippus,
2762 2657 3157 2729 Eberhardus,
3175 2659 3482 2731 Egbertus,
3495 2679 3614 2716 una
3632 2679 3781 2735 cum

2121 2744 2343 2799 emteris
2366 2750 2582 2816 apartc
2606 2746 2989 2815 Lodharii,ad
3034 2746 3166 2803 illos
3194 2750 3765 2818 vcnerunt,diccntes

2120 2834 2273 2905 quod
2308 2833 2633 2889 Lodharius
2676 2835 3041 2907 cognovisset
3089 2854 3150 2893 se
3202 2838 3260 2891 in
3309 2839 3491 2895 Deum
3541 2844 3598 2894 ot
3637 2840 3763 2895 illos

2118 2922 2458 2994 deliquisse,
2496 2923 2787 2996 nolletquc
2840 2925 3096 2997 amplius
3157 2932 3219 2981 ut
3269 2927 3565 2983 altercatio
3618 2930 3767 2985 inter

2118 3008 2248 3065 illos
2277 3014 2335 3064 et
2363 3010 2762 3066 Christianum
2794 3011 3077 3084 populum
3108 3018 3279 3070 esset.
3315 3015 3374 3069 Si
3399 3016 3628 3083 vellent,
3661 3018 3761 3073 ali-

2116 3099 2258 3171 quid
2281 3098 2365 3153 illi
2387 3116 2567 3170 supra
2588 3100 2821 3155 tertiam
2864 3104 3087 3173 partem
3112 3102 3273 3175 regni
3298 3109 3532 3176 propter
3553 3123 3762 3161 nomen

2113 3187 2504 3260 imperatoris,
2539 3190 2692 3261 quod
2726 3189 2809 3244 illi
2833 3195 2997 3263 pater
3016 3191 3248 3248 illorum
3296 3199 3677 3263 concesserat,
3710 3197 3767 3251 et

353 3294 526 3360 atque
558 3286 815 3343 serviles.
850 3284 961 3339 Sed
995 3300 1130 3354 pars
1160 3281 1418 3347 illorum,
1453 3296 1579 3350 qum
1612 3279 1824 3334 nobilis
1855 3279 2009 3334 inter
2053 3359 2062 3360 ί
2116 3282 2351 3350 propter
2425 3277 2773 3350 dignitatem
2834 3279 3086 3354 imperii,
3137 3296 3314 3354 quam
3382 3300 3519 3338 avus
3587 3286 3762 3356 regno

354 3359 485 3432 illos
512 3376 785 3441 habetur,
810 3373 870 3427 in
919 3371 1149 3426 duabus
1199 3370 1466 3441 partibus
1523 3368 1582 3422 in
1634 3368 2004 3422 dissensione
2036 3359 2078 3425 C
2122 3367 2478 3422 Francorum
2510 3367 2821 3438 adjecerat,
2857 3387 3072 3441 augere
3119 3371 3394 3428 facerent.
3423 3373 3525 3428 Sin
3572 3372 3759 3439 aliter,

355 3464 628 3522 Lodharii
661 3479 726 3517 ac
756 3461 1003 3516 fratrum
1034 3476 1275 3515 suorum
1305 3458 1511 3528 divisa,
1537 3474 1770 3528 unaque
1801 3474 2005 3512 eorum

354 3552 733 3619 Lodharium,
749 3549 932 3606 altera
959 3564 1090 3604 vero
1114 3545 1542 3602 Lodhuwicum
1564 3550 1764 3601 secuta
1779 3550 1888 3602 est.
1906 3545 2006 3601 His

352 3642 434 3697 ita
452 3659 515 3697 sc
536 3638 1169 3704 hahentibus,ccrnens
1193 3634 1518 3690 Lodharius
1549 3635 1702 3706 quod
1737 3640 1869 3707 post
1887 3636 2004 3701 vic-

352 3730 563 3786 toriam
587 3730 853 3794 fratrum,
870 3725 1123 3798 populus
1156 3724 1256 3796 qui
1280 3740 1412 3779 cum
1438 3721 1534 3777 illo
1558 3724 1745 3778 fuerat
1762 3724 2007 3778 deﬁcere

349 3819 540 3880 vellet.
562 3817 739 3873 variis
789 3813 1189 3871 necessatibus
1237 3812 1901 3886 astrictus,quoeunque
1949 3817 2007 3867 et

350 3908 883 3982 quomodocunquo
905 3908 1148 3976 poterat,
1164 3902 1496 3957 subsidium
1520 3901 1833 3973 qumrebat.
1860 3900 2005 3956 Hine

349 4014 471 4053 rem
504 3995 799 4069 publicam
850 3993 911 4048 in
958 3989 1208 4064 prepriis
1258 3989 1467 4045 usibus
1517 3988 1834 4055 tribuebat,
1867 3987 2004 4042 hinc

348 4086 705 4160 quibusdam
725 4083 1054 4138 libertatem
1076 4078 1640 4151 dabat,quibusdam
1654 4080 1851 4132 autem
1873 4081 2006 4149 post

345 4172 648 4231 victoriam
679 4190 742 4229 se
772 4173 1049 4228 daturum
1092 4169 1489 4242 promittebat.
1525 4168 1672 4223 Hinc
1718 4167 1894 4222 etiam
1943 4166 2003 4223 in

348 4264 663 4321 Saxoniam
695 4261 877 4329 misit,
895 4259 1170 4329 Frilingis
1202 4257 1888 4329 Lazzibusque.quorum
1921 4256 2006 4311 in-

350 4352 516 4409 ﬁnita
547 4350 865 4406 multitudo
888 4352 997 4415 est,
1015 4346 1384 4420 promittens,
1399 4346 1447 4401 si
1473 4362 1672 4402 secum
1696 4346 1999 4413 sentirent,

349 4447 415 4497 ut
434 4441 645 4513 legem,
661 4454 839 4512 quam
859 4441 1256 4492 antecessores
1279 4435 1369 4491 sui
1403 4439 1664 4508 tempore
1688 4452 1804 4507 quo
1827 4434 2003 4490 idolo-

349 4547 481 4586 rum
511 4528 767 4584 cultores
786 4530 970 4593 erant,
991 4525 1338 4592 habuerant,
1353 4524 1558 4579 eadem
1590 4522 1708 4579 illis
1728 4522 2003 4595 deinceps

346 4619 683 4675 habendam
716 4616 1077 4673 concederet.
1112 4616 1237 4681 Qua
1284 4631 1465 4685 supra
1507 4613 1750 4673 modum
1779 4611 1999 4685 cupidi,

347 4726 561 4765 nomen
594 4724 807 4763 novum
838 4705 974 4773 sibi,
998 4705 1055 4760 id
1087 4707 1177 4760 est
1206 4703 1532 4776 Stcllingua
1559 4702 1999 4774 imposuerunt;
2037 4727 2080 4792 θ

346 4803 404 4853 et
433 4797 493 4853 in
513 4814 696 4852 unum
720 4794 1075 4867 conglobati,
1090 4792 1347 4847 dominis
1367 4809 1398 4846 e
1415 4808 1594 4863 regno
1623 4808 1771 4863 pene
1792 4789 1999 4862 pulsis,

348 4904 509 4942 more
539 4885 937 4957 antiquo,qua
956 4883 1208 4955 quisque
1224 4882 1455 4937 volebat
1484 4881 1609 4952 lege
1636 4880 1883 4936 vivebat.
1906 4880 2004 4935 In-

349 4993 525 5048 super
556 4981 751 5031 aulem
786 4973 1112 5030 Lodharius
1142 4973 1537 5027 Nortmannos
1556 4987 1734 5026 causa
1755 4970 2005 5025 subsidii

348 5064 1125 5136 inlroduxerat,partemquo
1155 5061 1624 5116 Christianorum
1654 5058 1773 5114 illis
1809 5058 2008 5113 subdi.

350 5152 515 5210 derat
548 5170 560 5207 :
596 5153 813 5225 quibus
836 5138 1116 5218 etiam,ut
1147 5154 1385 5204 caeteros
1407 5148 1772 5203 Christianos
1794 5147 2007 5218 deprec-

350 5242 486 5296 dare
496 5238 876 5306 nt,licentiam
893 5238 1087 5291 dabat.
1109 5236 1289 5307 Igitur
1303 5240 1569 5290 metuens
1583 5235 2002 5300 Lodhuwicus,

352 5347 423 5384 ne
444 5330 621 5383 iidem
643 5325 1012 5388 Nortmanni,
1037 5340 1261 5379 necnon
1299 5329 1356 5379 et
1390 5323 1850 5395 Sclavi,propter
1880 5323 2002 5377 afﬁ-

429 5513 449 5537 «
487 5488 581 5545 Sic
609 5492 722 5542 vet.
755 5504 866 5552 ex.,
901 5487 1058 5557 quod
1092 5502 1278 5555 nuper
1297 5485 1617 5540 admodum
1641 5485 1884 5557 quidam
1918 5485 2002 5542 sic

354 5560 625 5631 supplere
647 5558 895 5631 tentavit
920 5556 942 5611 Ξ
972 5579 998 5604 ‹‹
1034 5559 1099 5631 Et
1129 5556 1446 5631 Orientalia
1468 5556 1998 5631 regnarcesserunt,

354 5629 546 5687 omnis
578 5629 802 5685 scilicet
823 5629 1134 5683 Germania
1166 5645 1349 5699 usque
1382 5630 1452 5683 ad
1476 5629 1659 5685 Rheni
1684 5629 1922 5698 ﬂuenta,
1947 5635 2003 5685 et

357 5700 562 5780 aliqum
593 5699 855 5756 civitates
885 5705 1045 5755 trans
1094 5699 1363 5755 Rhenum
1414 5717 1549 5754 cum
1599 5702 2003 5776 adjacentibus

358 5783 544 5844 pagis.
575 5790 605 5822 »ι

2115 3456 2345 3512 tertiam
2361 3458 2767 3512 tantummodo
2780 3464 3003 3531 partem
3017 3460 3195 3515 totius
3208 3461 3429 3532 absque
3442 3462 3766 3535 Langobar-

2115 3545 2233 3612 dia,
2263 3545 2548 3615 Bajoaria,
2573 3550 2631 3601 et
2658 3545 2992 3618 Aquitania,
3015 3548 3096 3604 illi
3141 3551 3522 3606 concederent
3555 3568 3568 3606 :
3602 3568 3761 3624 rege-

2116 3637 2317 3706 retque
2366 3635 2616 3707 quisque
2674 3635 2932 3703 illorum,
2965 3636 3081 3694 Deo
3139 3639 3384 3708 favente,
3436 3640 3759 3713 portionem

2116 3722 2279 3794 regni
2310 3722 2399 3777 sui
2430 3729 2603 3795 prout
2624 3723 2838 3781 melius
2860 3730 3076 3797 posset.
3096 3728 3407 3784 Frueretur
3435 3729 3582 3785 alter
3618 3729 3761 3785 alte~

2114 3810 2238 3867 rius
2268 3811 2533 3867 subsidio
2554 3830 2620 3868 ac
2642 3813 3061 3883 benevolentia,
3075 3818 3454 3874 concederent
3472 3834 3676 3890 pacem
3708 3824 3762 3875 et

2114 3898 2270 3973 leges
2304 3899 2550 3956 invicem
2582 3901 2693 3956 sibi
2716 3902 3629 3977 subjectae,essetqueinterillos
3650 3908 3759 3964 Deo

2115 3993 2369 4058 auctore,
2397 4007 2511 4062 pax
2539 3994 2710 4062 pacta
2740 4008 2967 4064 perpes.
3005 3994 3167 4059 Quod
3199 4009 3334 4050 cum
3367 3994 3761 4069 Lodhuwicns

2113 4082 2171 4132 et
2199 4077 2451 4134 Karolus
2482 4079 2808 4148 audissent,
2834 4085 2891 4137 et
2909 4080 3028 4138 illis
3048 4080 3319 4155 plebique
3338 4084 3623 4142 universae
3646 4103 3762 4159 per-

2113 4166 2395 4239 placitum
2418 4166 2658 4238 esset,in
2676 4186 2854 4225 unam
2873 4186 2992 4226 una
3005 4186 3141 4227 cum
3163 4172 3520 4244 primoribus
3530 4178 3760 4243 coeunt,

2112 4273 2180 4314 ac
2210 4256 2355 4329 quid
2403 4257 2475 4314 de
2518 4255 2736 4313 talibus
2783 4258 2972 4315 acturi
3019 4265 3235 4329 essent,
3261 4263 3518 4335 gratanti
3566 4265 3761 4322 animo

2113 4345 2440 4401 conferunt.
2472 4345 2721 4403 Aiebant
2749 4364 2811 4403 se
2850 4347 2961 4405 hoc
2991 4349 3047 4421 in
3097 4349 3331 4423 exordio
3377 4351 3762 4410 dissensionis

2111 4433 2389 4505 voluisse,
2434 4438 2492 4490 et
2538 4450 2881 4507 quanquam
2930 4438 3186 4509 peccatis
3239 4439 3775 4517 intervenientibus

2113 4523 2440 4595 proficuum
2465 4540 2595 4580 esse
2624 4541 2740 4581 non
2762 4530 2983 4596 posset,
2996 4544 3149 4601 stupe
3168 4527 3278 4584 hoc
3302 4529 3397 4602 illi,
3412 4532 3765 4590 mandatum

2112 4611 2315 4669 fuisse.
2337 4612 2399 4668 In
2433 4628 2499 4668 eo
2531 4616 2728 4683 tamen
2753 4613 3142 4688 omnipotenti
3165 4617 3281 4674 Deo
3307 4619 3528 4691 gratias
3562 4622 3768 4679 refert.»

2112 4701 2271 4769 bant,
2292 4702 2462 4772 cujus
2489 4702 2727 4758 tandem
2753 4719 2860 4776 ope
2890 4704 3077 4776 adjuti
3100 4705 3209 4762 hoc
3230 4716 3767 4781 pmmeruerangut

2113 4790 2294 4855 frater
2314 4788 2572 4859 illorum,
2597 4791 2696 4863 qui
2719 4808 2951 4865 semper
2970 4810 3174 4865 pacem
3195 4799 3370 4868 atque
3389 4801 3769 4856 concordiam

2114 4883 2430 4950 spreverat,
2456 4880 2572 4935 Deo
2601 4879 2883 4953 largiente
2906 4886 3047 4938 tunc
3070 4882 3232 4940 illam
3252 4886 3503 4957 petebat.
3519 4887 3764 4945 Verum-

2113 4972 2311 5023 tamen
2334 4967 2504 5023 solito
2537 4985 2697 5024 more
2727 4970 2800 5025 ad
2831 4969 3134 5044 episcopos
3163 4974 3613 5048 sacerdotesque
3645 4996 3763 5035 rem

2114 5057 2395 5125 referunt,
2430 5060 2495 5111 ut
2523 5073 2877 5129 quocunque
2906 5059 3104 5115 divina
3132 5061 3449 5119 auctoritas
3470 5063 3532 5120 id
3546 5073 3761 5123 vertere

2112 5144 2302 5213 vellet,
2336 5151 2483 5200 nutu
2517 5146 2703 5218 ipsius
2733 5145 2935 5201 libenti
2977 5149 3173 5205 animo
3211 5155 3421 5222 praesto
3463 5155 3756 5212 adessent.

2114 5235 2338 5299 Quibus
2356 5252 2487 5290 cum
2523 5235 2783 5306 undique
2814 5239 2880 5291 ut
2898 5253 3010 5307 pax
3040 5238 3191 5293 inter
3218 5227 3348 5296 illos
3372 5241 3538 5298 ﬁeret
3553 5246 3759 5300 melius

2109 5323 2422 5388 videretur,
2439 5324 2831 5391 consentiunt,
2854 5324 3074 5397 legatos
3103 5336 3439 5399 eonvocant,
3465 5334 3759 5403 postulata

2182 5488 2211 5539 ιι
2241 5485 2332 5539 Sic
2346 5488 2485 5562 _v_et.,
2498 5484 2654 5562 quod
2670 5489 2725 5539 et
2746 5484 2900 5540 idem
2919 5503 3105 5562 nuper
3125 5489 3209 5562 sic
3221 5490 3496 5562 supplere
3518 5502 3761 5552 conatus

2111 5562 2244 5650 est”:
2285 5578 2310 5606 ‹‹
2346 5555 2591 5650 Ιςωᾮέιιε
2621 5573 2752 5610 vero
2792 5555 3461 5650 accepilt'HOccidep-talia
3504 5583 3693 5650 regna
3731 5586 3763 5624 a

2113 5626 2443 5712 Britannico
2466 5627 2690 5712 Oceano
2717 5645 2901 5712 usque
2924 5626 2995 5683 ad
3021 5630 3241 5712 Mosam
3265 5633 3531 5712 fluvium,
3565 5626 3626 5697 in
3652 5636 3765 5712 qua

2113 5704 2275 5772 parte
2306 5716 2373 5753 ex
2404 5704 2543 5761 tunc
2574 5704 2629 5753 et
2662 5700 2833 5755 modo
2862 5717 3073 5756 nomen
3110 5703 3361 5760 Francite
3398 5700 3757 5773 remansit.»
