3900 6438
358 618 441 687 75

629 618 1011 686 NITHARDI
1043 622 1107 683 S.
1145 615 1494 683 RICHARII
1529 618 1700 682 ABB.
1734 619 1838 679 DE
1867 612 2209 679 DISSENS.
2245 618 2530 681 FILIOlt.
2566 616 2932 684 LUDOVICI
2964 619 3091 681 PII.
3125 656 3203 664 ———
3230 617 3377 682 LIB.
3411 620 3511 682 IV.

62 122 67 127 .
114 110 125 111 7
194 112 197 113 ⁷
798 110 1143 127 ᾘ“
1160 110 1237 127 ⁵
1296 114 1399 127 ..⁵.ιά

1490 169 1549 183 Τ.-
1682 169 1749 181 ~

2334 169 2600 183 --
2790 169 3365 183 ——--—.

2364 200 2370 206 .
3033 192 3050 207 ο

2118 262 2126 269 .

3696 621 3773 683 ’16

365 756 603 815 illorum
625 756 921 813 industria
942 755 1355 811 imbreviatum
1378 758 1551 811 esset.
1568 754 1713 810 Cum
1745 758 1803 809 et
1824 752 1932 808 hoc
1953 755 2019 808 ut
2043 751 2101 821 Α
2131 767 2427 825 quaquam
2458 752 2722 825 quolibet
2754 755 2926 810 modo
2959 755 3345 824 omitteretur,
3378 755 3437 810 ni
3468 755 3528 810 in
3574 757 3777 814 eodem

365 844 915 916 ﬂeret,Lodharium
937 842 1093 900 nolle
1117 844 1735 917 reperissent,aiebant
1755 842 2023 915 impossi-

365 934 483 992 bile
495 951 622 991 esse
634 933 929 1007 ignoranti
941 934 1223 1006 quiddam
1239 933 1543 1006 equaliter
1559 932 1815 989 dividere
1827 947 2019 1004 posse.

366 1022 691 1080 Novissime
703 1027 901 1080 autem
916 1024 1232 1095 quaesitum
1244 1022 1639 1095 est,quoniam
1655 1024 2022 1077 sacramento

366 1112 533 1181 illud,
552 1116 727 1184 prout
751 1113 978 1184 aequius
1010 1130 1077 1168 ac
1108 1112 1320 1168 melius
1353 1116 1613 1184 possent,
1643 1114 2019 1181 nossentque,

365 1202 626 1258 dividere
655 1202 1009 1270 deberent,si
1026 1202 1136 1257 hoc
1154 1202 1595 1273 sincerejurare
1613 1200 2021 1272 possent,dum

368 1291 587 1349 scirent
607 1291 763 1364 quod
788 1308 961 1347 nemo
994 1291 1334 1363 ignoranter
1372 1290 1431 1345 id
1470 1291 1657 1345 facere
1685 1289 1920 1344 valeret.
1954 1289 2023 1342 Et

366 1382 478 1438 hoc
498 1396 732 1453 quoque
762 1381 834 1436 ad
858 1380 1277 1435 conferendum
1298 1376 1591 1450 episcopis
1611 1377 2019 1432 commissum.

366 1469 479 1537 Qui
512 1468 651 1525 hinc
682 1469 818 1525 inde
850 1468 909 1522 in
940 1466 1246 1524 basilicam
1279 1466 1475 1522 Sancti
1516 1465 1772 1521 Castoris
1810 1480 2022 1519 conve-

368 1558 620 1628 nientes,
647 1574 683 1614 a
711 1560 877 1633 parte
910 1554 1184 1611 Lodbarii
1210 1554 1445 1610 aiebant
1480 1554 1527 1610 si
1562 1554 1622 1609 in
1654 1556 2023 1609 sacramento

369 1645 621 1719 quilibet
650 1642 1016 1715 deliquisset,
1049 1642 1158 1699 hoc
1190 1642 1422 1715 eXpiare
1449 1659 1641 1715 posse,
1678 1658 1745 1698 ac
1781 1658 1885 1714 per
1912 1641 2023 1697 hoc

370 1732 586 1791 melius
609 1736 766 1789 esset
789 1735 855 1787 ut
883 1731 993 1787 hoc
1021 1731 1297 1800 facerent,
1314 1749 1493 1804 quam
1525 1732 1749 1787 diutius
1770 1735 1858 1787 tot
1876 1729 2025 1803 rapi-

371 1840 500 1893 nas,
514 1820 1447 1891 incendia,homicidia,adulteria
1466 1821 1725 1879 Ecclesia
1742 1822 1843 1878 Dei
1868 1824 2026 1893 pate-

370 1916 550 1971 retur.
575 1913 649 1968 At
675 1914 881 1967 contra
912 1910 973 1966 hi
1005 1911 1106 1983 qui
1138 1928 1173 1967 a
1198 1915 1362 1983 parte
1396 1911 1761 1979 Lodbuwici,
1795 1926 2022 1966 necnon

370 2005 430 2058 et
447 1999 639 2058 Karoli
656 2004 846 2071 erant,
861 2000 1117 2068 aiebant,
1133 2001 1275 2055 dum
1297 2004 1572 2056 neutrum
1590 2016 1829 2055 necesse
1844 2003 2022 2071 esset,

370 2107 478 2147 cur
506 2089 565 2145 in
593 2089 780 2146 Deum
811 2104 1052 2161 peccare
1082 2088 1359 2144 deberent
1390 2105 1404 2143 :
1438 2088 1648 2144 melius
1680 2105 1808 2144 esse
1839 2090 1906 2143 ut
1926 2088 2023 2142 ﬁr-

371 2181 633 2235 maretur
660 2193 774 2250 pax
803 2176 957 2234 inter
1004 2175 1158 2248 illos,
1192 2177 1606 2249 mitterentque
1654 2177 1874 2250 pariter
1925 2194 2028 2249 per

371 2266 714 2325 universum
744 2265 1153 2338 imperium,et
1174 2264 1722 2335 imbreviarctur,ac
1743 2270 1870 2322 tum
1897 2271 2026 2322 tan-

373 2357 507 2413 dem
531 2356 737 2428 jurare
760 2354 918 2426 quod
948 2358 1175 2410 certum
1197 2359 1287 2409 est
1307 2355 1530 2426 absque
1552 2354 2026 2427 periculo,azqua-

370 2442 620 2515 literque
641 2442 896 2498 dividere
916 2458 1090 2513 posse
1110 2443 1444 2499 censebant.
1462 2443 1555 2499 Sic
1578 2460 1810 2516 quoque
1830 2444 2026 2516 perju-

373 2530 461 2588 ria
490 2535 813 2602 caateraque
846 2530 1107 2588 facinora
1137 2531 1415 2603 devitare,
1450 2532 1507 2586 ni
1541 2548 1692 2587 czeca
1732 2532 2028 2604 cupiditas

373 2620 706 2693 impediret,
719 2635 891 2692 posse
913 2619 1250 2676 ﬁrmabant.
1275 2622 1353 2674 Ac
1378 2637 1480 2693 per
1501 2620 1610 2676 hoc
1629 2637 1733 2676 nec
1756 2638 1817 2676 se
1850 2619 2028 2676 laade-

374 2726 436 2766 re
465 2709 525 2765 in
556 2712 923 2766 sacramento
943 2707 1110 2780 velle,
1125 2725 1231 2764 nec
1254 2708 1511 2781 cuipiam
1534 2715 1599 2765 ut
1620 2710 1831 2766 faceret
1848 2709 2029 2765 licen-

374 2799 520 2855 tiam
552 2799 712 2865 dare,
741 2798 1132 2855 testabantur.
1179 2799 1303 2863 Qua
1339 2797 1775 2866 dissentientes,
1808 2798 2028 2870 quique

375 2904 495 2961 qua
521 2889 777 2955 venerat,
792 2886 865 2942 ad
897 2902 1037 2942 suos
1059 2890 1447 2941 secesserunt.
1468 2886 1613 2942 Hinc
1634 2903 1835 2942 omnes
1857 2886 1917 2942 in
1939 2903 2031 2942 ea-

374 2977 511 3033 dem
545 2976 720 3032 domo
745 2977 1213 3041 convenerunt,a
1250 2981 1415 3046 parte
1448 2974 1722 3031 Lodharii
1744 2974 2026 3047 dicentes,

375 3065 532 3138 quod
556 3064 745 3138 parati
768 3065 1205 3120 sacramentum
1223 3067 1279 3119 et
1301 3064 1372 3119 ad
1397 3064 1855 3133 divisionem,uti
1869 3066 2031 3136 jura-

374 3159 504 3210 tum
534 3154 744 3223 fuerat,
761 3156 977 3209 essent.
997 3156 1074 3208 At
1105 3156 1308 3208 contra
1338 3171 1371 3208 a
1393 3158 1556 3226 parte
1593 3153 1939 3209 Lodhuwici
1971 3158 2031 3210 et

374 3239 566 3297 Karoli
585 3239 859 3296 similiter
887 3256 950 3296 se
970 3238 1136 3309 velle,
1152 3240 1199 3297 si
1232 3240 1480 3313 possint,
1495 3240 1748 3299 aiebant.
1770 3241 2027 3297 Novissi-

375 3346 469 3387 me
500 3328 1018 3401 antem,quoniam
1050 3334 1255 3385 neuter
1276 3330 1430 3401 quod
1462 3329 1609 3387 alter
1632 3331 1878 3399 volebat,
1894 3332 2028 3387 abs-

375 3435 488 3492 quo
524 3417 825 3476 seniorum
857 3434 1102 3474 suorum
1139 3420 1505 3491 auctoritate,
1536 3420 1822 3476 assentire
1848 3421 2026 3477 aude-

375 3509 772 3579 bat,statuunt
790 3510 859 3562 ut
879 3522 993 3579 pax
1011 3506 1164 3562 inter
1185 3505 1316 3563 illos
1343 3509 1709 3577 esset,donec
1729 3510 1877 3566 scire
1900 3527 2027 3582 pos-

375 3600 509 3655 sent
528 3596 669 3669 quid
693 3594 953 3651 seniores
970 3595 1062 3650 sui
1085 3595 1297 3651 horum
1314 3596 1571 3669 recipere
1586 3597 1802 3654 vellent
1828 3598 1897 3654 Et
1918 3599 2028 3655 hoc

376 3684 504 3742 ﬁeri
532 3700 707 3757 posse
751 3683 813 3738 in
860 3684 1009 3740 Non.
1032 3684 1312 3741 Novemb.
1336 3686 1529 3741 visum
1577 3691 1688 3756 est,
1722 3704 2028 3759 usquequo

376 3773 539 3849 pacis
568 3773 817 3829 termino
836 3773 1154 3829 constituto
1177 3774 1506 3830 discedunt.
1532 3778 1657 3842 Qua
1677 3776 1913 3848 quidem
1936 3777 2030 3833 die

378 3865 570 3921 factus
589 3867 756 3920 terra:
790 3867 987 3918 motus
1019 3879 1271 3936 magnus
1302 3881 1405 3936 per
1434 3881 1669 3921 omnem
1700 3883 1846 3938 pene
1877 3866 2029 3923 hanc

378 3951 631 4011 Galliam
648 3954 758 4009 est.
773 3952 1109 4025 Eademque
1133 3953 1225 4009 die
1245 3953 1622 4026 Angilbertus
1641 3956 1729 4010 vir
1747 3973 2031 4012 memora-

376 4040 515 4099 bilis
533 4039 774 4097 Centqu
790 4041 1134 4110 translatus,
1150 4045 1207 4097 et
1235 4059 1388 4098 anno
1410 4048 1543 4114 post
1562 4045 1867 4101 decessum
1900 4046 2028 4118 ejus

369 4130 765 4203 xxvm(xx1x),
779 4146 1019 4202 corpore
1045 4131 1267 4203 absque
1289 4133 1654 4189 aromatibus
1675 4133 2027 4191 indissoluto

371 4224 638 4294 repertus
676 4219 935 4276 est.Fuit
967 4220 1061 4276 hic
1083 4219 1170 4275 vir
1198 4224 1361 4276 ortus
1394 4238 1458 4277 eo
1489 4221 1547 4277 in
1579 4226 1841 4295 tempore
1868 4224 2027 4279 haud

370 4309 584 4382 ignotis
614 4307 873 4365 familiae.
887 4308 1356 4381 Madhelgaudus
1378 4315 1599 4377 autem,
1617 4312 2030 4382 Richardus,et

372 4397 489 4468 hic,
505 4413 571 4453 ex
595 4413 714 4452 una
745 4397 1023 4469 progenie
1045 4398 1232 4466 fuere;
1262 4402 1322 4453 at
1351 4400 1506 4470 apud
1550 4400 1828 4473 Magnum
1855 4403 2026 4458 Karo-

370 4486 499 4542 lum
522 4485 733 4542 merito
755 4485 954 4557 magni
981 4484 1370 4559 habebantur.
1388 4488 1496 4554 Qui
1523 4507 1591 4545 ex
1614 4490 1879 4561 ejusdem
1903 4508 2026 4546 ma-

372 4576 475 4650 gni
507 4574 663 4647 regis
694 4572 817 4630 ﬁlia
854 4574 1091 4631 nomine
1121 4575 1369 4632 Berchta
1412 4577 1737 4634 Harnidum
1789 4579 2027 4635 fratrem

371 4668 668 4735 meum,et
697 4680 791 4720 me
812 4662 1161 4720 Nithardum
1194 4665 1416 4738 genuit.
1432 4665 1676 4723 Centulo
1698 4684 1847 4740 opus
1870 4667 2030 4723 miri-

371 4754 550 4812 ﬁcum
564 4754 625 4810 in
646 4753 865 4810 honore
888 4753 1309 4826 omnipotentis
1326 4754 1427 4811 Dei
1450 4756 1756 4828 sanctique
1769 4757 2027 4813 Richarii

2055 2119 2105 2184 B

2056 3489 2099 3557 C

2131 848 2440 912 conventu,
2466 846 2528 898 ut
2558 842 2784 916 aequius
2816 847 3076 916 possent,
3093 860 3268 898 omne
3297 860 3538 916 regnum
3561 846 3777 903 divide-

2131 937 2281 999 rent,
2297 936 2568 1003 essetque
2600 932 2893 1000 Lodharii,
2909 932 2991 987 uti
3010 933 3276 1004 juratum
3300 933 3506 1002 fuerat,
3526 936 3778 1007 partium

2132 1020 2336 1075 electio
2368 1022 2635 1092 ejusdem
2668 1023 2856 1095 regni.
2896 1021 3038 1077 Uine
3067 1021 3286 1094 quique
3317 1040 3435 1094 qua
3464 1022 3632 1079 libuit
3662 1025 3781 1081 dis-

2131 1110 2332 1177 cessit,
2367 1114 2425 1164 et
2457 1109 2784 1165 Lodbarius
2815 1110 2997 1182 Aquis
3037 1110 3361 1166 hiematum
3414 1112 3597 1183 petiit,
3632 1114 3782 1168 Lod-

2132 1197 2409 1254 huwicus
2455 1199 2807 1269 Bajoariam.
2840 1197 3081 1253 Kamlus
3124 1205 3321 1255 autem
3381 1218 3614 1256 uxorem
3673 1204 3782 1257 du-

2131 1291 2337 1342 cturus
2367 1288 2727 1343 Carisiacum
2755 1288 2936 1344 venit.
2961 1288 3177 1342 Eodem
3228 1293 3487 1361 tempore
3534 1290 3719 1345 Mauri
3750 1309 3784 1346 a

2132 1374 2433 1445 Sigenulfo
2465 1376 2641 1430 fratre
2668 1377 2959 1448 Sigihardi
2993 1376 3103 1432 sibi
3137 1394 3317 1433 causa
3346 1378 3592 1433 subsidii
3617 1379 3781 1434 indu-

2131 1463 2206 1516 cti
2242 1464 2638 1519 Beneventum
2688 1465 2991 1520 invadunt.
3027 1466 3241 1520 Eodem
3293 1467 3470 1522 etiam
3522 1473 3780 1541 tempore

2133 1551 2415 1624 Stellinga
2444 1552 2502 1607 in
2536 1553 2787 1608 Saxonia
2817 1558 3022 1609 contra
3065 1554 3335 1611 dominos
3385 1574 3523 1612 suos
3569 1557 3779 1612 iterum

2132 1640 2512 1709 rebellarunt,
2537 1643 2638 1697 sed
2669 1642 2866 1714 praelio
2898 1643 3234 1711 commisso,
3260 1645 3444 1701 nimia
3473 1647 3627 1702 caade
3648 1662 3778 1719 pro-

2133 1730 2302 1784 strati
2335 1733 2493 1785 sunt.
2512 1732 2592 1785 Ac
2615 1730 2697 1786 sic
2720 1731 3066 1787 auctoritate
3086 1732 3327 1800 interiit,
3344 1736 3500 1806 quod
3531 1734 3657 1791 sine
3677 1752 3781 1790 au-

2132 1819 2399 1873 ctoritate
2426 1835 2662 1891 surgere
2694 1819 3085 1892 praesumpsit.
3120 1821 3357 1892 Accepit
3406 1822 3647 1895 quidem
3677 1823 3780 1879 Ka-

2132 1905 2416 1972 rolus,uti
2448 1908 2754 1979 prmfatum
2776 1909 2959 1980 est,in
2989 1908 3262 1981 conjugio
3306 1910 3781 1968 Hirmentrudem

2132 1994 2390 2051 Vodonis
2420 2001 2477 2051 et
2508 1996 2862 2068 Ingeltrudis
2898 1996 3177 2069 ﬁliam,et
3197 2003 3429 2070 neptem
3446 1999 3781 2056 Adelhardi.

2134 2084 2425 2140 Dilexerat
2455 2090 2651 2139 autem
2684 2090 2848 2156 pater
2896 2088 3027 2157 ejus
3077 2104 3183 2141 suo
3214 2087 3273 2141 iu
3326 2092 3587 2159 tempore
3632 2089 3787 2145 hunc

2134 2172 2533 2229 Adelhardum
2560 2175 2805 2240 adeo,ut
2835 2174 2989 2245 quod
3022 2174 3177 2230 idem
3218 2175 3390 2231 vellet
3426 2175 3484 2230 in
3516 2178 3786 2235 universo

2134 2262 2403 2335 imperio,
2422 2262 2532 2318 hoc
2563 2267 2729 2335 pater
2750 2262 2983 2318 faceret.
3000 2263 3107 2329 Qui
3134 2263 3373 2319 utilitati
3394 2265 3638 2336 publica:
3671 2267 3788 2322 mi-

2137 2370 2250 2407 nus
2272 2350 2657 2424 prospiciens,
2672 2350 2899 2424 placere
2921 2352 3135 2423 cuique
3156 2352 3427 2408 intendit.
3445 2354 3587 2410 Hinc
3609 2355 3786 2411 liber-

2135 2444 2307 2508 tates,
2340 2440 2476 2495 hinc
2508 2439 2745 2511 publica
2792 2440 2849 2494 in
2891 2441 3144 2512 propriis
3178 2441 3384 2498 usibus
3434 2442 3789 2501 distribuere

2137 2529 2325 2586 suasit
2355 2547 2369 2583 ς
2404 2546 2470 2585 ac
2501 2529 2643 2583 dum
2677 2530 2829 2600 quod
2862 2529 3082 2601 quique
3114 2530 3348 2601 petebat
3380 2536 3443 2586 ut
3471 2531 3791 2600 ﬁeret,ell‘e-

2138 2618 2237 2689 cit,
2269 2617 2695 2690 rempublicam
2728 2618 2961 2690 penitus
3009 2618 3354 2675 annullavit.
3389 2622 3510 2685 Quo
3547 2620 3788 2693 quidem

2139 2708 2312 2762 modo
2343 2708 2612 2762 effectum
2646 2712 2754 2773 est,
2790 2710 2852 2761 ut
2874 2700 3077 2762 in'hac
3111 2711 3456 2780 tempestate
3476 2708 3787 2782 populum,

2139 2812 2258 2867 qua
2282 2796 2450 2851 vellet
2480 2794 2648 2851 facile
2678 2796 2962 2851 divertere
2992 2802 3212 2868 posset.
3232 2799 3301 2853 Et
3331 2798 3440 2854 hac
3471 2799 3541 2853 de
3573 2815 3632 2854 re
3681 2801 3789 2854 Ka-

2139 2885 2299 2941 rolus
2330 2878 2601 2957 praefatae
2633 2883 2869 2956 nuptias
2894 2886 3147 2941 maxime
3174 2885 3326 2953 iniit,
3362 2887 3500 2958 quia
3528 2904 3665 2943 cum
3720 2904 3790 2943 eo

2139 2974 2456 3029 maximam
2471 2978 2696 3046 partem
2712 2973 2900 3046 plebis
2922 2974 3035 3031 sibi
3051 2974 3347 3032 vindicare
3358 2993 3529 3048 posse
3540 2977 3788 3048 putavit.

2139 3063 2372 3136 Nuptiis
2404 3064 2642 3134 quidem
2663 3080 2756 3118 xw
2791 3062 2910 3118 Kal.
2937 3063 3204 3119 Januarii
3243 3064 3505 3137 expletis,
3523 3064 3791 3121 Natalem

2139 3152 2368 3209 Domini
2403 3152 2475 3207 ad
2509 3152 2791 3207 Sanctum
2813 3151 3161 3219 Quintinum
3184 3153 3407 3210 celebre
3427 3154 3667 3226 peregit.
3682 3153 3796 3209 Va-
3898 3164 3900 3185 '

2137 3240 2428 3297 lentianas
2459 3240 2827 3313 quoque,qui
2858 3240 2930 3296 de
2961 3240 3235 3298 ﬁdelibus
3251 3242 3376 3298 suis
3399 3242 3549 3298 inter
3566 3242 3795 3299 Mosam

2138 3330 2587 3403 Sequanamque
2617 3347 2797 3385 causa
2817 3331 3106 3387 custodia:
3141 3348 3442 3386 remanere
3486 3332 3789 3400 deberent,

2139 3419 2450 3476 ordinavit.
2486 3420 2641 3474 Idem
2674 3436 2806 3474 vero
2840 3419 3105 3492 partibus
3143 3420 3468 3492 Aquitania:
3508 3438 3625 3476 una
3654 3437 3795 3476 cum

2140 3510 2389 3581 conjuge
2402 3525 2554 3563 auno
2569 3510 2672 3562 843
2686 3507 3110 3564 lncarnationis
3123 3509 3355 3566 Domini
3378 3509 3436 3565 in
3464 3509 3656 3566 hieme
3681 3510 3798 3565 iter

2140 3597 2367 3654 direxit.
2387 3598 2519 3653 Fuit
2540 3601 2734 3653 autem
2750 3597 2953 3653 eadem
2966 3596 3156 3653 hiems
3176 3599 3507 3672 praefrigida
3530 3599 3711 3655 nimis
3725 3616 3794 3655 ac

2141 3687 2439 3742 diuturna.
2466 3687 2875 3760 Languoribus
2900 3687 3143 3760 insuper
3162 3688 3470 3743 abundans
3492 3705 3720 3743 necnon
3737 3694 3796 3743 et

2140 3776 2531 3849 agriculturae,
2558 3774 2888 3849 pecorique,
2917 3778 3246 3850 apibusque
3278 3778 3420 3833 satis
3441 3778 3791 3850 incongrua.

2211 3866 2315 3922 Hic
2348 3866 2565 3938 quique
2594 3865 2989 3939 colligat,qua
3018 3868 3314 3923 dementia
3343 3867 3653 3922 utilitatem
3685 3886 3798 3941 pu-

2139 3954 2352 4011 blicam
2373 3955 2648 4028 negligat,
2658 3956 3017 4028 privatisque
3039 3974 3105 4011 ac
3126 3956 3376 4029 propriis
3388 3956 3794 4012 voluntatibus

2138 4045 2415 4112 insaniat,
2433 4046 2575 4100 dum
2600 4061 2669 4100 ex
2698 4046 2965 4116 utrisque
2983 4045 3315 4101 Creatorem
3336 4046 3480 4101 adeo
3510 4045 3791 4113 offendat,

2140 4138 2204 4189 ut
2232 4134 2409 4189 etiam
2440 4134 2639 4189 omnia
2685 4133 2976 4190 elementa
3023 4135 3152 4204 ejus
3204 4134 3454 4189 vesaniae
3496 4135 3797 4190 contraria

2139 4223 2341 4278 reddat
2366 4239 2378 4276 :
2405 4222 2677 4294 quodque
2702 4222 3108 4292 hujuscemodi
3134 4220 3413 4293 exemplis
3436 4238 3581 4293 pene
3597 4220 3797 4277 adhuc

2139 4311 2414 4385 omnibus
2446 4311 2598 4366 notis
2620 4310 2892 4381 perfacile
2925 4310 3281 4383 probaturus
3314 4311 3608 4366 accedam.
3643 4311 3796 4366 Nam

2138 4400 2501 4473 temporibus
2552 4400 2715 4455 bona:
2750 4399 3170 4455 recordationis
3217 4398 3411 4471 Magni
3448 4399 3655 4466 Karoli,
3692 4400 3794 4471 qui

2137 4489 2368 4545 evoluto
2383 4491 2511 4561 jam
2536 4506 2682 4561 pene
2714 4506 2865 4544 anno
2906 4487 3201 4544 tricesimo
3226 4487 3793 4559 decessit,quoniam

2139 4578 2232 4634 hic
2257 4579 2507 4651 populus
2540 4596 2720 4634 unam
2753 4578 3139 4649 eamdemque
3170 4582 3411 4643 rectam,
3435 4594 3502 4632 ac
3531 4594 3634 4649 per
3682 4578 3792 4633 hoc

2136 4668 2291 4723 viam
2342 4668 2574 4722 Domini
2625 4666 2923 4738 publicam
2953 4666 3282 4734 incedebat,
3307 4683 3417 4738 pax
3447 4665 3563 4721 illis
3613 4671 3793 4738 atque

2139 4755 2450 4813 concordia
2485 4755 2701 4828 ubique
2731 4760 2875 4811 erat.
2908 4757 2981 4811 At
3012 4772 3166 4810 nunc
3199 4772 3229 4810 e
3258 4759 3481 4822 contra,
3507 4755 3791 4825 quoniam

371 4843 697 4901 construxit
720 4860 733 4899 :
757 4843 1043 4900 familiam
1062 4842 1172 4900 sibi
1197 4844 1575 4900 commissam
1596 4845 1841 4900 miriﬁce
1857 4845 2021 4901 rexit.
2056 4862 2104 4927 D
2138 4847 2357 4919 quique
2378 4845 2859 4916 semitam,quam
2880 4842 3305 4917 cupit,incedit,
3326 4844 3547 4915 ubique
3563 4844 3791 4900 dissen~

370 4934 516 4990 Hinc
549 4933 664 4990 vita
691 4950 827 4989 cum
859 4932 1020 4989 omni
1052 4932 1324 4989 felicitate
1355 4934 1633 4988 defuncta
1673 4933 1938 5004 Centulo,
1962 4934 2022 4990 in

371 5040 512 5096 pace
540 5022 781 5094 quievit.
804 5021 906 5078 His
937 5022 1143 5093 paucis
1190 5022 1263 5077 de
1310 5021 1535 5095 origine
1567 5040 1697 5079 mea
1728 5024 2021 5093 delibatis,

372 5114 443 5169 ad
476 5112 735 5167 historice
767 5112 978 5168 seriem
1010 5111 1199 5167 redire
1226 5110 1389 5168 libet.

442 5202 590 5257 Cum
621 5204 928 5271 autem,ut
957 5200 1265 5273 praefatum
1298 5202 1634 5269 cst,reversi
1662 5202 1879 5274 quique
1905 5202 2023 5276 regi

372 5307 479 5348 suo
510 5307 639 5362 qua:
669 5290 1013 5346 invenerant
1047 5289 1443 5358 nuntiassent,
1470 5289 1608 5345 hinc
1644 5291 1862 5363 inopia,
1888 5292 2025 5346 hinc

368 5380 563 5436 hieme
580 5378 1010 5448 instante,hinc
1029 5378 1207 5433 etiam
1228 5379 1381 5448 quod
1403 5379 1690 5450 primores
1714 5381 1912 5452 populi
1934 5382 2028 5435 de-

371 5472 606 5540 gustato
637 5467 817 5524 semel
851 5467 1108 5538 periculo
1132 5467 1342 5522 iterum
1362 5467 1625 5537 prznlium
1652 5469 2022 5535 nolebant,ac

370 5574 476 5629 per
496 5558 606 5613 hoc
626 5561 693 5612 ut
720 5574 832 5628 pax
862 5556 1013 5611 inter
1034 5556 1166 5611 illos
1188 5574 1373 5627 usque
1398 5556 1452 5609 in
1481 5557 1761 5629 vigesimo
1785 5559 1874 5613 die
1895 5564 2026 5630 post

373 5647 622 5701 missam
650 5646 835 5701 sancti
864 5645 1110 5700 Joannis
1160 5645 1514 5714 firmaretur,
1550 5648 1904 5702 assentiunt.
1939 5649 2022 5703 Ad

375 5750 555 5804 quam
569 5736 943 5789 statuendam
962 5733 1097 5788 hinc
1120 5734 1251 5788 inde
1270 5735 1551 5805 primates
1566 5736 1762 5807 populi
1783 5737 2024 5792 Theoto—

376 5820 470 5874 nis
498 5819 697 5875 villam
727 5820 1052 5876 confluunt.
1089 5822 1317 5888 Jurant,
1338 5826 1400 5877 ut
1422 5822 1532 5893 ipsi
1578 5841 1742 5893 reges
1782 5825 1934 5882 inter
1964 5843 2025 5882 se

380 5903 617 5982 interim
633 5909 898 5962 mutuam
911 5924 1113 5981 pacem
1138 5925 1364 5969 servare
1404 5909 1786 5972 deberent.Et
1816 5918 1881 5971 ut
1920 5931 2026 5973 ne-

2135 4936 2331 4991 siones
2362 4940 2418 4990 et
2448 4933 2580 4989 rixae
2614 4939 2757 4989 sunt
2785 4934 3131 4989 manifestis.
3152 4934 3316 4988 Tunc
3351 4933 3567 5004 ubique
3598 4933 3791 4988 abun-

2135 5024 2344 5080 dantiae
2376 5028 2550 5095 atque
2594 5022 2812 5091 lzetitia,
2850 5040 3005 5078 nunc
3055 5022 3271 5093 ubique
3321 5021 3563 5094 penuria
3612 5027 3789 5094 atque

2136 5113 2584 5183 mmstitiaJpsa
2613 5111 2902 5166 elementa
2922 5116 3062 5165 tunc
3101 5111 3312 5182 cuique
3345 5111 3462 5183 regi
3501 5127 3784 5182 congrua,

2136 5219 2292 5258 nunc
2325 5206 2519 5257 autem
2555 5202 2832 5257 omnibus
2857 5200 3076 5272 ubique
3095 5200 3409 5267 contraria,
3428 5200 3507 5254 uti
3534 5200 3795 5271 Scriptu-

2137 5310 2200 5347 ra
2224 5292 2418 5346 divino
2434 5307 2675 5346 munere
2698 5290 2927 5362 prolata
2959 5294 3208 5344 testatur
3231 5306 3243 5343 :
3267 5291 3331 5345 Et
3348 5289 3614 5360 pugnabit
3643 5289 3792 5345 orbis

2135 5391 2409 5437 terrarum
2438 5388 2623 5435 contra
2671 5382 2972 5434 insensatos
3001 5380 3151 5450 (δίη).
3188 5379 3294 5451 ιιι).
3320 5380 3425 5433 Per
3455 5379 3607 5434 idem
3644 5383 3791 5433 tern-

2135 5489 2245 5542 pus
2280 5469 2513 5542 eclipsis
2548 5468 2699 5523 luna:
2734 5470 2983 5538 x111(Al.,
3010 5470 3102 5539 xv)
3137 5468 3254 5523 Kal.
3279 5468 3492 5540 Aprilis
3523 5468 3789 5539 contigit.

2135 5559 2241 5614 Nix
2267 5559 2510 5629 insuper
2532 5558 2719 5612 multa
2751 5558 2955 5613 eadem
2994 5564 3160 5612 nocte
3196 5558 3424 5625 cecidit,
3444 5575 3790 5613 mmrorem—

2135 5666 2248 5719 que
2280 5648 2583 5713 omnibus,‘
2608 5647 2692 5699 uti
2723 5647 3029 5718 praefatum
3073 5652 3181 5715 est,
3209 5647 3372 5717 justo
3420 5646 3519 5700 Dei
3562 5647 3791 5717 judicio

2135 5738 2404 5793 incussit.
2426 5738 2486 5791 Id
2510 5742 2838 5807 propterea,
2862 5737 3285 5808 inquam,quia
3314 5736 3450 5791 hinc
3489 5737 3628 5791 inde
3664 5738 3794 5791 ubi-

2137 5844 2249 5898 que
2267 5825 2481 5897 rapinae
2502 5829 2560 5879 et
2582 5824 2897 5897 omnigena
2916 5825 3070 5882 mala
3091 5843 3218 5882 sese
3256 5827 3616 5891 inserebant,
3634 5825 3795 5882 illinc

2136 5914 2286 5973 aeris
2307 5911 2684 5986 intemperies
2706 5929 2872 5988 spem
2894 5914 3164 5972 omnium
3183 5914 3471 5971 bonorum
3489 5912 3797 5991 eripiebat.
