  <div class='ocr_page' id='page_1' title='image "/cluster/home/n/w/nwhite01/storage/ocr_20150623/115-116/uc1.31175006916467/781.png"; bbox 0 0 3900 6436; ppageno 0'>
   <div class='ocr_carea' id='block_1_1' title="bbox 379 568 3776 644">
    <p class='ocr_par' dir='ltr' id='par_1_1' title="bbox 379 568 3776 644">
     <span class='ocr_line' id='line_1_1' title="bbox 379 568 3776 644; baseline 0.006 -22"><span class='ocrx_word' id='word_1_1' title='bbox 379 568 460 634; x_wconf 78' lang='grc'>⁸19</span> <span class='ocrx_word' id='word_1_2' title='bbox 1602 571 2004 634; x_wconf 87' lang='lat' dir='ltr'>AMULONIS</span> <span class='ocrx_word' id='word_1_3' title='bbox 2049 570 2291 634; x_wconf 87' lang='lat' dir='ltr'>EPISC.</span> <span class='ocrx_word' id='word_1_4' title='bbox 2342 577 2571 638; x_wconf 90' lang='lat' dir='ltr'>LUGD.</span> <span class='ocrx_word' id='word_1_5' title='bbox 3712 583 3776 644; x_wconf 87' lang='lat'><strong>80</strong></span> 
     </span>
    </p>
   </div>
   <div class='ocr_carea' id='block_1_2' title="bbox 383 703 3839 792">
    <p class='ocr_par' dir='ltr' id='par_1_2' title="bbox 383 703 3839 792">
     <span class='ocr_line' id='line_1_2' title="bbox 383 703 3839 792; baseline 0.005 -33"><span class='ocrx_word' id='word_1_6' title='bbox 383 707 605 772; x_wconf 88' lang='lat' dir='ltr'>rentur,</span> <span class='ocrx_word' id='word_1_7' title='bbox 639 705 743 760; x_wconf 89' lang='lat' dir='ltr'>sed</span> <span class='ocrx_word' id='word_1_8' title='bbox 771 703 1222 776; x_wconf 85' lang='lat' dir='ltr'>percussionum</span> <span class='ocrx_word' id='word_1_9' title='bbox 1254 708 1312 760; x_wconf 92' lang='lat' dir='ltr'>et</span> <span class='ocrx_word' id='word_1_10' title='bbox 1341 703 1899 778; x_wconf 82' lang='lat' dir='ltr'>elisionum,quibus</span> <span class='ocrx_word' id='word_1_11' title='bbox 1931 705 2036 762; x_wconf 88' lang='lat' dir='ltr'>mi-</span> <span class='ocrx_word' id='word_1_12' title='bbox 2061 706 2120 774; x_wconf 76' lang='grc' dir='ltr'>Α</span> <span class='ocrx_word' id='word_1_13' title='bbox 2148 724 2262 764; x_wconf 89' lang='lat' dir='ltr'>nus</span> <span class='ocrx_word' id='word_1_14' title='bbox 2292 715 2490 766; x_wconf 91' lang='lat' dir='ltr'>monet</span> <span class='ocrx_word' id='word_1_15' title='bbox 2513 711 2750 768; x_wconf 88' lang='lat' dir='ltr'>dicens:</span> <span class='ocrx_word' id='word_1_16' title='bbox 2781 734 2808 763; x_wconf 82' lang='lat'><strong>«</strong></span> <span class='ocrx_word' id='word_1_17' title='bbox 2830 715 3027 771; x_wconf 88' lang='lat' dir='ltr'>Estote</span> <span class='ocrx_word' id='word_1_18' title='bbox 3049 717 3368 789; x_wconf 88' lang='lat' dir='ltr'>prudentes</span> <span class='ocrx_word' id='word_1_19' title='bbox 3395 717 3548 774; x_wconf 84' lang='lat' dir='ltr'>sicut</span> <span class='ocrx_word' id='word_1_20' title='bbox 3567 736 3780 792; x_wconf 84' lang='lat' dir='ltr'>serpen-</span> <span class='ocrx_word' id='word_1_21' title='bbox 3837 703 3839 756; x_wconf 49' lang='lat' dir='ltr'>l</span> 
     </span>
    </p>
   </div>
   <div class='ocr_carea' id='block_1_3' title="bbox 383 791 2037 866">
    <p class='ocr_par' dir='ltr' id='par_1_3' title="bbox 383 791 2037 866">
     <span class='ocr_line' id='line_1_3' title="bbox 383 791 2037 866; baseline 0.002 -17"><span class='ocrx_word' id='word_1_22' title='bbox 383 809 524 850; x_wconf 84' lang='lat' dir='ltr'>sera:</span> <span class='ocrx_word' id='word_1_23' title='bbox 554 791 912 848; x_wconf 85' lang='lat' dir='ltr'>muliercula:</span> <span class='ocrx_word' id='word_1_24' title='bbox 943 791 1140 848; x_wconf 89' lang='lat' dir='ltr'>subito</span> <span class='ocrx_word' id='word_1_25' title='bbox 1171 793 1232 848; x_wconf 93' lang='lat' dir='ltr'>in</span> <span class='ocrx_word' id='word_1_26' title='bbox 1261 793 1391 866; x_wconf 88' lang='lat' dir='ltr'>ipsa</span> <span class='ocrx_word' id='word_1_27' title='bbox 1419 793 1698 850; x_wconf 89' lang='lat' dir='ltr'>orationis</span> <span class='ocrx_word' id='word_1_28' title='bbox 1729 795 1903 852; x_wconf 91' lang='lat' dir='ltr'>domo</span> <span class='ocrx_word' id='word_1_29' title='bbox 1935 811 2037 852; x_wconf 86' lang='lat' dir='ltr'>ca-</span> 
     </span>
    </p>
   </div>
   <div class='ocr_carea' id='block_1_4' title="bbox 383 879 2036 954">
    <p class='ocr_par' dir='ltr' id='par_1_4' title="bbox 383 879 2036 954">
     <span class='ocr_line' id='line_1_4' title="bbox 383 879 2036 954; baseline 0 -16"><span class='ocrx_word' id='word_1_30' title='bbox 383 882 521 938; x_wconf 88' lang='lat' dir='ltr'>dere</span> <span class='ocrx_word' id='word_1_31' title='bbox 567 883 626 938; x_wconf 92' lang='lat' dir='ltr'>et</span> <span class='ocrx_word' id='word_1_32' title='bbox 669 879 886 950; x_wconf 91' lang='lat' dir='ltr'>collidi,</span> <span class='ocrx_word' id='word_1_33' title='bbox 934 884 992 937; x_wconf 92' lang='lat' dir='ltr'>et</span> <span class='ocrx_word' id='word_1_34' title='bbox 1037 881 1206 954; x_wconf 90' lang='lat' dir='ltr'>quasi</span> <span class='ocrx_word' id='word_1_35' title='bbox 1251 882 1445 938; x_wconf 83' lang='lat' dir='ltr'>vexari</span> <span class='ocrx_word' id='word_1_36' title='bbox 1493 883 1865 952; x_wconf 82' lang='lat' dir='ltr'>viderentur;</span> <span class='ocrx_word' id='word_1_37' title='bbox 1898 899 2036 938; x_wconf 91' lang='lat' dir='ltr'>cum</span> 
     </span>
    </p>
   </div>
   <div class='ocr_carea' id='block_1_5' title="bbox 385 967 2038 1045">
    <p class='ocr_par' dir='ltr' id='par_1_5' title="bbox 385 967 2038 1045">
     <span class='ocr_line' id='line_1_5' title="bbox 385 967 2038 1045; baseline 0.001 -19"><span class='ocrx_word' id='word_1_38' title='bbox 385 974 580 1026; x_wconf 85' lang='lat' dir='ltr'>tamen</span> <span class='ocrx_word' id='word_1_39' title='bbox 610 969 672 1025; x_wconf 91' lang='lat' dir='ltr'>in</span> <span class='ocrx_word' id='word_1_40' title='bbox 699 967 862 1026; x_wconf 89' lang='lat' dir='ltr'>nulla</span> <span class='ocrx_word' id='word_1_41' title='bbox 890 974 1056 1042; x_wconf 89' lang='lat' dir='ltr'>parte</span> <span class='ocrx_word' id='word_1_42' title='bbox 1087 971 1347 1044; x_wconf 87' lang='lat' dir='ltr'>corporis</span> <span class='ocrx_word' id='word_1_43' title='bbox 1376 971 1525 1028; x_wconf 69' lang='lat' dir='ltr'>laesa:</span> <span class='ocrx_word' id='word_1_44' title='bbox 1557 975 1900 1045; x_wconf 81' lang='lat' dir='ltr'>appareant,</span> <span class='ocrx_word' id='word_1_45' title='bbox 1935 976 2038 1028; x_wconf 90' lang='lat' dir='ltr'>aut</span> 
     </span>
    </p>
   </div>
   <div class='ocr_carea' id='block_1_6' title="bbox 384 1059 2030 1134">
    <p class='ocr_par' dir='ltr' id='par_1_6' title="bbox 384 1059 2030 1134">
     <span class='ocr_line' id='line_1_6' title="bbox 384 1059 2030 1134; baseline -0.001 -18"><span class='ocrx_word' id='word_1_46' title='bbox 384 1059 504 1116; x_wconf 91' lang='lat' dir='ltr'>ulla</span> <span class='ocrx_word' id='word_1_47' title='bbox 532 1059 718 1134; x_wconf 84' lang='lat' dir='ltr'>plaga:</span> <span class='ocrx_word' id='word_1_48' title='bbox 748 1059 1000 1134; x_wconf 80' lang='lat' dir='ltr'>alicujus</span> <span class='ocrx_word' id='word_1_49' title='bbox 1037 1061 1282 1134; x_wconf 89' lang='lat' dir='ltr'>vestigia</span> <span class='ocrx_word' id='word_1_50' title='bbox 1326 1067 1656 1118; x_wconf 89' lang='lat' dir='ltr'>monstrare</span> <span class='ocrx_word' id='word_1_51' title='bbox 1700 1062 2030 1116; x_wconf 81' lang='lat' dir='ltr'>videantur.</span> 
     </span>
    </p>
   </div>
   <div class='ocr_carea' id='block_1_7' title="bbox 382 1149 2034 1216">
    <p class='ocr_par' dir='ltr' id='par_1_7' title="bbox 382 1149 2034 1216">
     <span class='ocr_line' id='line_1_7' title="bbox 382 1149 2034 1216; baseline 0.001 -12"><span class='ocrx_word' id='word_1_52' title='bbox 382 1151 508 1216; x_wconf 87' lang='lat' dir='ltr'>Qua</span> <span class='ocrx_word' id='word_1_53' title='bbox 535 1165 605 1206; x_wconf 76' lang='lat' dir='ltr'>ex</span> <span class='ocrx_word' id='word_1_54' title='bbox 632 1166 813 1206; x_wconf 89' lang='lat' dir='ltr'>causa</span> <span class='ocrx_word' id='word_1_55' title='bbox 841 1153 1008 1207; x_wconf 90' lang='lat' dir='ltr'>tanta</span> <span class='ocrx_word' id='word_1_56' title='bbox 1034 1149 1174 1206; x_wconf 92' lang='lat' dir='ltr'>illuc</span> <span class='ocrx_word' id='word_1_57' title='bbox 1201 1151 1360 1207; x_wconf 88' lang='lat' dir='ltr'>velut</span> <span class='ocrx_word' id='word_1_58' title='bbox 1389 1151 1811 1207; x_wconf 82' lang='lat' dir='ltr'>admirantium</span> <span class='ocrx_word' id='word_1_59' title='bbox 1861 1150 2034 1206; x_wconf 86' lang='lat' dir='ltr'>turba</span> 
     </span>
    </p>
   </div>
   <div class='ocr_carea' id='block_1_8' title="bbox 382 1238 2031 1311">
    <p class='ocr_par' dir='ltr' id='par_1_8' title="bbox 382 1238 2031 1311">
     <span class='ocr_line' id='line_1_8' title="bbox 382 1238 2031 1311; baseline -0.001 -17"><span class='ocrx_word' id='word_1_60' title='bbox 382 1239 697 1308; x_wconf 82' lang='lat' dir='ltr'>concurrit,</span> <span class='ocrx_word' id='word_1_61' title='bbox 711 1238 866 1296; x_wconf 83' lang='lat' dir='ltr'>sicut</span> <span class='ocrx_word' id='word_1_62' title='bbox 881 1257 995 1295; x_wconf 91' lang='lat' dir='ltr'>non</span> <span class='ocrx_word' id='word_1_63' title='bbox 1016 1239 1207 1296; x_wconf 90' lang='lat' dir='ltr'>solum</span> <span class='ocrx_word' id='word_1_64' title='bbox 1227 1240 1415 1296; x_wconf 89' lang='lat' dir='ltr'>abillo</span> <span class='ocrx_word' id='word_1_65' title='bbox 1435 1241 1608 1296; x_wconf 88' lang='lat' dir='ltr'>fratre</span> <span class='ocrx_word' id='word_1_66' title='bbox 1628 1245 1752 1294; x_wconf 75' lang='lat' dir='ltr'>nosl</span> <span class='ocrx_word' id='word_1_67' title='bbox 1769 1256 2031 1311; x_wconf 77' lang='lat' dir='ltr'>r0,quem</span> 
     </span>
    </p>
   </div>
   <div class='ocr_carea' id='block_1_9' title="bbox 382 1327 2035 1400">
    <p class='ocr_par' dir='ltr' id='par_1_9' title="bbox 382 1327 2035 1400">
     <span class='ocr_line' id='line_1_9' title="bbox 382 1327 2035 1400; baseline -0.002 -14"><span class='ocrx_word' id='word_1_68' title='bbox 382 1327 654 1400; x_wconf 78' lang='lat' dir='ltr'>misistis,</span> <span class='ocrx_word' id='word_1_69' title='bbox 685 1333 785 1387; x_wconf 85' lang='lat' dir='ltr'>sed</span> <span class='ocrx_word' id='word_1_70' title='bbox 819 1329 996 1387; x_wconf 89' lang='lat' dir='ltr'>etiam</span> <span class='ocrx_word' id='word_1_71' title='bbox 1028 1349 1062 1386; x_wconf 92' lang='lat' dir='ltr'>a</span> <span class='ocrx_word' id='word_1_72' title='bbox 1094 1329 1394 1385; x_wconf 83' lang='lat' dir='ltr'>nonnullis</span> <span class='ocrx_word' id='word_1_73' title='bbox 1425 1329 1556 1386; x_wconf 87' lang='lat' dir='ltr'>aliis</span> <span class='ocrx_word' id='word_1_74' title='bbox 1598 1329 1932 1396; x_wconf 88' lang='lat' dir='ltr'>didicimus,</span> <span class='ocrx_word' id='word_1_75' title='bbox 1967 1332 2035 1383; x_wconf 90' lang='lat' dir='ltr'>ut</span> 
     </span>
    </p>
   </div>
   <div class='ocr_carea' id='block_1_10' title="bbox 373 1417 2036 1493">
    <p class='ocr_par' dir='ltr' id='par_1_10' title="bbox 373 1417 2036 1493">
     <span class='ocr_line' id='line_1_10' title="bbox 373 1417 2036 1493; baseline -0.004 -17"><span class='ocrx_word' id='word_1_76' title='bbox 373 1421 502 1493; x_wconf 90' lang='lat' dir='ltr'>jam</span> <span class='ocrx_word' id='word_1_77' title='bbox 531 1423 802 1477; x_wconf 83' lang='lat' dir='ltr'>trecenta:</span> <span class='ocrx_word' id='word_1_78' title='bbox 833 1420 953 1476; x_wconf 91' lang='lat' dir='ltr'>sive</span> <span class='ocrx_word' id='word_1_79' title='bbox 975 1420 1415 1492; x_wconf 83' lang='lat' dir='ltr'>quadringenta:</span> <span class='ocrx_word' id='word_1_80' title='bbox 1433 1423 1534 1474; x_wconf 88' lang='lat' dir='ltr'>aut</span> <span class='ocrx_word' id='word_1_81' title='bbox 1551 1435 1616 1472; x_wconf 88' lang='lat' dir='ltr'>eo</span> <span class='ocrx_word' id='word_1_82' title='bbox 1635 1417 1890 1489; x_wconf 85' lang='lat' dir='ltr'>amplius</span> <span class='ocrx_word' id='word_1_83' title='bbox 1911 1433 2036 1488; x_wconf 88' lang='lat' dir='ltr'>per-</span> 
     </span>
    </p>
   </div>
   <div class='ocr_carea' id='block_1_11' title="bbox 379 1507 2035 1582">
    <p class='ocr_par' dir='ltr' id='par_1_11' title="bbox 379 1507 2035 1582">
     <span class='ocr_line' id='line_1_11' title="bbox 379 1507 2035 1582; baseline -0.003 -17"><span class='ocrx_word' id='word_1_84' title='bbox 379 1525 539 1566; x_wconf 66' lang='lat' dir='ltr'>sona</span> <span class='ocrx_word' id='word_1_85' title='bbox 569 1525 700 1567; x_wconf 88' lang='lat' dir='ltr'>esse</span> <span class='ocrx_word' id='word_1_86' title='bbox 730 1510 1080 1580; x_wconf 88' lang='lat' dir='ltr'>referantur,</span> <span class='ocrx_word' id='word_1_87' title='bbox 1103 1527 1232 1582; x_wconf 88' lang='lat' dir='ltr'>qua:</span> <span class='ocrx_word' id='word_1_88' title='bbox 1245 1511 1374 1580; x_wconf 89' lang='lat' dir='ltr'>jam</span> <span class='ocrx_word' id='word_1_89' title='bbox 1398 1508 1554 1564; x_wconf 89' lang='lat' dir='ltr'>dicto</span> <span class='ocrx_word' id='word_1_90' title='bbox 1570 1507 1744 1562; x_wconf 89' lang='lat' dir='ltr'>modo</span> <span class='ocrx_word' id='word_1_91' title='bbox 1765 1521 2035 1562; x_wconf 90' lang='lat' dir='ltr'>corruen-</span> 
     </span>
    </p>
   </div>
   <div class='ocr_carea' id='block_1_12' title="bbox 381 1596 2031 1672">
    <p class='ocr_par' dir='ltr' id='par_1_12' title="bbox 381 1596 2031 1672">
     <span class='ocr_line' id='line_1_12' title="bbox 381 1596 2031 1672; baseline -0.003 -18"><span class='ocrx_word' id='word_1_92' title='bbox 381 1602 472 1656; x_wconf 89' lang='lat' dir='ltr'>tes</span> <span class='ocrx_word' id='word_1_93' title='bbox 501 1602 680 1672; x_wconf 86' lang='lat' dir='ltr'>atque</span> <span class='ocrx_word' id='word_1_94' title='bbox 710 1598 866 1656; x_wconf 83' lang='lat' dir='ltr'>elisa:</span> <span class='ocrx_word' id='word_1_95' title='bbox 893 1603 950 1654; x_wconf 92' lang='lat' dir='ltr'>et</span> <span class='ocrx_word' id='word_1_96' title='bbox 968 1615 1070 1672; x_wconf 90' lang='lat' dir='ltr'>per</span> <span class='ocrx_word' id='word_1_97' title='bbox 1094 1597 1403 1672; x_wconf 89' lang='lat' dir='ltr'>paululum</span> <span class='ocrx_word' id='word_1_98' title='bbox 1423 1596 1581 1653; x_wconf 91' lang='lat' dir='ltr'>velut</span> <span class='ocrx_word' id='word_1_99' title='bbox 1601 1599 1830 1668; x_wconf 91' lang='lat' dir='ltr'>recepto</span> <span class='ocrx_word' id='word_1_100' title='bbox 1853 1611 2031 1651; x_wconf 86' lang='lat' dir='ltr'>sensu</span> 
     </span>
    </p>
   </div>
   <div class='ocr_carea' id='block_1_13' title="bbox 381 1685 2029 1760">
    <p class='ocr_par' dir='ltr' id='par_1_13' title="bbox 381 1685 2029 1760">
     <span class='ocr_line' id='line_1_13' title="bbox 381 1685 2029 1760; baseline -0.005 -13"><span class='ocrx_word' id='word_1_101' title='bbox 381 1693 620 1760; x_wconf 66' lang='lat' dir='ltr'>senatui,</span> <span class='ocrx_word' id='word_1_102' title='bbox 638 1687 977 1746; x_wconf 86' lang='lat' dir='ltr'>nullatenus</span> <span class='ocrx_word' id='word_1_103' title='bbox 994 1706 1029 1745; x_wconf 90' lang='lat' dir='ltr'>a</span> <span class='ocrx_word' id='word_1_104' title='bbox 1043 1687 1168 1745; x_wconf 92' lang='lat' dir='ltr'>loco</span> <span class='ocrx_word' id='word_1_105' title='bbox 1185 1688 1483 1744; x_wconf 86' lang='lat' dir='ltr'>discedere</span> <span class='ocrx_word' id='word_1_106' title='bbox 1505 1703 1676 1760; x_wconf 85' lang='lat' dir='ltr'>posse</span> <span class='ocrx_word' id='word_1_107' title='bbox 1698 1685 2029 1752; x_wconf 84' lang='lat' dir='ltr'>firmantur,</span> 
     </span>
    </p>
   </div>
   <div class='ocr_carea' id='block_1_14' title="bbox 381 1773 2028 1852">
    <p class='ocr_par' dir='ltr' id='par_1_14' title="bbox 381 1773 2028 1852">
     <span class='ocr_line' id='line_1_14' title="bbox 381 1773 2028 1852; baseline -0.005 -17"><span class='ocrx_word' id='word_1_108' title='bbox 381 1777 523 1852; x_wconf 83' lang='lat' dir='ltr'>quia</span> <span class='ocrx_word' id='word_1_109' title='bbox 549 1777 819 1836; x_wconf 82' lang='lat' dir='ltr'>videlicet</span> <span class='ocrx_word' id='word_1_110' title='bbox 850 1779 900 1836; x_wconf 91' lang='lat' dir='ltr'>si</span> <span class='ocrx_word' id='word_1_111' title='bbox 926 1779 1000 1835; x_wconf 90' lang='lat' dir='ltr'>ad</span> <span class='ocrx_word' id='word_1_112' title='bbox 1031 1779 1236 1834; x_wconf 87' lang='lat' dir='ltr'>domos</span> <span class='ocrx_word' id='word_1_113' title='bbox 1269 1795 1408 1834; x_wconf 89' lang='lat' dir='ltr'>suas</span> <span class='ocrx_word' id='word_1_114' title='bbox 1440 1777 1625 1833; x_wconf 89' lang='lat' dir='ltr'>redire</span> <span class='ocrx_word' id='word_1_115' title='bbox 1656 1773 2028 1842; x_wconf 85' lang='lat' dir='ltr'>tentaverint,</span> 
     </span>
    </p>
   </div>
   <div class='ocr_carea' id='block_1_15' title="bbox 379 1863 2030 1941">
    <p class='ocr_par' dir='ltr' id='par_1_15' title="bbox 379 1863 2030 1941">
     <span class='ocr_line' id='line_1_15' title="bbox 379 1863 2030 1941; baseline -0.004 -17"><span class='ocrx_word' id='word_1_116' title='bbox 379 1867 586 1924; x_wconf 87' lang='lat' dir='ltr'>statim</span> <span class='ocrx_word' id='word_1_117' title='bbox 613 1885 764 1926; x_wconf 88' lang='lat' dir='ltr'>nova</span> <span class='ocrx_word' id='word_1_118' title='bbox 791 1869 988 1924; x_wconf 90' lang='lat' dir='ltr'>nescio</span> <span class='ocrx_word' id='word_1_119' title='bbox 1033 1885 1152 1941; x_wconf 90' lang='lat' dir='ltr'>qua</span> <span class='ocrx_word' id='word_1_120' title='bbox 1193 1867 1366 1940; x_wconf 84' lang='lat' dir='ltr'>plaga</span> <span class='ocrx_word' id='word_1_121' title='bbox 1395 1883 1706 1939; x_wconf 78' lang='lat' dir='ltr'>percussae,</span> <span class='ocrx_word' id='word_1_122' title='bbox 1742 1865 1813 1920; x_wconf 88' lang='lat' dir='ltr'>ad</span> <span class='ocrx_word' id='word_1_123' title='bbox 1846 1863 2030 1920; x_wconf 90' lang='lat' dir='ltr'>eccle-</span> 
     </span>
    </p>
   </div>
   <div class='ocr_carea' id='block_1_16' title="bbox 378 1951 2030 2030">
    <p class='ocr_par' dir='ltr' id='par_1_16' title="bbox 378 1951 2030 2030">
     <span class='ocr_line' id='line_1_16' title="bbox 378 1951 2030 2030; baseline -0.004 -16"><span class='ocrx_word' id='word_1_124' title='bbox 378 1956 530 2014; x_wconf 83' lang='lat' dir='ltr'>siam</span> <span class='ocrx_word' id='word_1_125' title='bbox 553 1957 626 2012; x_wconf 89' lang='lat' dir='ltr'>de</span> <span class='ocrx_word' id='word_1_126' title='bbox 647 1973 764 2030; x_wconf 90' lang='lat' dir='ltr'>qua</span> <span class='ocrx_word' id='word_1_127' title='bbox 785 1956 1046 2013; x_wconf 82' lang='lat' dir='ltr'>exierant</span> <span class='ocrx_word' id='word_1_128' title='bbox 1063 1956 1251 2013; x_wconf 89' lang='lat' dir='ltr'>redire</span> <span class='ocrx_word' id='word_1_129' title='bbox 1271 1954 1791 2028; x_wconf 91' lang='lat' dir='ltr'>compellantur.ln</span> <span class='ocrx_word' id='word_1_130' title='bbox 1813 1951 2030 2025; x_wconf 85' lang='lat' dir='ltr'>quibus</span> 
     </span>
    </p>
   </div>
   <div class='ocr_carea' id='block_1_17' title="bbox 378 2041 2030 2118">
    <p class='ocr_par' dir='ltr' id='par_1_17' title="bbox 378 2041 2030 2118">
     <span class='ocr_line' id='line_1_17' title="bbox 378 2041 2030 2118; baseline -0.004 -16"><span class='ocrx_word' id='word_1_131' title='bbox 378 2061 508 2104; x_wconf 88' lang='lat' dir='ltr'>esse</span> <span class='ocrx_word' id='word_1_132' title='bbox 532 2045 830 2116; x_wconf 87' lang='lat' dir='ltr'>dicuntur,</span> <span class='ocrx_word' id='word_1_133' title='bbox 860 2063 977 2102; x_wconf 90' lang='lat' dir='ltr'>non</span> <span class='ocrx_word' id='word_1_134' title='bbox 1005 2045 1197 2102; x_wconf 89' lang='lat' dir='ltr'>solum</span> <span class='ocrx_word' id='word_1_135' title='bbox 1229 2044 1456 2118; x_wconf 70' lang='lat' dir='ltr'>puella),</span> <span class='ocrx_word' id='word_1_136' title='bbox 1490 2043 1590 2100; x_wconf 91' lang='lat' dir='ltr'>sed</span> <span class='ocrx_word' id='word_1_137' title='bbox 1623 2043 1799 2100; x_wconf 89' lang='lat' dir='ltr'>etiam</span> <span class='ocrx_word' id='word_1_138' title='bbox 1831 2041 2030 2114; x_wconf 90' lang='lat' dir='ltr'>conju-</span> 
     </span>
    </p>
   </div>
   <div class='ocr_carea' id='block_1_18' title="bbox 375 2132 2029 2208">
    <p class='ocr_par' dir='ltr' id='par_1_18' title="bbox 375 2132 2029 2208">
     <span class='ocr_line' id='line_1_18' title="bbox 375 2132 2029 2208; baseline -0.003 -16"><span class='ocrx_word' id='word_1_139' title='bbox 375 2138 524 2208; x_wconf 78' lang='lat' dir='ltr'>gata:</span> <span class='ocrx_word' id='word_1_140' title='bbox 545 2133 906 2208; x_wconf 89' lang='lat' dir='ltr'>juveniores,</span> <span class='ocrx_word' id='word_1_141' title='bbox 937 2139 993 2192; x_wconf 87' lang='lat' dir='ltr'>et</span> <span class='ocrx_word' id='word_1_142' title='bbox 1040 2135 1392 2191; x_wconf 89' lang='lat' dir='ltr'>maturiores</span> <span class='ocrx_word' id='word_1_143' title='bbox 1443 2137 1633 2205; x_wconf 73' lang='lat' dir='ltr'>aztate,</span> <span class='ocrx_word' id='word_1_144' title='bbox 1666 2132 2029 2188; x_wconf 86' lang='lat' dir='ltr'>honestiores</span> 
     </span>
    </p>
   </div>
   <div class='ocr_carea' id='block_1_19' title="bbox 373 2223 828 2296">
    <p class='ocr_par' dir='ltr' id='par_1_19' title="bbox 373 2223 828 2296">
     <span class='ocr_line' id='line_1_19' title="bbox 373 2223 828 2296; baseline -0.002 -16"><span class='ocrx_word' id='word_1_145' title='bbox 373 2227 552 2296; x_wconf 87' lang='lat' dir='ltr'>atque</span> <span class='ocrx_word' id='word_1_146' title='bbox 577 2223 828 2282; x_wconf 85' lang='lat' dir='ltr'>viliores.</span> 
     </span>
    </p>
   </div>
   <div class='ocr_carea' id='block_1_20' title="bbox 447 2311 2031 2372">
    <p class='ocr_par' dir='ltr' id='par_1_20' title="bbox 447 2311 2031 2372">
     <span class='ocr_line' id='line_1_20' title="bbox 447 2311 2031 2372; baseline -0.003 -2"><span class='ocrx_word' id='word_1_147' title='bbox 447 2313 550 2372; x_wconf 84' lang='lat' dir='ltr'><strong>III.</strong></span> <span class='ocrx_word' id='word_1_148' title='bbox 584 2315 712 2370; x_wconf 75' lang='lat' dir='ltr'>llmc</span> <span class='ocrx_word' id='word_1_149' title='bbox 742 2317 938 2371; x_wconf 88' lang='lat' dir='ltr'>autem</span> <span class='ocrx_word' id='word_1_150' title='bbox 970 2331 1085 2372; x_wconf 89' lang='lat' dir='ltr'>non</span> <span class='ocrx_word' id='word_1_151' title='bbox 1117 2313 1310 2371; x_wconf 90' lang='lat' dir='ltr'>solum</span> <span class='ocrx_word' id='word_1_152' title='bbox 1343 2315 1402 2370; x_wconf 90' lang='lat' dir='ltr'>in</span> <span class='ocrx_word' id='word_1_153' title='bbox 1435 2313 1680 2370; x_wconf 89' lang='lat' dir='ltr'>ecclesia</span> <span class='ocrx_word' id='word_1_154' title='bbox 1711 2311 1898 2369; x_wconf 85' lang='lat' dir='ltr'>sancti</span> <span class='ocrx_word' id='word_1_155' title='bbox 1930 2311 2031 2367; x_wconf 85' lang='lat' dir='ltr'>Be-</span> 
     </span>
    </p>
   </div>
   <div class='ocr_carea' id='block_1_21' title="bbox 377 2401 2026 2479">
    <p class='ocr_par' dir='ltr' id='par_1_21' title="bbox 377 2401 2026 2479">
     <span class='ocr_line' id='line_1_21' title="bbox 377 2401 2026 2479; baseline -0.004 -18"><span class='ocrx_word' id='word_1_156' title='bbox 377 2403 564 2479; x_wconf 83' lang='lat' dir='ltr'>nigni,</span> <span class='ocrx_word' id='word_1_157' title='bbox 597 2405 699 2460; x_wconf 89' lang='lat' dir='ltr'>sed</span> <span class='ocrx_word' id='word_1_158' title='bbox 729 2403 908 2460; x_wconf 88' lang='lat' dir='ltr'>etiam</span> <span class='ocrx_word' id='word_1_159' title='bbox 939 2403 1000 2460; x_wconf 90' lang='lat' dir='ltr'>in</span> <span class='ocrx_word' id='word_1_160' title='bbox 1031 2403 1212 2460; x_wconf 85' lang='lat' dir='ltr'>altera</span> <span class='ocrx_word' id='word_1_161' title='bbox 1239 2403 1487 2461; x_wconf 87' lang='lat' dir='ltr'>ecclesia</span> <span class='ocrx_word' id='word_1_162' title='bbox 1516 2402 1671 2459; x_wconf 89' lang='lat' dir='ltr'>intra</span> <span class='ocrx_word' id='word_1_163' title='bbox 1700 2401 1896 2474; x_wconf 90' lang='lat' dir='ltr'>ipsum</span> <span class='ocrx_word' id='word_1_164' title='bbox 1926 2417 2026 2456; x_wconf 89' lang='lat' dir='ltr'>ca-</span> 
     </span>
    </p>
   </div>
   <div class='ocr_carea' id='block_1_22' title="bbox 373 2491 2026 2568">
    <p class='ocr_par' dir='ltr' id='par_1_22' title="bbox 373 2491 2026 2568">
     <span class='ocr_line' id='line_1_22' title="bbox 373 2491 2026 2568; baseline -0.005 -16"><span class='ocrx_word' id='word_1_165' title='bbox 373 2494 639 2568; x_wconf 85' lang='lat' dir='ltr'>stellum,</span> <span class='ocrx_word' id='word_1_166' title='bbox 669 2497 727 2550; x_wconf 90' lang='lat' dir='ltr'>et</span> <span class='ocrx_word' id='word_1_167' title='bbox 755 2494 816 2551; x_wconf 87' lang='lat' dir='ltr'>in</span> <span class='ocrx_word' id='word_1_168' title='bbox 846 2493 977 2550; x_wconf 92' lang='lat' dir='ltr'>aliis</span> <span class='ocrx_word' id='word_1_169' title='bbox 1007 2495 1307 2551; x_wconf 88' lang='lat' dir='ltr'>nonnullis</span> <span class='ocrx_word' id='word_1_170' title='bbox 1338 2511 1442 2566; x_wconf 89' lang='lat' dir='ltr'>per</span> <span class='ocrx_word' id='word_1_171' title='bbox 1463 2491 1770 2566; x_wconf 88' lang='lat' dir='ltr'>parochias</span> <span class='ocrx_word' id='word_1_172' title='bbox 1801 2493 2026 2546; x_wconf 90' lang='lat' dir='ltr'>vestras</span> 
     </span>
    </p>
   </div>
   <div class='ocr_carea' id='block_1_23' title="bbox 372 2577 2025 2658">
    <p class='ocr_par' dir='ltr' id='par_1_23' title="bbox 372 2577 2025 2658">
     <span class='ocr_line' id='line_1_23' title="bbox 372 2577 2025 2658; baseline -0.006 -17"><span class='ocrx_word' id='word_1_173' title='bbox 372 2583 650 2642; x_wconf 88' lang='lat' dir='ltr'>similiter</span> <span class='ocrx_word' id='word_1_174' title='bbox 669 2585 797 2658; x_wconf 91' lang='lat' dir='ltr'>jam</span> <span class='ocrx_word' id='word_1_175' title='bbox 828 2583 954 2640; x_wconf 83' lang='lat' dir='ltr'>ﬁeri</span> <span class='ocrx_word' id='word_1_176' title='bbox 985 2584 1231 2656; x_wconf 81' lang='lat' dir='ltr'>coepisse</span> <span class='ocrx_word' id='word_1_177' title='bbox 1269 2582 1672 2656; x_wconf 82' lang='lat' dir='ltr'>signiﬁcastis.</span> <span class='ocrx_word' id='word_1_178' title='bbox 1706 2579 1853 2636; x_wconf 88' lang='lat' dir='ltr'>Nam</span> <span class='ocrx_word' id='word_1_179' title='bbox 1881 2581 1936 2633; x_wconf 93' lang='lat' dir='ltr'>et</span> <span class='ocrx_word' id='word_1_180' title='bbox 1965 2577 2025 2632; x_wconf 89' lang='lat' dir='ltr'>in</span> 
     </span>
    </p>
   </div>
   <div class='ocr_carea' id='block_1_24' title="bbox 369 2669 2024 2750">
    <p class='ocr_par' dir='ltr' id='par_1_24' title="bbox 369 2669 2024 2750">
     <span class='ocr_line' id='line_1_24' title="bbox 369 2669 2024 2750; baseline -0.007 -18"><span class='ocrx_word' id='word_1_181' title='bbox 369 2673 891 2750; x_wconf 86' lang='lat' dir='ltr'>Augustodunensi</span> <span class='ocrx_word' id='word_1_182' title='bbox 922 2672 1214 2729; x_wconf 89' lang='lat' dir='ltr'>territorio</span> <span class='ocrx_word' id='word_1_183' title='bbox 1244 2671 1398 2744; x_wconf 89' lang='lat' dir='ltr'>quod</span> <span class='ocrx_word' id='word_1_184' title='bbox 1433 2669 1747 2726; x_wconf 90' lang='lat' dir='ltr'>Sedelocus</span> <span class='ocrx_word' id='word_1_185' title='bbox 1766 2670 2024 2736; x_wconf 89' lang='lat' dir='ltr'>vocatur,</span> 
     </span>
    </p>
   </div>
   <div class='ocr_carea' id='block_1_25' title="bbox 372 2755 2025 2838">
    <p class='ocr_par' dir='ltr' id='par_1_25' title="bbox 372 2755 2025 2838">
     <span class='ocr_line' id='line_1_25' title="bbox 372 2755 2025 2838; baseline -0.007 -16"><span class='ocrx_word' id='word_1_186' title='bbox 372 2765 532 2838; x_wconf 87' lang='lat' dir='ltr'>apud</span> <span class='ocrx_word' id='word_1_187' title='bbox 562 2762 869 2821; x_wconf 87' lang='lat' dir='ltr'>ecclesiam</span> <span class='ocrx_word' id='word_1_188' title='bbox 903 2763 965 2818; x_wconf 89' lang='lat' dir='ltr'>in</span> <span class='ocrx_word' id='word_1_189' title='bbox 985 2780 1102 2835; x_wconf 89' lang='lat' dir='ltr'>qua</span> <span class='ocrx_word' id='word_1_190' title='bbox 1131 2759 1320 2818; x_wconf 88' lang='lat' dir='ltr'>sancti</span> <span class='ocrx_word' id='word_1_191' title='bbox 1353 2762 1636 2832; x_wconf 81' lang='lat' dir='ltr'>martyres</span> <span class='ocrx_word' id='word_1_192' title='bbox 1664 2755 2025 2822; x_wconf 87' lang='lat' dir='ltr'>Andochius,</span> 
     </span>
    </p>
   </div>
   <div class='ocr_carea' id='block_1_26' title="bbox 371 2844 2030 2929">
    <p class='ocr_par' dir='ltr' id='par_1_26' title="bbox 371 2844 2030 2929">
     <span class='ocr_line' id='line_1_26' title="bbox 371 2844 2030 2929; baseline -0.007 -17"><span class='ocrx_word' id='word_1_193' title='bbox 371 2854 637 2929; x_wconf 83' lang='lat' dir='ltr'>Thyrsus</span> <span class='ocrx_word' id='word_1_194' title='bbox 666 2857 726 2910; x_wconf 88' lang='lat' dir='ltr'>et</span> <span class='ocrx_word' id='word_1_195' title='bbox 754 2852 934 2920; x_wconf 84' lang='lat' dir='ltr'>Felix,</span> <span class='ocrx_word' id='word_1_196' title='bbox 963 2849 1184 2908; x_wconf 89' lang='lat' dir='ltr'>conditi</span> <span class='ocrx_word' id='word_1_197' title='bbox 1212 2853 1376 2916; x_wconf 86' lang='lat' dir='ltr'>sunt,</span> <span class='ocrx_word' id='word_1_198' title='bbox 1411 2847 1629 2903; x_wconf 88' lang='lat' dir='ltr'>similia</span> <span class='ocrx_word' id='word_1_199' title='bbox 1657 2845 1782 2902; x_wconf 79' lang='lat' dir='ltr'>fieri</span> <span class='ocrx_word' id='word_1_200' title='bbox 1811 2844 1899 2900; x_wconf 90' lang='lat' dir='ltr'>vel</span> <span class='ocrx_word' id='word_1_201' title='bbox 1930 2861 2030 2916; x_wconf 92' lang='lat' dir='ltr'>po-</span> 
     </span>
    </p>
   </div>
   <div class='ocr_carea' id='block_1_27' title="bbox 283 2935 2028 3011">
    <p class='ocr_par' dir='ltr' id='par_1_27' title="bbox 283 2935 2028 3011">
     <span class='ocr_line' id='line_1_27' title="bbox 283 2935 2028 3011; baseline -0.007 -10"><span class='ocrx_word' id='word_1_202' title='bbox 283 2995 299 3008; x_wconf 83' lang='lat'>.</span> <span class='ocrx_word' id='word_1_203' title='bbox 371 2944 496 3002; x_wconf 87' lang='lat' dir='ltr'>tius</span> <span class='ocrx_word' id='word_1_204' title='bbox 523 2941 790 3000; x_wconf 89' lang='lat' dir='ltr'>simulari</span> <span class='ocrx_word' id='word_1_205' title='bbox 809 2946 966 2998; x_wconf 87' lang='lat' dir='ltr'>certa</span> <span class='ocrx_word' id='word_1_206' title='bbox 989 2939 1270 2998; x_wconf 89' lang='lat' dir='ltr'>relatione</span> <span class='ocrx_word' id='word_1_207' title='bbox 1291 2935 2028 3011; x_wconf 75' lang='lat' dir='ltr'>comperimusExspccta-</span> 
     </span>
    </p>
   </div>
   <div class='ocr_carea' id='block_1_28' title="bbox 369 3024 2025 3103">
    <p class='ocr_par' dir='ltr' id='par_1_28' title="bbox 369 3024 2025 3103">
     <span class='ocr_line' id='line_1_28' title="bbox 369 3024 2025 3103; baseline -0.008 -12"><span class='ocrx_word' id='word_1_208' title='bbox 369 3032 566 3091; x_wconf 85' lang='lat' dir='ltr'>vimus</span> <span class='ocrx_word' id='word_1_209' title='bbox 596 3035 793 3090; x_wconf 88' lang='lat' dir='ltr'>autem</span> <span class='ocrx_word' id='word_1_210' title='bbox 825 3029 1050 3103; x_wconf 88' lang='lat' dir='ltr'>aliquot</span> <span class='ocrx_word' id='word_1_211' title='bbox 1081 3028 1307 3096; x_wconf 88' lang='lat' dir='ltr'>diebus,</span> <span class='ocrx_word' id='word_1_212' title='bbox 1333 3030 1400 3082; x_wconf 89' lang='lat' dir='ltr'>ut</span> <span class='ocrx_word' id='word_1_213' title='bbox 1418 3025 1572 3083; x_wconf 91' lang='lat' dir='ltr'>sicut</span> <span class='ocrx_word' id='word_1_214' title='bbox 1591 3033 1694 3098; x_wconf 84' lang='lat' dir='ltr'>p&#39;er</span> <span class='ocrx_word' id='word_1_215' title='bbox 1718 3024 2025 3098; x_wconf 81' lang='lat' dir='ltr'>praefatum</span> 
     </span>
    </p>
   </div>
   <div class='ocr_carea' id='block_1_29' title="bbox 374 3111 2028 3198">
    <p class='ocr_par' dir='ltr' id='par_1_29' title="bbox 374 3111 2028 3198">
     <span class='ocr_line' id='line_1_29' title="bbox 374 3111 2028 3198; baseline -0.007 -18"><span class='ocrx_word' id='word_1_216' title='bbox 374 3123 861 3198; x_wconf 88' lang='lat' dir='ltr'>chorepiscopum</span> <span class='ocrx_word' id='word_1_217' title='bbox 899 3122 1160 3178; x_wconf 88' lang='lat' dir='ltr'>vestrum</span> <span class='ocrx_word' id='word_1_218' title='bbox 1210 3115 1566 3190; x_wconf 86' lang='lat' dir='ltr'>rogavimus,</span> <span class='ocrx_word' id='word_1_219' title='bbox 1599 3111 1940 3187; x_wconf 89' lang='lat' dir='ltr'>diligentius</span> <span class='ocrx_word' id='word_1_220' title='bbox 1969 3115 2028 3168; x_wconf 88' lang='lat' dir='ltr'>et</span> 
     </span>
    </p>
   </div>
   <div class='ocr_carea' id='block_1_30' title="bbox 374 3201 2025 3279">
    <p class='ocr_par' dir='ltr' id='par_1_30' title="bbox 374 3201 2025 3279">
     <span class='ocr_line' id='line_1_30' title="bbox 374 3201 2025 3279; baseline -0.007 -10"><span class='ocrx_word' id='word_1_221' title='bbox 374 3213 621 3269; x_wconf 87' lang='lat' dir='ltr'>modum</span> <span class='ocrx_word' id='word_1_222' title='bbox 653 3215 712 3269; x_wconf 89' lang='lat' dir='ltr'>et</span> <span class='ocrx_word' id='word_1_223' title='bbox 739 3209 1006 3266; x_wconf 85' lang='lat' dir='ltr'>ordinem</span> <span class='ocrx_word' id='word_1_224' title='bbox 1035 3207 1216 3279; x_wconf 85' lang='lat' dir='ltr'>hujus</span> <span class='ocrx_word' id='word_1_225' title='bbox 1248 3206 1330 3262; x_wconf 89' lang='lat' dir='ltr'>rei</span> <span class='ocrx_word' id='word_1_226' title='bbox 1359 3203 1570 3262; x_wconf 90' lang='lat' dir='ltr'>vestris</span> <span class='ocrx_word' id='word_1_227' title='bbox 1612 3203 1782 3260; x_wconf 90' lang='lat' dir='ltr'>nobis</span> <span class='ocrx_word' id='word_1_228' title='bbox 1813 3201 2025 3258; x_wconf 86' lang='lat' dir='ltr'>litteris</span> 
     </span>
    </p>
   </div>
   <div class='ocr_carea' id='block_1_31' title="bbox 373 3292 2026 3371">
    <p class='ocr_par' dir='ltr' id='par_1_31' title="bbox 373 3292 2026 3371">
     <span class='ocr_line' id='line_1_31' title="bbox 373 3292 2026 3371; baseline -0.007 -15"><span class='ocrx_word' id='word_1_229' title='bbox 373 3300 749 3369; x_wconf 87' lang='lat' dir='ltr'>intimaretis,</span> <span class='ocrx_word' id='word_1_230' title='bbox 765 3301 830 3356; x_wconf 91' lang='lat' dir='ltr'>ut</span> <span class='ocrx_word' id='word_1_231' title='bbox 847 3300 1066 3371; x_wconf 88' lang='lat' dir='ltr'>quanto</span> <span class='ocrx_word' id='word_1_232' title='bbox 1084 3295 1360 3353; x_wconf 88' lang='lat' dir='ltr'>subtilius</span> <span class='ocrx_word' id='word_1_233' title='bbox 1381 3300 1438 3351; x_wconf 91' lang='lat' dir='ltr'>et</span> <span class='ocrx_word' id='word_1_234' title='bbox 1461 3293 1788 3351; x_wconf 86' lang='lat' dir='ltr'>evidentius</span> <span class='ocrx_word' id='word_1_235' title='bbox 1812 3292 2026 3348; x_wconf 83' lang='lat' dir='ltr'>instru-</span> 
     </span>
    </p>
   </div>
   <div class='ocr_carea' id='block_1_32' title="bbox 375 3382 2023 3463">
    <p class='ocr_par' dir='ltr' id='par_1_32' title="bbox 375 3382 2023 3463">
     <span class='ocr_line' id='line_1_32' title="bbox 375 3382 2023 3463; baseline -0.007 -15"><span class='ocrx_word' id='word_1_236' title='bbox 375 3391 475 3463; x_wconf 89' lang='lat' dir='ltr'>oti,</span> <span class='ocrx_word' id='word_1_237' title='bbox 503 3393 689 3458; x_wconf 87' lang='lat' dir='ltr'>tanto,</span> <span class='ocrx_word' id='word_1_238' title='bbox 722 3387 1018 3462; x_wconf 88' lang='lat' dir='ltr'>aspirante</span> <span class='ocrx_word' id='word_1_239' title='bbox 1047 3385 1148 3442; x_wconf 89' lang='lat' dir='ltr'>Dei</span> <span class='ocrx_word' id='word_1_240' title='bbox 1175 3385 1386 3458; x_wconf 87' lang='lat' dir='ltr'>gratia,</span> <span class='ocrx_word' id='word_1_241' title='bbox 1425 3385 1496 3440; x_wconf 89' lang='lat' dir='ltr'>ad</span> <span class='ocrx_word' id='word_1_242' title='bbox 1547 3382 2023 3456; x_wconf 88' lang='lat' dir='ltr'>respondendum</span> 
     </span>
    </p>
   </div>
   <div class='ocr_carea' id='block_1_33' title="bbox 2147 799 3778 872">
    <p class='ocr_par' dir='ltr' id='par_1_33' title="bbox 2147 799 3778 872">
     <span class='ocr_line' id='line_1_33' title="bbox 2147 799 3778 872; baseline 0.01 -23"><span class='ocrx_word' id='word_1_243' title='bbox 2147 817 2178 847; x_wconf 77' lang='grc' dir='ltr'><strong>ι(</strong></span> <span class='ocrx_word' id='word_1_244' title='bbox 2208 799 2315 865; x_wconf 85' lang='lat' dir='ltr'>tes,</span> <span class='ocrx_word' id='word_1_245' title='bbox 2337 803 2394 854; x_wconf 90' lang='lat' dir='ltr'>et</span> <span class='ocrx_word' id='word_1_246' title='bbox 2411 799 2709 872; x_wconf 88' lang='lat' dir='ltr'>simplices</span> <span class='ocrx_word' id='word_1_247' title='bbox 2731 801 2885 858; x_wconf 87' lang='lat' dir='ltr'>sicut</span> <span class='ocrx_word' id='word_1_248' title='bbox 2903 803 3208 862; x_wconf 83' lang='lat' dir='ltr'>columbae.</span> <span class='ocrx_word' id='word_1_249' title='bbox 3235 829 3261 858; x_wconf 83' lang='lat'><strong>»</strong></span> <span class='ocrx_word' id='word_1_250' title='bbox 3290 807 3582 864; x_wconf 85' lang='lat' dir='ltr'>Habemus</span> <span class='ocrx_word' id='word_1_251' title='bbox 3605 807 3667 863; x_wconf 89' lang='lat' dir='ltr'>in</span> <span class='ocrx_word' id='word_1_252' title='bbox 3688 809 3778 865; x_wconf 85' lang='lat' dir='ltr'>hac</span> 
     </span>
    </p>
   </div>
   <div class='ocr_carea' id='block_1_34' title="bbox 2145 892 3781 970">
    <p class='ocr_par' dir='ltr' id='par_1_34' title="bbox 2145 892 3781 970">
     <span class='ocr_line' id='line_1_34' title="bbox 2145 892 3781 970; baseline 0.009 -31"><span class='ocrx_word' id='word_1_253' title='bbox 2145 901 2206 940; x_wconf 90' lang='lat' dir='ltr'>re</span> <span class='ocrx_word' id='word_1_254' title='bbox 2234 901 2407 959; x_wconf 87' lang='lat' dir='ltr'>magn</span> <span class='ocrx_word' id='word_1_255' title='bbox 2418 905 2514 942; x_wconf 92' lang='lat' dir='ltr'>um</span> <span class='ocrx_word' id='word_1_256' title='bbox 2537 893 2596 944; x_wconf 89' lang='lat' dir='ltr'>et</span> <span class='ocrx_word' id='word_1_257' title='bbox 2616 892 2996 948; x_wconf 90' lang='lat' dir='ltr'>reverendum</span> <span class='ocrx_word' id='word_1_258' title='bbox 3019 893 3252 966; x_wconf 88' lang='lat' dir='ltr'>pietatis</span> <span class='ocrx_word' id='word_1_259' title='bbox 3273 895 3603 969; x_wconf 88' lang='lat' dir='ltr'>exemplum</span> <span class='ocrx_word' id='word_1_260' title='bbox 3627 897 3686 952; x_wconf 91' lang='lat' dir='ltr'>in</span> <span class='ocrx_word' id='word_1_261' title='bbox 3705 914 3781 970; x_wconf 87' lang='lat' dir='ltr'>ge-</span> 
     </span>
    </p>
   </div>
   <div class='ocr_carea' id='block_1_35' title="bbox 2145 973 3778 1054">
    <p class='ocr_par' dir='ltr' id='par_1_35' title="bbox 2145 973 3778 1054">
     <span class='ocr_line' id='line_1_35' title="bbox 2145 973 3778 1054; baseline 0.008 -25"><span class='ocrx_word' id='word_1_262' title='bbox 2145 973 2252 1029; x_wconf 82' lang='lat' dir='ltr'>stis</span> <span class='ocrx_word' id='word_1_263' title='bbox 2271 974 2421 1030; x_wconf 87' lang='lat' dir='ltr'>beati</span> <span class='ocrx_word' id='word_1_264' title='bbox 2441 976 3157 1054; x_wconf 86' lang='lat' dir='ltr'>Martini,utnequaquam</span> <span class='ocrx_word' id='word_1_265' title='bbox 3181 989 3398 1040; x_wconf 88' lang='lat' dir='ltr'>temere</span> <span class='ocrx_word' id='word_1_266' title='bbox 3409 985 3778 1042; x_wconf 82' lang='lat' dir='ltr'>adhibeamus</span> 
     </span>
    </p>
   </div>
   <div class='ocr_carea' id='block_1_36' title="bbox 2145 1061 3778 1145">
    <p class='ocr_par' dir='ltr' id='par_1_36' title="bbox 2145 1061 3778 1145">
     <span class='ocr_line' id='line_1_36' title="bbox 2145 1061 3778 1145; baseline 0.01 -31"><span class='ocrx_word' id='word_1_267' title='bbox 2145 1061 2384 1118; x_wconf 86' lang='lat' dir='ltr'>incertis</span> <span class='ocrx_word' id='word_1_268' title='bbox 2416 1065 2738 1134; x_wconf 68' lang='grc' dir='ltr'>[ἰάθη]ρυί</span> <span class='ocrx_word' id='word_1_269' title='bbox 2769 1069 2956 1126; x_wconf 83' lang='lat' dir='ltr'>beatis</span> <span class='ocrx_word' id='word_1_270' title='bbox 2989 1076 3045 1127; x_wconf 89' lang='lat' dir='ltr'>et</span> <span class='ocrx_word' id='word_1_271' title='bbox 3073 1071 3620 1145; x_wconf 64' lang='lat' dir='ltr'>gloriosusaChristi</span> <span class='ocrx_word' id='word_1_272' title='bbox 3653 1092 3778 1131; x_wconf 62' lang='lat' dir='ltr'>cono</span> 
     </span>
    </p>
   </div>
   <div class='ocr_carea' id='block_1_37' title="bbox 2146 1151 3776 1236">
    <p class='ocr_par' dir='ltr' id='par_1_37' title="bbox 2146 1151 3776 1236">
     <span class='ocr_line' id='line_1_37' title="bbox 2146 1151 3776 1236; baseline 0.009 -32"><span class='ocrx_word' id='word_1_273' title='bbox 2146 1151 2331 1205; x_wconf 76' lang='lat' dir='ltr'>iessor</span> <span class='ocrx_word' id='word_1_274' title='bbox 2357 1157 2414 1207; x_wconf 88' lang='lat' dir='ltr'>et</span> <span class='ocrx_word' id='word_1_275' title='bbox 2444 1155 2702 1224; x_wconf 79' lang='lat' dir='ltr'>pontifex</span> <span class='ocrx_word' id='word_1_276' title='bbox 2729 1159 2925 1214; x_wconf 86' lang='lat' dir='ltr'>locum</span> <span class='ocrx_word' id='word_1_277' title='bbox 2951 1162 3264 1232; x_wconf 83' lang='lat' dir='ltr'>quemdam</span> <span class='ocrx_word' id='word_1_278' title='bbox 3287 1180 3320 1217; x_wconf 88' lang='lat' dir='ltr'>a</span> <span class='ocrx_word' id='word_1_279' title='bbox 3341 1164 3776 1236; x_wconf 69' lang='lat' dir='ltr'>prmeessoribus</span> 
     </span>
    </p>
   </div>
   <div class='ocr_carea' id='block_1_38' title="bbox 2144 1241 3780 1310">
    <p class='ocr_par' dir='ltr' id='par_1_38' title="bbox 2144 1241 3780 1310">
     <span class='ocr_line' id='line_1_38' title="bbox 2144 1241 3780 1310; baseline 0.01 -18"><span class='ocrx_word' id='word_1_280' title='bbox 2144 1241 2268 1295; x_wconf 83' lang='lat' dir='ltr'>suis</span> <span class='ocrx_word' id='word_1_281' title='bbox 2302 1243 2410 1297; x_wconf 90' lang='lat' dir='ltr'>sub</span> <span class='ocrx_word' id='word_1_282' title='bbox 2439 1244 2641 1301; x_wconf 86' lang='lat' dir='ltr'>altaris</span> <span class='ocrx_word' id='word_1_283' title='bbox 2673 1247 2840 1302; x_wconf 88' lang='lat' dir='ltr'>titulo</span> <span class='ocrx_word' id='word_1_284' title='bbox 2871 1255 3275 1307; x_wconf 87' lang='lat' dir='ltr'>consecratum</span> <span class='ocrx_word' id='word_1_285' title='bbox 3307 1258 3363 1308; x_wconf 90' lang='lat' dir='ltr'>et</span> <span class='ocrx_word' id='word_1_286' title='bbox 3394 1253 3780 1310; x_wconf 87' lang='lat' dir='ltr'>concurrentis</span> 
     </span>
    </p>
   </div>
   <div class='ocr_carea' id='block_1_39' title="bbox 2144 1329 3780 1416">
    <p class='ocr_par' dir='ltr' id='par_1_39' title="bbox 2144 1329 3780 1416">
     <span class='ocr_line' id='line_1_39' title="bbox 2144 1329 3780 1416; baseline 0.01 -35"><span class='ocrx_word' id='word_1_287' title='bbox 2144 1329 2344 1400; x_wconf 83' lang='lat' dir='ltr'>populi</span> <span class='ocrx_word' id='word_1_288' title='bbox 2358 1332 2685 1404; x_wconf 82' lang='lat' dir='ltr'>frequentia</span> <span class='ocrx_word' id='word_1_289' title='bbox 2698 1337 3052 1394; x_wconf 87' lang='lat' dir='ltr'>celebratum</span> <span class='ocrx_word' id='word_1_290' title='bbox 3065 1343 3223 1413; x_wconf 88' lang='lat' dir='ltr'>,quia</span> <span class='ocrx_word' id='word_1_291' title='bbox 3237 1360 3342 1399; x_wconf 92' lang='lat' dir='ltr'>nec</span> <span class='ocrx_word' id='word_1_292' title='bbox 3353 1361 3562 1400; x_wconf 90' lang='lat' dir='ltr'>nomen</span> <span class='ocrx_word' id='word_1_293' title='bbox 3579 1343 3780 1416; x_wconf 89' lang='lat' dir='ltr'>sepulti</span> 
     </span>
    </p>
   </div>
   <div class='ocr_carea' id='block_1_40' title="bbox 2143 1417 3780 1505">
    <p class='ocr_par' dir='ltr' id='par_1_40' title="bbox 2143 1417 3780 1505">
     <span class='ocr_line' id='line_1_40' title="bbox 2143 1417 3780 1505; baseline 0.011 -35"><span class='ocrx_word' id='word_1_294' title='bbox 2143 1417 2282 1489; x_wconf 88' lang='lat' dir='ltr'>illic,</span> <span class='ocrx_word' id='word_1_295' title='bbox 2319 1425 2384 1474; x_wconf 92' lang='lat' dir='ltr'>ut</span> <span class='ocrx_word' id='word_1_296' title='bbox 2415 1422 2726 1492; x_wconf 84' lang='lat' dir='ltr'>ferebatur,</span> <span class='ocrx_word' id='word_1_297' title='bbox 2762 1428 3054 1500; x_wconf 75' lang='lat' dir='ltr'>martyris,</span> <span class='ocrx_word' id='word_1_298' title='bbox 3083 1447 3186 1485; x_wconf 89' lang='lat' dir='ltr'>nec</span> <span class='ocrx_word' id='word_1_299' title='bbox 3215 1437 3478 1504; x_wconf 86' lang='lat' dir='ltr'>tempora</span> <span class='ocrx_word' id='word_1_300' title='bbox 3498 1434 3780 1505; x_wconf 86' lang='lat' dir='ltr'>passionis</span> 
     </span>
    </p>
   </div>
   <div class='ocr_carea' id='block_1_41' title="bbox 2141 1507 3781 1589">
    <p class='ocr_par' dir='ltr' id='par_1_41' title="bbox 2141 1507 3781 1589">
     <span class='ocr_line' id='line_1_41' title="bbox 2141 1507 3781 1589; baseline 0.01 -29"><span class='ocrx_word' id='word_1_301' title='bbox 2141 1507 2270 1576; x_wconf 91' lang='lat' dir='ltr'>ejus</span> <span class='ocrx_word' id='word_1_302' title='bbox 2303 1509 2535 1580; x_wconf 88' lang='lat' dir='ltr'>reperit,</span> <span class='ocrx_word' id='word_1_303' title='bbox 2569 1513 2808 1570; x_wconf 89' lang='lat' dir='ltr'>omnino</span> <span class='ocrx_word' id='word_1_304' title='bbox 2841 1533 2902 1570; x_wconf 90' lang='lat' dir='ltr'>se</span> <span class='ocrx_word' id='word_1_305' title='bbox 2934 1518 3006 1572; x_wconf 91' lang='lat' dir='ltr'>ab</span> <span class='ocrx_word' id='word_1_306' title='bbox 3037 1517 3135 1574; x_wconf 94' lang='lat' dir='ltr'>illo</span> <span class='ocrx_word' id='word_1_307' title='bbox 3183 1518 3308 1576; x_wconf 92' lang='lat' dir='ltr'>loco</span> <span class='ocrx_word' id='word_1_308' title='bbox 3347 1522 3656 1589; x_wconf 87' lang='lat' dir='ltr'>abstinuit,</span> <span class='ocrx_word' id='word_1_309' title='bbox 3687 1540 3781 1577; x_wconf 92' lang='lat' dir='ltr'>nec</span> 
     </span>
    </p>
   </div>
   <div class='ocr_carea' id='block_1_42' title="bbox 2142 1597 3782 1678">
    <p class='ocr_par' dir='ltr' id='par_1_42' title="bbox 2142 1597 3782 1678">
     <span class='ocr_line' id='line_1_42' title="bbox 2142 1597 3782 1678; baseline 0.01 -29"><span class='ocrx_word' id='word_1_310' title='bbox 2142 1597 2548 1654; x_wconf 88' lang='lat' dir='ltr'>auctoritatem</span> <span class='ocrx_word' id='word_1_311' title='bbox 2580 1618 2748 1658; x_wconf 87' lang='lat' dir='ltr'>suam</span> <span class='ocrx_word' id='word_1_312' title='bbox 2779 1604 2936 1678; x_wconf 82' lang='lat' dir='ltr'>vulgi</span> <span class='ocrx_word' id='word_1_313' title='bbox 2965 1607 3222 1678; x_wconf 90' lang='lat' dir='ltr'>opinioni</span> <span class='ocrx_word' id='word_1_314' title='bbox 3246 1613 3692 1668; x_wconf 89' lang='lat' dir='ltr'>accommodare</span> <span class='ocrx_word' id='word_1_315' title='bbox 3711 1612 3782 1667; x_wconf 89' lang='lat' dir='ltr'>ul-</span> 
     </span>
    </p>
   </div>
   <div class='ocr_carea' id='block_1_43' title="bbox 2140 1681 3784 1772">
    <p class='ocr_par' dir='ltr' id='par_1_43' title="bbox 2140 1681 3784 1772">
     <span class='ocr_line' id='line_1_43' title="bbox 2140 1681 3784 1772; baseline 0.013 -36"><span class='ocrx_word' id='word_1_316' title='bbox 2140 1681 2372 1772; x_wconf 87' lang='lat' dir='ltr'>latenus</span> <span class='ocrx_word' id='word_1_317' title='bbox 2402 1686 2605 1754; x_wconf 89' lang='lat' dir='ltr'>voluit,</span> <span class='ocrx_word' id='word_1_318' title='bbox 2638 1690 2841 1758; x_wconf 90' lang='lat' dir='ltr'>donec,</span> <span class='ocrx_word' id='word_1_319' title='bbox 2877 1693 2956 1748; x_wconf 88' lang='lat' dir='ltr'>rei</span> <span class='ocrx_word' id='word_1_320' title='bbox 2987 1694 3225 1750; x_wconf 86' lang='lat' dir='ltr'>veritate</span> <span class='ocrx_word' id='word_1_321' title='bbox 3254 1697 3538 1756; x_wconf 88' lang='lat' dir='ltr'>divinitus</span> <span class='ocrx_word' id='word_1_322' title='bbox 3559 1699 3676 1756; x_wconf 91' lang='lat' dir='ltr'>sibi</span> <span class='ocrx_word' id='word_1_323' title='bbox 3698 1717 3784 1772; x_wconf 87' lang='lat' dir='ltr'>pa-</span> 
     </span>
    </p>
   </div>
   <div class='ocr_carea' id='block_1_44' title="bbox 2140 1771 3783 1854">
    <p class='ocr_par' dir='ltr' id='par_1_44' title="bbox 2140 1771 3783 1854">
     <span class='ocr_line' id='line_1_44' title="bbox 2140 1771 3783 1854; baseline 0.013 -29"><span class='ocrx_word' id='word_1_324' title='bbox 2140 1771 2373 1844; x_wconf 83' lang='lat' dir='ltr'>tefacta,</span> <span class='ocrx_word' id='word_1_325' title='bbox 2405 1775 2580 1831; x_wconf 89' lang='lat' dir='ltr'>etiam</span> <span class='ocrx_word' id='word_1_326' title='bbox 2615 1779 2896 1851; x_wconf 89' lang='lat' dir='ltr'>populum</span> <span class='ocrx_word' id='word_1_327' title='bbox 2927 1785 3364 1854; x_wconf 86' lang='lat' dir='ltr'>superstitionis</span> <span class='ocrx_word' id='word_1_328' title='bbox 3402 1787 3565 1845; x_wconf 90' lang='lat' dir='ltr'>illius</span> <span class='ocrx_word' id='word_1_329' title='bbox 3595 1771 3783 1847; x_wconf 79' lang='lat' dir='ltr'>absol-</span> 
     </span>
    </p>
   </div>
   <div class='ocr_carea' id='block_1_45' title="bbox 2136 1859 2459 1919">
    <p class='ocr_par' dir='ltr' id='par_1_45' title="bbox 2136 1859 2459 1919">
     <span class='ocr_line' id='line_1_45' title="bbox 2136 1859 2459 1919; baseline 0.009 -5"><span class='ocrx_word' id='word_1_330' title='bbox 2136 1859 2218 1914; x_wconf 91' lang='lat' dir='ltr'>vit</span> <span class='ocrx_word' id='word_1_331' title='bbox 2249 1877 2459 1919; x_wconf 91' lang='lat' dir='ltr'>errore.</span> 
     </span>
    </p>
   </div>
   <div class='ocr_carea' id='block_1_46' title="bbox 2211 1950 3783 2038">
    <p class='ocr_par' dir='ltr' id='par_1_46' title="bbox 2211 1950 3783 2038">
     <span class='ocr_line' id='line_1_46' title="bbox 2211 1950 3783 2038; baseline 0.011 -34"><span class='ocrx_word' id='word_1_332' title='bbox 2211 1950 2302 2005; x_wconf 90' lang='lat' dir='ltr'>1V.</span> <span class='ocrx_word' id='word_1_333' title='bbox 2330 1951 2660 2012; x_wconf 88' lang='lat' dir='ltr'>Invenimus</span> <span class='ocrx_word' id='word_1_334' title='bbox 2689 1959 2864 2014; x_wconf 90' lang='lat' dir='ltr'>etiam</span> <span class='ocrx_word' id='word_1_335' title='bbox 2897 1960 2955 2014; x_wconf 92' lang='lat' dir='ltr'>in</span> <span class='ocrx_word' id='word_1_336' title='bbox 2987 1962 3234 2018; x_wconf 87' lang='lat' dir='ltr'>decretis</span> <span class='ocrx_word' id='word_1_337' title='bbox 3252 1963 3404 2020; x_wconf 90' lang='lat' dir='ltr'>beati</span> <span class='ocrx_word' id='word_1_338' title='bbox 3434 1983 3600 2038; x_wconf 85' lang='lat' dir='ltr'>papa:</span> <span class='ocrx_word' id='word_1_339' title='bbox 3623 1967 3783 2024; x_wconf 86' lang='lat' dir='ltr'>Gela-</span> 
     </span>
    </p>
   </div>
   <div class='ocr_carea' id='block_1_47' title="bbox 2137 2038 3787 2122">
    <p class='ocr_par' dir='ltr' id='par_1_47' title="bbox 2137 2038 3787 2122">
     <span class='ocr_line' id='line_1_47' title="bbox 2137 2038 3787 2122; baseline 0.013 -30"><span class='ocrx_word' id='word_1_340' title='bbox 2137 2038 2206 2093; x_wconf 91' lang='lat' dir='ltr'>sii</span> <span class='ocrx_word' id='word_1_341' title='bbox 2233 2041 2257 2078; x_wconf 70' lang='grc' dir='ltr'>δ</span> <span class='ocrx_word' id='word_1_342' title='bbox 2277 2043 2528 2112; x_wconf 75' lang='lat' dir='ltr'>graviter</span> <span class='ocrx_word' id='word_1_343' title='bbox 2547 2047 2736 2101; x_wconf 89' lang='lat' dir='ltr'>notari</span> <span class='ocrx_word' id='word_1_344' title='bbox 2761 2048 3064 2120; x_wconf 88' lang='lat' dir='ltr'>episcopos</span> <span class='ocrx_word' id='word_1_345' title='bbox 3086 2053 3144 2105; x_wconf 85' lang='lat' dir='ltr'>et</span> <span class='ocrx_word' id='word_1_346' title='bbox 3161 2067 3306 2122; x_wconf 89' lang='lat' dir='ltr'>pene</span> <span class='ocrx_word' id='word_1_347' title='bbox 3327 2051 3554 2110; x_wconf 90' lang='lat' dir='ltr'>alienos</span> <span class='ocrx_word' id='word_1_348' title='bbox 3581 2071 3618 2111; x_wconf 90' lang='lat' dir='ltr'>a</span> <span class='ocrx_word' id='word_1_349' title='bbox 3635 2055 3787 2112; x_wconf 86' lang='lat' dir='ltr'>Chri-</span> 
     </span>
    </p>
   </div>
   <div class='ocr_carea' id='block_1_48' title="bbox 2139 2128 3784 2214">
    <p class='ocr_par' dir='ltr' id='par_1_48' title="bbox 2139 2128 3784 2214">
     <span class='ocr_line' id='line_1_48' title="bbox 2139 2128 3784 2214; baseline 0.012 -32"><span class='ocrx_word' id='word_1_350' title='bbox 2139 2128 2674 2188; x_wconf 83' lang='lat' dir='ltr'>stianitatisati&#39;ectu</span> <span class='ocrx_word' id='word_1_351' title='bbox 2691 2135 3008 2208; x_wconf 88' lang='lat' dir='ltr'>designari,</span> <span class='ocrx_word' id='word_1_352' title='bbox 3023 2139 3123 2209; x_wconf 89' lang='lat' dir='ltr'>qui</span> <span class='ocrx_word' id='word_1_353' title='bbox 3147 2140 3204 2194; x_wconf 91' lang='lat' dir='ltr'>in</span> <span class='ocrx_word' id='word_1_354' title='bbox 3227 2157 3580 2214; x_wconf 88' lang='lat' dir='ltr'>quocunque</span> <span class='ocrx_word' id='word_1_355' title='bbox 3601 2147 3784 2201; x_wconf 87' lang='lat' dir='ltr'>nomi-</span> 
     </span>
    </p>
   </div>
   <div class='ocr_carea' id='block_1_49' title="bbox 2140 2219 3782 2302">
    <p class='ocr_par' dir='ltr' id='par_1_49' title="bbox 2140 2219 3782 2302">
     <span class='ocr_line' id='line_1_49' title="bbox 2140 2219 3782 2302; baseline 0.012 -30"><span class='ocrx_word' id='word_1_356' title='bbox 2140 2233 2210 2273; x_wconf 89' lang='lat' dir='ltr'>ne</span> <span class='ocrx_word' id='word_1_357' title='bbox 2242 2219 2672 2291; x_wconf 87' lang='lat' dir='ltr'>defunctorum,</span> <span class='ocrx_word' id='word_1_358' title='bbox 2708 2229 2763 2279; x_wconf 90' lang='lat' dir='ltr'>et</span> <span class='ocrx_word' id='word_1_359' title='bbox 2795 2225 3063 2283; x_wconf 85' lang='lat' dir='ltr'>fortassis</span> <span class='ocrx_word' id='word_1_360' title='bbox 3093 2244 3199 2283; x_wconf 90' lang='lat' dir='ltr'>nec</span> <span class='ocrx_word' id='word_1_361' title='bbox 3230 2230 3468 2286; x_wconf 90' lang='lat' dir='ltr'>omnino</span> <span class='ocrx_word' id='word_1_362' title='bbox 3500 2233 3782 2302; x_wconf 84' lang='lat' dir='ltr'>ﬁdelium,</span> 
     </span>
    </p>
   </div>
   <div class='ocr_carea' id='block_1_50' title="bbox 2139 2307 3782 2386">
    <p class='ocr_par' dir='ltr' id='par_1_50' title="bbox 2139 2307 3782 2386">
     <span class='ocr_line' id='line_1_50' title="bbox 2139 2307 3782 2386; baseline 0.012 -25"><span class='ocrx_word' id='word_1_363' title='bbox 2139 2307 2453 2364; x_wconf 66' lang='lat' dir='ltr'>aedificatae</span> <span class='ocrx_word' id='word_1_364' title='bbox 2483 2312 2667 2368; x_wconf 88' lang='lat' dir='ltr'>sacris</span> <span class='ocrx_word' id='word_1_365' title='bbox 2689 2315 3164 2384; x_wconf 87' lang='lat' dir='ltr'>processionibus</span> <span class='ocrx_word' id='word_1_366' title='bbox 3185 2319 3462 2386; x_wconf 83' lang='lat' dir='ltr'>audacter</span> <span class='ocrx_word' id='word_1_367' title='bbox 3481 2321 3782 2380; x_wconf 86' lang='lat' dir='ltr'>instituere</span> 
     </span>
    </p>
   </div>
   <div class='ocr_carea' id='block_1_51' title="bbox 2136 2401 3786 2476">
    <p class='ocr_par' dir='ltr' id='par_1_51' title="bbox 2136 2401 3786 2476">
     <span class='ocr_line' id='line_1_51' title="bbox 2136 2401 3786 2476; baseline 0.012 -28"><span class='ocrx_word' id='word_1_368' title='bbox 2136 2403 2502 2466; x_wconf 66' lang='lat' dir='ltr'>praesumunt</span> <span class='ocrx_word' id='word_1_369' title='bbox 2531 2401 2946 2457; x_wconf 84' lang='lat' dir='ltr'>eeelesias.Sed</span> <span class='ocrx_word' id='word_1_370' title='bbox 2979 2409 3036 2458; x_wconf 90' lang='lat' dir='ltr'>et</span> <span class='ocrx_word' id='word_1_371' title='bbox 3065 2409 3456 2476; x_wconf 88' lang='lat' dir='ltr'>quorumdam</span> <span class='ocrx_word' id='word_1_372' title='bbox 3489 2413 3786 2469; x_wconf 83' lang='lat' dir='ltr'>venerabi-</span> 
     </span>
    </p>
   </div>
   <div class='ocr_carea' id='block_1_52' title="bbox 2137 2483 3783 2569">
    <p class='ocr_par' dir='ltr' id='par_1_52' title="bbox 2137 2483 3783 2569">
     <span class='ocr_line' id='line_1_52' title="bbox 2137 2483 3783 2569; baseline 0.012 -32"><span class='ocrx_word' id='word_1_373' title='bbox 2137 2483 2283 2539; x_wconf 89' lang='lat' dir='ltr'>lium</span> <span class='ocrx_word' id='word_1_374' title='bbox 2312 2485 2478 2542; x_wconf 89' lang='lat' dir='ltr'>valde</span> <span class='ocrx_word' id='word_1_375' title='bbox 2510 2495 2847 2546; x_wconf 88' lang='lat' dir='ltr'>sanctorum</span> <span class='ocrx_word' id='word_1_376' title='bbox 2889 2509 3132 2564; x_wconf 89' lang='lat' dir='ltr'>corpora</span> <span class='ocrx_word' id='word_1_377' title='bbox 3179 2498 3468 2569; x_wconf 81' lang='lat' dir='ltr'>novimus,</span> <span class='ocrx_word' id='word_1_378' title='bbox 3499 2501 3584 2556; x_wconf 87' lang='lat' dir='ltr'>vel</span> <span class='ocrx_word' id='word_1_379' title='bbox 3639 2503 3783 2558; x_wconf 85' lang='lat' dir='ltr'>inter</span> 
     </span>
    </p>
   </div>
   <div class='ocr_carea' id='block_1_53' title="bbox 2137 2577 3782 2656">
    <p class='ocr_par' dir='ltr' id='par_1_53' title="bbox 2137 2577 3782 2656">
     <span class='ocr_line' id='line_1_53' title="bbox 2137 2577 3782 2656; baseline 0.012 -29"><span class='ocrx_word' id='word_1_380' title='bbox 2137 2589 2411 2644; x_wconf 81' lang='lat' dir='ltr'>agrorum</span> <span class='ocrx_word' id='word_1_381' title='bbox 2453 2577 2902 2648; x_wconf 87' lang='lat' dir='ltr'>sepulturas,vel</span> <span class='ocrx_word' id='word_1_382' title='bbox 2936 2581 2994 2636; x_wconf 92' lang='lat' dir='ltr'>in</span> <span class='ocrx_word' id='word_1_383' title='bbox 3045 2585 3262 2656; x_wconf 89' lang='lat' dir='ltr'>angulo</span> <span class='ocrx_word' id='word_1_384' title='bbox 3311 2587 3564 2645; x_wconf 82' lang='lat' dir='ltr'>ecclesia:</span> <span class='ocrx_word' id='word_1_385' title='bbox 3615 2592 3782 2646; x_wconf 89' lang='lat' dir='ltr'>annis</span> 
     </span>
    </p>
   </div>
   <div class='ocr_carea' id='block_1_54' title="bbox 2138 2661 3781 2746">
    <p class='ocr_par' dir='ltr' id='par_1_54' title="bbox 2138 2661 3781 2746">
     <span class='ocr_line' id='line_1_54' title="bbox 2138 2661 3781 2746; baseline 0.013 -31"><span class='ocrx_word' id='word_1_386' title='bbox 2138 2661 2410 2732; x_wconf 89' lang='lat' dir='ltr'>plurimis</span> <span class='ocrx_word' id='word_1_387' title='bbox 2434 2665 2716 2737; x_wconf 87' lang='lat' dir='ltr'>jacuisse,</span> <span class='ocrx_word' id='word_1_388' title='bbox 2753 2669 2936 2724; x_wconf 90' lang='lat' dir='ltr'>donec</span> <span class='ocrx_word' id='word_1_389' title='bbox 2979 2689 3042 2728; x_wconf 90' lang='lat' dir='ltr'>se</span> <span class='ocrx_word' id='word_1_390' title='bbox 3087 2673 3284 2746; x_wconf 85' lang='lat' dir='ltr'>dignis</span> <span class='ocrx_word' id='word_1_391' title='bbox 3333 2678 3781 2736; x_wconf 84' lang='lat' dir='ltr'>revelationibus</span> 
     </span>
    </p>
   </div>
   <div class='ocr_carea' id='block_1_55' title="bbox 2136 2751 3780 2842">
    <p class='ocr_par' dir='ltr' id='par_1_55' title="bbox 2136 2751 3780 2842">
     <span class='ocr_line' id='line_1_55' title="bbox 2136 2751 3780 2842; baseline 0.013 -38"><span class='ocrx_word' id='word_1_392' title='bbox 2136 2751 2978 2842; x_wconf 82' lang='lat' dir='ltr'>manifestarent.Quapropter</span> <span class='ocrx_word' id='word_1_393' title='bbox 2999 2761 3172 2832; x_wconf 79' lang='lat' dir='ltr'>juxta</span> <span class='ocrx_word' id='word_1_394' title='bbox 3201 2765 3577 2836; x_wconf 89' lang='lat' dir='ltr'>apostolicam</span> <span class='ocrx_word' id='word_1_395' title='bbox 3613 2773 3780 2842; x_wconf 89' lang='lat' dir='ltr'>atque</span> 
     </span>
    </p>
   </div>
   <div class='ocr_carea' id='block_1_56' title="bbox 2135 2841 3781 2914">
    <p class='ocr_par' dir='ltr' id='par_1_56' title="bbox 2135 2841 3781 2914">
     <span class='ocr_line' id='line_1_56' title="bbox 2135 2841 3781 2914; baseline 0.011 -20"><span class='ocrx_word' id='word_1_396' title='bbox 2135 2841 2530 2914; x_wconf 81' lang='lat' dir='ltr'>evangelicum</span> <span class='ocrx_word' id='word_1_397' title='bbox 2557 2847 2962 2905; x_wconf 88' lang='lat' dir='ltr'>auctoritatem</span> <span class='ocrx_word' id='word_1_398' title='bbox 2994 2855 3050 2906; x_wconf 85' lang='lat' dir='ltr'>et</span> <span class='ocrx_word' id='word_1_399' title='bbox 3079 2854 3430 2910; x_wconf 85' lang='lat' dir='ltr'>venerabilia</span> <span class='ocrx_word' id='word_1_400' title='bbox 3449 2841 3781 2914; x_wconf 86' lang='lat' dir='ltr'>sanctorum</span> 
     </span>
    </p>
   </div>
   <div class='ocr_carea' id='block_1_57' title="bbox 2138 2928 3782 3010">
    <p class='ocr_par' dir='ltr' id='par_1_57' title="bbox 2138 2928 3782 3010">
     <span class='ocr_line' id='line_1_57' title="bbox 2138 2928 3782 3010; baseline 0.013 -27"><span class='ocrx_word' id='word_1_401' title='bbox 2138 2928 2375 2986; x_wconf 86' lang='lat' dir='ltr'>Patrum</span> <span class='ocrx_word' id='word_1_402' title='bbox 2398 2934 2663 3006; x_wconf 82' lang='lat' dir='ltr'>exempla</span> <span class='ocrx_word' id='word_1_403' title='bbox 2682 2941 2856 3008; x_wconf 89' lang='lat' dir='ltr'>atque</span> <span class='ocrx_word' id='word_1_404' title='bbox 2877 2938 3168 3010; x_wconf 88' lang='lat' dir='ltr'>instituta,</span> <span class='ocrx_word' id='word_1_405' title='bbox 3185 2950 3549 3002; x_wconf 86' lang='lat' dir='ltr'>removeatur</span> <span class='ocrx_word' id='word_1_406' title='bbox 3569 2947 3644 3004; x_wconf 92' lang='lat' dir='ltr'>de</span> <span class='ocrx_word' id='word_1_407' title='bbox 3667 2964 3782 3004; x_wconf 79' lang='lat' dir='ltr'>me-</span> 
     </span>
    </p>
   </div>
   <div class='ocr_carea' id='block_1_58' title="bbox 2136 3017 3782 3109">
    <p class='ocr_par' dir='ltr' id='par_1_58' title="bbox 2136 3017 3782 3109">
     <span class='ocr_line' id='line_1_58' title="bbox 2136 3017 3782 3109; baseline 0.012 -36"><span class='ocrx_word' id='word_1_408' title='bbox 2136 3017 2230 3109; x_wconf 84' lang='lat' dir='ltr'>dio</span> <span class='ocrx_word' id='word_1_409' title='bbox 2248 3023 2304 3075; x_wconf 91' lang='lat' dir='ltr'>et</span> <span class='ocrx_word' id='word_1_410' title='bbox 2325 3023 2669 3094; x_wconf 87' lang='lat' dir='ltr'>congruenti</span> <span class='ocrx_word' id='word_1_411' title='bbox 2701 3027 2872 3081; x_wconf 91' lang='lat' dir='ltr'>modo</span> <span class='ocrx_word' id='word_1_412' title='bbox 2905 3027 3192 3086; x_wconf 87' lang='lat' dir='ltr'>habeatur</span> <span class='ocrx_word' id='word_1_413' title='bbox 3223 3034 3374 3090; x_wconf 90' lang='lat' dir='ltr'>unde</span> <span class='ocrx_word' id='word_1_414' title='bbox 3400 3038 3565 3090; x_wconf 89' lang='lat' dir='ltr'>tanta</span> <span class='ocrx_word' id='word_1_415' title='bbox 3590 3037 3782 3109; x_wconf 88' lang='lat' dir='ltr'>pullu-</span> 
     </span>
    </p>
   </div>
   <div class='ocr_carea' id='block_1_59' title="bbox 2135 3107 3782 3195">
    <p class='ocr_par' dir='ltr' id='par_1_59' title="bbox 2135 3107 3782 3195">
     <span class='ocr_line' id='line_1_59' title="bbox 2135 3107 3782 3195; baseline 0.012 -33"><span class='ocrx_word' id='word_1_416' title='bbox 2135 3107 2274 3164; x_wconf 88' lang='lat' dir='ltr'>lavit</span> <span class='ocrx_word' id='word_1_417' title='bbox 2303 3111 2528 3167; x_wconf 88' lang='lat' dir='ltr'>occasio</span> <span class='ocrx_word' id='word_1_418' title='bbox 2561 3117 3015 3187; x_wconf 88' lang='lat' dir='ltr'>superstitionis,</span> <span class='ocrx_word' id='word_1_419' title='bbox 3033 3123 3089 3174; x_wconf 87' lang='lat' dir='ltr'>et</span> <span class='ocrx_word' id='word_1_420' title='bbox 3119 3120 3306 3178; x_wconf 86' lang='lat' dir='ltr'>nullla</span> <span class='ocrx_word' id='word_1_421' title='bbox 3333 3107 3616 3195; x_wconf 76' lang='lat' dir='ltr'>probatur</span> <span class='ocrx_word' id='word_1_422' title='bbox 3635 3126 3782 3181; x_wconf 78' lang='lat' dir='ltr'>exis-</span> 
     </span>
    </p>
   </div>
   <div class='ocr_carea' id='block_1_60' title="bbox 2133 3199 3782 3270">
    <p class='ocr_par' dir='ltr' id='par_1_60' title="bbox 2133 3199 3782 3270">
     <span class='ocr_line' id='line_1_60' title="bbox 2133 3199 3782 3270; baseline 0.011 -18"><span class='ocrx_word' id='word_1_423' title='bbox 2133 3201 2255 3253; x_wconf 89' lang='lat' dir='ltr'>tere</span> <span class='ocrx_word' id='word_1_424' title='bbox 2288 3199 2512 3258; x_wconf 88' lang='lat' dir='ltr'>utilitas</span> <span class='ocrx_word' id='word_1_425' title='bbox 2541 3203 2932 3262; x_wconf 87' lang='lat' dir='ltr'>salutis.Nam</span> <span class='ocrx_word' id='word_1_426' title='bbox 2965 3209 3072 3264; x_wconf 91' lang='lat' dir='ltr'>etsi</span> <span class='ocrx_word' id='word_1_427' title='bbox 3107 3227 3291 3266; x_wconf 90' lang='lat' dir='ltr'>unum</span> <span class='ocrx_word' id='word_1_428' title='bbox 3317 3215 3420 3268; x_wconf 88' lang='lat' dir='ltr'>aut</span> <span class='ocrx_word' id='word_1_429' title='bbox 3449 3214 3638 3270; x_wconf 89' lang='lat' dir='ltr'>multo</span> <span class='ocrx_word' id='word_1_430' title='bbox 3670 3217 3782 3270; x_wconf 91' lang='lat' dir='ltr'>duo</span> 
     </span>
    </p>
   </div>
   <div class='ocr_carea' id='block_1_61' title="bbox 2131 3287 3780 3375">
    <p class='ocr_par' dir='ltr' id='par_1_61' title="bbox 2131 3287 3780 3375">
     <span class='ocr_line' id='line_1_61' title="bbox 2131 3287 3780 3375; baseline 0.009 -32"><span class='ocrx_word' id='word_1_431' title='bbox 2131 3287 2221 3344; x_wconf 72' lang='lat' dir='ltr'>vd</span> <span class='ocrx_word' id='word_1_432' title='bbox 2253 3287 2364 3344; x_wconf 90' lang='lat' dir='ltr'>tria</span> <span class='ocrx_word' id='word_1_433' title='bbox 2393 3290 2522 3348; x_wconf 89' lang='lat' dir='ltr'>istis</span> <span class='ocrx_word' id='word_1_434' title='bbox 2554 3292 2698 3364; x_wconf 86' lang='lat' dir='ltr'>ipsis</span> <span class='ocrx_word' id='word_1_435' title='bbox 2730 3296 3030 3368; x_wconf 89' lang='lat' dir='ltr'>temporis,</span> <span class='ocrx_word' id='word_1_436' title='bbox 3059 3299 3278 3370; x_wconf 88' lang='lat' dir='ltr'>quibus</span> <span class='ocrx_word' id='word_1_437' title='bbox 3305 3300 3448 3357; x_wconf 90' lang='lat' dir='ltr'>talia</span> <span class='ocrx_word' id='word_1_438' title='bbox 3475 3309 3780 3375; x_wconf 86' lang='lat' dir='ltr'>geruntur,</span> 
     </span>
    </p>
   </div>
   <div class='ocr_carea' id='block_1_62' title="bbox 2135 3378 3785 3460">
    <p class='ocr_par' dir='ltr' id='par_1_62' title="bbox 2135 3378 3785 3460">
     <span class='ocr_line' id='line_1_62' title="bbox 2135 3378 3785 3460; baseline 0.01 -28"><span class='ocrx_word' id='word_1_439' title='bbox 2135 3378 2455 3436; x_wconf 88' lang='lat' dir='ltr'>sanitatum</span> <span class='ocrx_word' id='word_1_440' title='bbox 2485 3381 2573 3437; x_wconf 90' lang='lat' dir='ltr'>vel</span> <span class='ocrx_word' id='word_1_441' title='bbox 2605 3384 2975 3442; x_wconf 89' lang='lat' dir='ltr'>curationum</span> <span class='ocrx_word' id='word_1_442' title='bbox 3010 3386 3178 3460; x_wconf 85' lang='lat' dir='ltr'>signa</span> <span class='ocrx_word' id='word_1_443' title='bbox 3197 3389 3256 3444; x_wconf 91' lang='lat' dir='ltr'>in</span> <span class='ocrx_word' id='word_1_444' title='bbox 3279 3390 3480 3447; x_wconf 88' lang='lat' dir='ltr'>eadem</span> <span class='ocrx_word' id='word_1_445' title='bbox 3507 3393 3664 3448; x_wconf 87' lang='lat' dir='ltr'>beati</span> <span class='ocrx_word' id='word_1_446' title='bbox 3691 3394 3785 3449; x_wconf 84' lang='lat' dir='ltr'>Be-</span> 
     </span>
    </p>
   </div>
   <div class='ocr_carea' id='block_1_63' title="bbox 373 3451 3785 3560">
    <p class='ocr_par' dir='ltr' id='par_1_63' title="bbox 373 3451 3785 3560">
     <span class='ocr_line' id='line_1_63' title="bbox 373 3451 3785 3560; baseline 0.001 -25"><span class='ocrx_word' id='word_1_447' title='bbox 373 3451 772 3560; x_wconf 69' lang='lat' dir='ltr'>inveniremur</span> <span class='ocrx_word' id='word_1_448' title='bbox 789 3451 1146 3550; x_wconf 74' lang='lat' dir='ltr'>parati.Sed</span> <span class='ocrx_word' id='word_1_449' title='bbox 1178 3473 1317 3546; x_wconf 87' lang='lat' dir='ltr'>quia</span> <span class='ocrx_word' id='word_1_450' title='bbox 1341 3472 1485 3530; x_wconf 91' lang='lat' dir='ltr'>nihil</span> <span class='ocrx_word' id='word_1_451' title='bbox 1508 3477 1709 3544; x_wconf 90' lang='lat' dir='ltr'>postea</span> <span class='ocrx_word' id='word_1_452' title='bbox 1729 3470 2024 3542; x_wconf 78' lang='lat' dir='ltr'>rescripsi-</span> <span class='ocrx_word' id='word_1_453' title='bbox 2053 3451 2098 3520; x_wconf 85' lang='lat' dir='ltr'>C</span> <span class='ocrx_word' id='word_1_454' title='bbox 2136 3467 2299 3540; x_wconf 85' lang='lat' dir='ltr'>nigni</span> <span class='ocrx_word' id='word_1_455' title='bbox 2350 3471 2624 3544; x_wconf 80' lang='lat' dir='ltr'>martyris</span> <span class='ocrx_word' id='word_1_456' title='bbox 2685 3473 2930 3530; x_wconf 90' lang='lat' dir='ltr'>ecclesia</span> <span class='ocrx_word' id='word_1_457' title='bbox 2977 3477 3257 3534; x_wconf 86' lang='lat' dir='ltr'>veraciter</span> <span class='ocrx_word' id='word_1_458' title='bbox 3300 3485 3358 3536; x_wconf 90' lang='lat' dir='ltr'>et</span> <span class='ocrx_word' id='word_1_459' title='bbox 3404 3481 3785 3554; x_wconf 86' lang='lat' dir='ltr'>probabiliter</span> 
     </span>
    </p>
   </div>
   <div class='ocr_carea' id='block_1_64' title="bbox 373 3560 2026 3637">
    <p class='ocr_par' dir='ltr' id='par_1_64' title="bbox 373 3560 2026 3637">
     <span class='ocr_line' id='line_1_64' title="bbox 373 3560 2026 3637; baseline -0.006 -11"><span class='ocrx_word' id='word_1_460' title='bbox 373 3567 504 3637; x_wconf 84' lang='lat' dir='ltr'>stis,</span> <span class='ocrx_word' id='word_1_461' title='bbox 536 3567 753 3624; x_wconf 89' lang='lat' dir='ltr'>melius</span> <span class='ocrx_word' id='word_1_462' title='bbox 779 3563 950 3622; x_wconf 91' lang='lat' dir='ltr'>nobis</span> <span class='ocrx_word' id='word_1_463' title='bbox 979 3562 1171 3620; x_wconf 88' lang='lat' dir='ltr'>visum</span> <span class='ocrx_word' id='word_1_464' title='bbox 1203 3567 1295 3620; x_wconf 91' lang='lat' dir='ltr'>est</span> <span class='ocrx_word' id='word_1_465' title='bbox 1326 3567 1390 3618; x_wconf 90' lang='lat' dir='ltr'>ut</span> <span class='ocrx_word' id='word_1_466' title='bbox 1409 3563 1582 3634; x_wconf 79' lang='lat' dir='ltr'>juxta</span> <span class='ocrx_word' id='word_1_467' title='bbox 1609 3561 1766 3634; x_wconf 89' lang='lat' dir='ltr'>quod</span> <span class='ocrx_word' id='word_1_468' title='bbox 1797 3577 1865 3616; x_wconf 86' lang='lat' dir='ltr'>ex</span> <span class='ocrx_word' id='word_1_469' title='bbox 1895 3560 2026 3632; x_wconf 88' lang='lat' dir='ltr'>ejus</span> 
     </span>
    </p>
   </div>
   <div class='ocr_carea' id='block_1_65' title="bbox 373 3647 2027 3726">
    <p class='ocr_par' dir='ltr' id='par_1_65' title="bbox 373 3647 2027 3726">
     <span class='ocr_line' id='line_1_65' title="bbox 373 3647 2027 3726; baseline -0.004 -13"><span class='ocrx_word' id='word_1_470' title='bbox 373 3655 656 3713; x_wconf 87' lang='lat' dir='ltr'>relatione</span> <span class='ocrx_word' id='word_1_471' title='bbox 685 3667 1000 3726; x_wconf 82' lang='lat' dir='ltr'>agnoscere</span> <span class='ocrx_word' id='word_1_472' title='bbox 1027 3650 1117 3708; x_wconf 88' lang='lat' dir='ltr'>vel</span> <span class='ocrx_word' id='word_1_473' title='bbox 1147 3651 1504 3724; x_wconf 88' lang='lat' dir='ltr'>perpendere</span> <span class='ocrx_word' id='word_1_474' title='bbox 1533 3647 1856 3722; x_wconf 87' lang='lat' dir='ltr'>potuimus,</span> <span class='ocrx_word' id='word_1_475' title='bbox 1880 3648 2027 3706; x_wconf 90' lang='lat' dir='ltr'>dile-</span> 
     </span>
    </p>
   </div>
   <div class='ocr_carea' id='block_1_66' title="bbox 373 3737 2026 3814">
    <p class='ocr_par' dir='ltr' id='par_1_66' title="bbox 373 3737 2026 3814">
     <span class='ocr_line' id='line_1_66' title="bbox 373 3737 2026 3814; baseline -0.004 -12"><span class='ocrx_word' id='word_1_476' title='bbox 373 3743 554 3803; x_wconf 88' lang='lat' dir='ltr'>ctioni</span> <span class='ocrx_word' id='word_1_477' title='bbox 581 3747 786 3800; x_wconf 76' lang='lat' dir='ltr'>vestra:</span> <span class='ocrx_word' id='word_1_478' title='bbox 807 3741 1072 3799; x_wconf 90' lang='lat' dir='ltr'>debitum</span> <span class='ocrx_word' id='word_1_479' title='bbox 1098 3739 1499 3814; x_wconf 89' lang='lat' dir='ltr'>responsionis</span> <span class='ocrx_word' id='word_1_480' title='bbox 1519 3739 1781 3796; x_wconf 82' lang='lat' dir='ltr'>ofﬁcium</span> <span class='ocrx_word' id='word_1_481' title='bbox 1807 3737 2026 3795; x_wconf 88' lang='lat' dir='ltr'>solvere</span> 
     </span>
    </p>
   </div>
   <div class='ocr_carea' id='block_1_67' title="bbox 373 3828 2026 3914">
    <p class='ocr_par' dir='ltr' id='par_1_67' title="bbox 373 3828 2026 3914">
     <span class='ocr_line' id='line_1_67' title="bbox 373 3828 2026 3914; baseline -0.007 -20"><span class='ocrx_word' id='word_1_482' title='bbox 373 3853 492 3894; x_wconf 88' lang='lat' dir='ltr'>non</span> <span class='ocrx_word' id='word_1_483' title='bbox 521 3834 884 3891; x_wconf 70' lang='lat' dir='ltr'>differamus.</span> <span class='ocrx_word' id='word_1_484' title='bbox 901 3831 1105 3914; x_wconf 76' lang='lat' dir='ltr'>Igitur,</span> <span class='ocrx_word' id='word_1_485' title='bbox 1121 3836 1187 3889; x_wconf 90' lang='lat' dir='ltr'>ut</span> <span class='ocrx_word' id='word_1_486' title='bbox 1203 3832 1274 3888; x_wconf 92' lang='lat' dir='ltr'>ad</span> <span class='ocrx_word' id='word_1_487' title='bbox 1293 3830 1416 3887; x_wconf 68' lang='lat' dir='ltr'>haec</span> <span class='ocrx_word' id='word_1_488' title='bbox 1437 3829 1653 3898; x_wconf 91' lang='lat' dir='ltr'>omnia,</span> <span class='ocrx_word' id='word_1_489' title='bbox 1673 3833 1848 3902; x_wconf 90' lang='lat' dir='ltr'>prout</span> <span class='ocrx_word' id='word_1_490' title='bbox 1867 3828 2026 3885; x_wconf 83' lang='lat' dir='ltr'>Chri-</span> 
     </span>
    </p>
   </div>
   <div class='ocr_carea' id='block_1_68' title="bbox 371 3919 2026 3996">
    <p class='ocr_par' dir='ltr' id='par_1_68' title="bbox 371 3919 2026 3996">
     <span class='ocr_line' id='line_1_68' title="bbox 371 3919 2026 3996; baseline -0.005 -13"><span class='ocrx_word' id='word_1_491' title='bbox 371 3930 501 3984; x_wconf 87' lang='lat' dir='ltr'>stus</span> <span class='ocrx_word' id='word_1_492' title='bbox 545 3925 764 3981; x_wconf 89' lang='lat' dir='ltr'>donare</span> <span class='ocrx_word' id='word_1_493' title='bbox 811 3923 1111 3996; x_wconf 89' lang='lat' dir='ltr'>dignatur,</span> <span class='ocrx_word' id='word_1_494' title='bbox 1155 3921 1409 3977; x_wconf 86' lang='lat' dir='ltr'>breviter</span> <span class='ocrx_word' id='word_1_495' title='bbox 1455 3919 1934 3992; x_wconf 83' lang='lat' dir='ltr'>respondeamus,</span> <span class='ocrx_word' id='word_1_496' title='bbox 1968 3921 2026 3974; x_wconf 85' lang='lat' dir='ltr'>et</span> 
     </span>
    </p>
   </div>
   <div class='ocr_carea' id='block_1_69' title="bbox 369 4008 2025 4086">
    <p class='ocr_par' dir='ltr' id='par_1_69' title="bbox 369 4008 2025 4086">
     <span class='ocr_line' id='line_1_69' title="bbox 369 4008 2025 4086; baseline -0.005 -13"><span class='ocrx_word' id='word_1_497' title='bbox 369 4031 561 4073; x_wconf 84' lang='lat' dir='ltr'>causa:</span> <span class='ocrx_word' id='word_1_498' title='bbox 591 4011 939 4086; x_wconf 89' lang='lat' dir='ltr'>ambiguum</span> <span class='ocrx_word' id='word_1_499' title='bbox 969 4028 1102 4068; x_wconf 89' lang='lat' dir='ltr'>cum</span> <span class='ocrx_word' id='word_1_500' title='bbox 1131 4015 1324 4067; x_wconf 88' lang='lat' dir='ltr'>vestra</span> <span class='ocrx_word' id='word_1_501' title='bbox 1356 4009 1574 4082; x_wconf 89' lang='lat' dir='ltr'>pariter</span> <span class='ocrx_word' id='word_1_502' title='bbox 1597 4008 1910 4065; x_wconf 90' lang='lat' dir='ltr'>dilectione</span> <span class='ocrx_word' id='word_1_503' title='bbox 1943 4025 2025 4064; x_wconf 92' lang='lat' dir='ltr'>re-</span> 
     </span>
    </p>
   </div>
   <div class='ocr_carea' id='block_1_70' title="bbox 367 4097 2020 4174">
    <p class='ocr_par' dir='ltr' id='par_1_70' title="bbox 367 4097 2020 4174">
     <span class='ocr_line' id='line_1_70' title="bbox 367 4097 2020 4174; baseline -0.006 -11"><span class='ocrx_word' id='word_1_504' title='bbox 367 4120 658 4174; x_wconf 89' lang='lat' dir='ltr'>secemus,</span> <span class='ocrx_word' id='word_1_505' title='bbox 688 4102 920 4159; x_wconf 89' lang='lat' dir='ltr'>videtur</span> <span class='ocrx_word' id='word_1_506' title='bbox 951 4099 1119 4162; x_wconf 84' lang='lat' dir='ltr'>nobis</span> <span class='ocrx_word' id='word_1_507' title='bbox 1149 4099 1208 4155; x_wconf 90' lang='lat' dir='ltr'>in</span> <span class='ocrx_word' id='word_1_508' title='bbox 1240 4099 1449 4172; x_wconf 89' lang='lat' dir='ltr'>primis</span> <span class='ocrx_word' id='word_1_509' title='bbox 1480 4103 1546 4156; x_wconf 91' lang='lat' dir='ltr'>ut</span> <span class='ocrx_word' id='word_1_510' title='bbox 1575 4115 1712 4155; x_wconf 87' lang='lat' dir='ltr'>ossa</span> <span class='ocrx_word' id='word_1_511' title='bbox 1737 4097 1857 4166; x_wconf 90' lang='lat' dir='ltr'>illa,</span> <span class='ocrx_word' id='word_1_512' title='bbox 1893 4115 2020 4170; x_wconf 79' lang='lat' dir='ltr'>qua:</span> 
     </span>
    </p>
   </div>
   <div class='ocr_carea' id='block_1_71' title="bbox 368 4188 2019 4262">
    <p class='ocr_par' dir='ltr' id='par_1_71' title="bbox 368 4188 2019 4262">
     <span class='ocr_line' id='line_1_71' title="bbox 368 4188 2019 4262; baseline -0.004 -11"><span class='ocrx_word' id='word_1_513' title='bbox 368 4193 534 4252; x_wconf 90' lang='lat' dir='ltr'>nulla</span> <span class='ocrx_word' id='word_1_514' title='bbox 559 4193 805 4262; x_wconf 86' lang='lat' dir='ltr'>ratione,</span> <span class='ocrx_word' id='word_1_515' title='bbox 838 4190 1002 4248; x_wconf 89' lang='lat' dir='ltr'>nulla</span> <span class='ocrx_word' id='word_1_516' title='bbox 1031 4189 1398 4257; x_wconf 88' lang='lat' dir='ltr'>auctoritate,</span> <span class='ocrx_word' id='word_1_517' title='bbox 1425 4189 1620 4245; x_wconf 89' lang='lat' dir='ltr'>nescio</span> <span class='ocrx_word' id='word_1_518' title='bbox 1642 4189 1813 4261; x_wconf 90' lang='lat' dir='ltr'>cujus</span> <span class='ocrx_word' id='word_1_519' title='bbox 1832 4188 2019 4245; x_wconf 85' lang='lat' dir='ltr'>sancti</span> 
     </span>
    </p>
   </div>
   <div class='ocr_carea' id='block_1_72' title="bbox 368 4276 2018 4353">
    <p class='ocr_par' dir='ltr' id='par_1_72' title="bbox 368 4276 2018 4353">
     <span class='ocr_line' id='line_1_72' title="bbox 368 4276 2018 4353; baseline -0.004 -13"><span class='ocrx_word' id='word_1_520' title='bbox 368 4299 498 4340; x_wconf 88' lang='lat' dir='ltr'>esse</span> <span class='ocrx_word' id='word_1_521' title='bbox 526 4283 825 4352; x_wconf 89' lang='lat' dir='ltr'>dicuntur,</span> <span class='ocrx_word' id='word_1_522' title='bbox 848 4280 1005 4337; x_wconf 90' lang='lat' dir='ltr'>unde</span> <span class='ocrx_word' id='word_1_523' title='bbox 1033 4279 1292 4352; x_wconf 89' lang='lat' dir='ltr'>primum</span> <span class='ocrx_word' id='word_1_524' title='bbox 1313 4279 1552 4353; x_wconf 89' lang='lat' dir='ltr'>prurigo</span> <span class='ocrx_word' id='word_1_525' title='bbox 1574 4278 1754 4349; x_wconf 90' lang='lat' dir='ltr'>hujus</span> <span class='ocrx_word' id='word_1_526' title='bbox 1781 4276 2018 4334; x_wconf 89' lang='lat' dir='ltr'>curiosi-</span> 
     </span>
    </p>
   </div>
   <div class='ocr_carea' id='block_1_73' title="bbox 366 4367 2018 4440">
    <p class='ocr_par' dir='ltr' id='par_1_73' title="bbox 366 4367 2018 4440">
     <span class='ocr_line' id='line_1_73' title="bbox 366 4367 2018 4440; baseline -0.004 -10"><span class='ocrx_word' id='word_1_527' title='bbox 366 4371 510 4430; x_wconf 82' lang='lat' dir='ltr'>tatis</span> <span class='ocrx_word' id='word_1_528' title='bbox 540 4374 740 4427; x_wconf 84' lang='lat' dir='ltr'>exorta</span> <span class='ocrx_word' id='word_1_529' title='bbox 767 4385 895 4426; x_wconf 90' lang='lat' dir='ltr'>esse</span> <span class='ocrx_word' id='word_1_530' title='bbox 914 4368 1167 4434; x_wconf 90' lang='lat' dir='ltr'>videtur,</span> <span class='ocrx_word' id='word_1_531' title='bbox 1185 4368 1425 4424; x_wconf 90' lang='lat' dir='ltr'>omnino</span> <span class='ocrx_word' id='word_1_532' title='bbox 1447 4369 1518 4424; x_wconf 92' lang='lat' dir='ltr'>de</span> <span class='ocrx_word' id='word_1_533' title='bbox 1541 4367 1724 4424; x_wconf 90' lang='lat' dir='ltr'>sacris</span> <span class='ocrx_word' id='word_1_534' title='bbox 1751 4368 1942 4440; x_wconf 84' lang='lat' dir='ltr'>adytis</span> <span class='ocrx_word' id='word_1_535' title='bbox 1961 4371 2018 4424; x_wconf 90' lang='lat' dir='ltr'>et</span> 
     </span>
    </p>
   </div>
   <div class='ocr_carea' id='block_1_74' title="bbox 366 4456 2018 4529">
    <p class='ocr_par' dir='ltr' id='par_1_74' title="bbox 366 4456 2018 4529">
     <span class='ocr_line' id='line_1_74' title="bbox 366 4456 2018 4529; baseline -0.004 -11"><span class='ocrx_word' id='word_1_536' title='bbox 366 4461 440 4518; x_wconf 90' lang='lat' dir='ltr'>de</span> <span class='ocrx_word' id='word_1_537' title='bbox 467 4457 594 4517; x_wconf 93' lang='lat' dir='ltr'>loco</span> <span class='ocrx_word' id='word_1_538' title='bbox 625 4456 837 4515; x_wconf 85' lang='lat' dir='ltr'>celebri</span> <span class='ocrx_word' id='word_1_539' title='bbox 864 4456 1147 4514; x_wconf 90' lang='lat' dir='ltr'>tollantur</span> <span class='ocrx_word' id='word_1_540' title='bbox 1175 4459 1233 4514; x_wconf 89' lang='lat' dir='ltr'>et</span> <span class='ocrx_word' id='word_1_541' title='bbox 1253 4473 1622 4529; x_wconf 86' lang='lat' dir='ltr'>nequaquam</span> <span class='ocrx_word' id='word_1_542' title='bbox 1653 4457 1811 4513; x_wconf 89' lang='lat' dir='ltr'>intra</span> <span class='ocrx_word' id='word_1_543' title='bbox 1839 4457 2018 4513; x_wconf 90' lang='lat' dir='ltr'>eccle-</span> 
     </span>
    </p>
   </div>
   <div class='ocr_carea' id='block_1_75' title="bbox 363 4546 2015 4620">
    <p class='ocr_par' dir='ltr' id='par_1_75' title="bbox 363 4546 2015 4620">
     <span class='ocr_line' id='line_1_75' title="bbox 363 4546 2015 4620; baseline -0.003 -13"><span class='ocrx_word' id='word_1_544' title='bbox 363 4550 538 4620; x_wconf 86' lang='lat' dir='ltr'>siam,</span> <span class='ocrx_word' id='word_1_545' title='bbox 571 4548 674 4606; x_wconf 89' lang='lat' dir='ltr'>sed</span> <span class='ocrx_word' id='word_1_546' title='bbox 706 4547 850 4605; x_wconf 89' lang='lat' dir='ltr'>foris</span> <span class='ocrx_word' id='word_1_547' title='bbox 879 4547 939 4602; x_wconf 89' lang='lat' dir='ltr'>in</span> <span class='ocrx_word' id='word_1_548' title='bbox 968 4546 1136 4616; x_wconf 89' lang='lat' dir='ltr'>atrio,</span> <span class='ocrx_word' id='word_1_549' title='bbox 1169 4550 1271 4602; x_wconf 89' lang='lat' dir='ltr'>aut</span> <span class='ocrx_word' id='word_1_550' title='bbox 1298 4550 1452 4604; x_wconf 90' lang='lat' dir='ltr'>certe</span> <span class='ocrx_word' id='word_1_551' title='bbox 1493 4547 1606 4603; x_wconf 89' lang='lat' dir='ltr'>sub</span> <span class='ocrx_word' id='word_1_552' title='bbox 1655 4546 1895 4619; x_wconf 88' lang='lat' dir='ltr'>pariete,</span> <span class='ocrx_word' id='word_1_553' title='bbox 1926 4546 2015 4602; x_wconf 90' lang='lat' dir='ltr'>vel</span> 
     </span>
    </p>
   </div>
   <div class='ocr_carea' id='block_1_76' title="bbox 363 4634 2014 4712">
    <p class='ocr_par' dir='ltr' id='par_1_76' title="bbox 363 4634 2014 4712">
     <span class='ocr_line' id='line_1_76' title="bbox 363 4634 2014 4712; baseline -0.002 -15"><span class='ocrx_word' id='word_1_554' title='bbox 363 4640 520 4697; x_wconf 81' lang='lat' dir='ltr'>circa</span> <span class='ocrx_word' id='word_1_555' title='bbox 558 4639 773 4712; x_wconf 89' lang='lat' dir='ltr'>ipsam,</span> <span class='ocrx_word' id='word_1_556' title='bbox 805 4635 894 4692; x_wconf 91' lang='lat' dir='ltr'>vel</span> <span class='ocrx_word' id='word_1_557' title='bbox 937 4635 1093 4708; x_wconf 91' lang='lat' dir='ltr'>quod</span> <span class='ocrx_word' id='word_1_558' title='bbox 1144 4634 1350 4692; x_wconf 90' lang='lat' dir='ltr'>utilius</span> <span class='ocrx_word' id='word_1_559' title='bbox 1398 4636 1826 4704; x_wconf 83' lang='lat' dir='ltr'>existimamus,</span> <span class='ocrx_word' id='word_1_560' title='bbox 1859 4635 2014 4694; x_wconf 90' lang='lat' dir='ltr'>circa</span> 
     </span>
    </p>
   </div>
   <div class='ocr_carea' id='block_1_77' title="bbox 361 4724 2010 4798">
    <p class='ocr_par' dir='ltr' id='par_1_77' title="bbox 361 4724 2010 4798">
     <span class='ocr_line' id='line_1_77' title="bbox 361 4724 2010 4798; baseline -0.004 -11"><span class='ocrx_word' id='word_1_561' title='bbox 361 4729 536 4788; x_wconf 88' lang='lat' dir='ltr'>aliam</span> <span class='ocrx_word' id='word_1_562' title='bbox 569 4731 790 4785; x_wconf 90' lang='lat' dir='ltr'>secreto</span> <span class='ocrx_word' id='word_1_563' title='bbox 821 4726 882 4782; x_wconf 93' lang='lat' dir='ltr'>in</span> <span class='ocrx_word' id='word_1_564' title='bbox 907 4724 1197 4798; x_wconf 90' lang='lat' dir='ltr'>loco,apto</span> <span class='ocrx_word' id='word_1_565' title='bbox 1221 4729 1278 4781; x_wconf 93' lang='lat' dir='ltr'>et</span> <span class='ocrx_word' id='word_1_566' title='bbox 1298 4725 1539 4794; x_wconf 91' lang='lat' dir='ltr'>mundo,</span> <span class='ocrx_word' id='word_1_567' title='bbox 1556 4726 1666 4781; x_wconf 89' lang='lat' dir='ltr'>sub</span> <span class='ocrx_word' id='word_1_568' title='bbox 1687 4741 2010 4797; x_wconf 90' lang='lat' dir='ltr'>paucorum</span> 
     </span>
    </p>
   </div>
   <div class='ocr_carea' id='block_1_78' title="bbox 2135 3556 3787 3642">
    <p class='ocr_par' dir='ltr' id='par_1_78' title="bbox 2135 3556 3787 3642">
     <span class='ocr_line' id='line_1_78' title="bbox 2135 3556 3787 3642; baseline 0.008 -30"><span class='ocrx_word' id='word_1_569' title='bbox 2135 3556 2423 3615; x_wconf 88' lang='lat' dir='ltr'>celebrata</span> <span class='ocrx_word' id='word_1_570' title='bbox 2453 3564 2610 3630; x_wconf 90' lang='lat' dir='ltr'>sunt,</span> <span class='ocrx_word' id='word_1_571' title='bbox 2646 3560 2766 3618; x_wconf 64' lang='lat' dir='ltr'>haec</span> <span class='ocrx_word' id='word_1_572' title='bbox 2795 3565 3054 3635; x_wconf 85' lang='lat' dir='ltr'>profecto</span> <span class='ocrx_word' id='word_1_573' title='bbox 3095 3583 3228 3623; x_wconf 90' lang='lat' dir='ltr'>cum</span> <span class='ocrx_word' id='word_1_574' title='bbox 3271 3570 3430 3625; x_wconf 90' lang='lat' dir='ltr'>omni</span> <span class='ocrx_word' id='word_1_575' title='bbox 3477 3571 3700 3642; x_wconf 89' lang='lat' dir='ltr'>gaudio</span> <span class='ocrx_word' id='word_1_576' title='bbox 3731 3576 3787 3626; x_wconf 87' lang='lat' dir='ltr'>et</span> 
     </span>
    </p>
   </div>
   <div class='ocr_carea' id='block_1_79' title="bbox 2133 3647 3785 3734">
    <p class='ocr_par' dir='ltr' id='par_1_79' title="bbox 2133 3647 3785 3734">
     <span class='ocr_line' id='line_1_79' title="bbox 2133 3647 3785 3734; baseline 0.008 -32"><span class='ocrx_word' id='word_1_577' title='bbox 2133 3647 2502 3705; x_wconf 88' lang='lat' dir='ltr'>veneratione</span> <span class='ocrx_word' id='word_1_578' title='bbox 2532 3667 2599 3706; x_wconf 90' lang='lat' dir='ltr'>ac</span> <span class='ocrx_word' id='word_1_579' title='bbox 2629 3651 2826 3708; x_wconf 87' lang='lat' dir='ltr'>debita</span> <span class='ocrx_word' id='word_1_580' title='bbox 2854 3654 3177 3726; x_wconf 87' lang='lat' dir='ltr'>gratiarum</span> <span class='ocrx_word' id='word_1_581' title='bbox 3201 3656 3426 3714; x_wconf 90' lang='lat' dir='ltr'>actione</span> <span class='ocrx_word' id='word_1_582' title='bbox 3449 3659 3520 3716; x_wconf 89' lang='lat' dir='ltr'>ad</span> <span class='ocrx_word' id='word_1_583' title='bbox 3543 3659 3648 3715; x_wconf 89' lang='lat' dir='ltr'>Dei</span> <span class='ocrx_word' id='word_1_584' title='bbox 3668 3660 3785 3734; x_wconf 87' lang='lat' dir='ltr'>glo-</span> 
     </span>
    </p>
   </div>
   <div class='ocr_carea' id='block_1_80' title="bbox 2135 3734 3785 3820">
    <p class='ocr_par' dir='ltr' id='par_1_80' title="bbox 2135 3734 3785 3820">
     <span class='ocr_line' id='line_1_80' title="bbox 2135 3734 3785 3820; baseline 0.009 -31"><span class='ocrx_word' id='word_1_585' title='bbox 2135 3734 2282 3790; x_wconf 90' lang='lat' dir='ltr'>riam</span> <span class='ocrx_word' id='word_1_586' title='bbox 2331 3740 2389 3792; x_wconf 91' lang='lat' dir='ltr'>et</span> <span class='ocrx_word' id='word_1_587' title='bbox 2438 3737 2762 3794; x_wconf 89' lang='lat' dir='ltr'>beatissimi</span> <span class='ocrx_word' id='word_1_588' title='bbox 2817 3745 2990 3814; x_wconf 88' lang='lat' dir='ltr'>atque</span> <span class='ocrx_word' id='word_1_589' title='bbox 3039 3741 3450 3816; x_wconf 87' lang='lat' dir='ltr'>gloriosissimi</span> <span class='ocrx_word' id='word_1_590' title='bbox 3503 3747 3785 3820; x_wconf 83' lang='lat' dir='ltr'>martyris</span> 
     </span>
    </p>
   </div>
   <div class='ocr_carea' id='block_1_81' title="bbox 2133 3825 3783 3910">
    <p class='ocr_par' dir='ltr' id='par_1_81' title="bbox 2133 3825 3783 3910">
     <span class='ocr_line' id='line_1_81' title="bbox 2133 3825 3783 3910; baseline 0.008 -32"><span class='ocrx_word' id='word_1_591' title='bbox 2133 3825 2344 3882; x_wconf 88' lang='lat' dir='ltr'>merita</span> <span class='ocrx_word' id='word_1_592' title='bbox 2366 3829 2666 3884; x_wconf 82' lang='lat' dir='ltr'>referenda</span> <span class='ocrx_word' id='word_1_593' title='bbox 2683 3834 2841 3886; x_wconf 88' lang='lat' dir='ltr'>sunt.</span> <span class='ocrx_word' id='word_1_594' title='bbox 2858 3831 2972 3887; x_wconf 92' lang='lat' dir='ltr'>Nec</span> <span class='ocrx_word' id='word_1_595' title='bbox 2993 3837 3187 3889; x_wconf 88' lang='lat' dir='ltr'>tamen</span> <span class='ocrx_word' id='word_1_596' title='bbox 3211 3834 3284 3889; x_wconf 93' lang='lat' dir='ltr'>ob</span> <span class='ocrx_word' id='word_1_597' title='bbox 3305 3834 3414 3890; x_wconf 90' lang='lat' dir='ltr'>hoe</span> <span class='ocrx_word' id='word_1_598' title='bbox 3434 3840 3646 3893; x_wconf 80' lang='lat' dir='ltr'>caetera</span> <span class='ocrx_word' id='word_1_599' title='bbox 3657 3855 3783 3910; x_wconf 62' lang='lat' dir='ltr'>qua</span> 
     </span>
    </p>
   </div>
   <div class='ocr_carea' id='block_1_82' title="bbox 2133 3915 3784 4000">
    <p class='ocr_par' dir='ltr' id='par_1_82' title="bbox 2133 3915 3784 4000">
     <span class='ocr_line' id='line_1_82' title="bbox 2133 3915 3784 4000; baseline 0.008 -32"><span class='ocrx_word' id='word_1_600' title='bbox 2133 3915 2252 3970; x_wconf 85' lang='lat' dir='ltr'>sive</span> <span class='ocrx_word' id='word_1_601' title='bbox 2284 3915 2341 3970; x_wconf 91' lang='lat' dir='ltr'>in</span> <span class='ocrx_word' id='word_1_602' title='bbox 2375 3917 2640 3988; x_wconf 88' lang='lat' dir='ltr'>ejusdem</span> <span class='ocrx_word' id='word_1_603' title='bbox 2673 3920 2948 3993; x_wconf 76' lang='lat' dir='ltr'>martyris</span> <span class='ocrx_word' id='word_1_604' title='bbox 2977 3922 3241 3992; x_wconf 89' lang='lat' dir='ltr'>ecclesia,</span> <span class='ocrx_word' id='word_1_605' title='bbox 3266 3923 3384 3980; x_wconf 87' lang='lat' dir='ltr'>sive</span> <span class='ocrx_word' id='word_1_606' title='bbox 3405 3923 3464 3982; x_wconf 92' lang='lat' dir='ltr'>in</span> <span class='ocrx_word' id='word_1_607' title='bbox 3483 3924 3784 4000; x_wconf 87' lang='lat' dir='ltr'>plerisque</span> 
     </span>
    </p>
   </div>
   <div class='ocr_carea' id='block_1_83' title="bbox 2131 4005 3782 4087">
    <p class='ocr_par' dir='ltr' id='par_1_83' title="bbox 2131 4005 3782 4087">
     <span class='ocr_line' id='line_1_83' title="bbox 2131 4005 3782 4087; baseline 0.007 -26"><span class='ocrx_word' id='word_1_608' title='bbox 2131 4005 2262 4061; x_wconf 90' lang='lat' dir='ltr'>aliis</span> <span class='ocrx_word' id='word_1_609' title='bbox 2283 4007 2404 4062; x_wconf 82' lang='lat' dir='ltr'>fieri</span> <span class='ocrx_word' id='word_1_610' title='bbox 2425 4006 2718 4078; x_wconf 90' lang='lat' dir='ltr'>dicuntur,</span> <span class='ocrx_word' id='word_1_611' title='bbox 2735 4011 3116 4083; x_wconf 89' lang='lat' dir='ltr'>approbanda</span> <span class='ocrx_word' id='word_1_612' title='bbox 3135 4017 3301 4083; x_wconf 89' lang='lat' dir='ltr'>sunt;</span> <span class='ocrx_word' id='word_1_613' title='bbox 3327 4013 3782 4087; x_wconf 87' lang='lat' dir='ltr'>quia,quantum</span> 
     </span>
    </p>
   </div>
   <div class='ocr_carea' id='block_1_84' title="bbox 2131 4096 3781 4174">
    <p class='ocr_par' dir='ltr' id='par_1_84' title="bbox 2131 4096 3781 4174">
     <span class='ocr_line' id='line_1_84' title="bbox 2131 4096 3781 4174; baseline 0.007 -24"><span class='ocrx_word' id='word_1_614' title='bbox 2131 4096 2318 4168; x_wconf 88' lang='lat' dir='ltr'>ipsius</span> <span class='ocrx_word' id='word_1_615' title='bbox 2350 4098 2430 4153; x_wconf 88' lang='lat' dir='ltr'>rei</span> <span class='ocrx_word' id='word_1_616' title='bbox 2461 4103 2637 4172; x_wconf 78' lang='lat' dir='ltr'>gesta:</span> <span class='ocrx_word' id='word_1_617' title='bbox 2687 4099 2828 4155; x_wconf 90' lang='lat' dir='ltr'>ordo</span> <span class='ocrx_word' id='word_1_618' title='bbox 2877 4102 3152 4170; x_wconf 89' lang='lat' dir='ltr'>ostendit,</span> <span class='ocrx_word' id='word_1_619' title='bbox 3181 4103 3370 4174; x_wconf 89' lang='lat' dir='ltr'>potuit</span> <span class='ocrx_word' id='word_1_620' title='bbox 3409 4104 3533 4159; x_wconf 84' lang='lat' dir='ltr'>fieri</span> <span class='ocrx_word' id='word_1_621' title='bbox 3567 4109 3636 4162; x_wconf 91' lang='lat' dir='ltr'>ut</span> <span class='ocrx_word' id='word_1_622' title='bbox 3665 4105 3781 4162; x_wconf 78' lang='lat' dir='ltr'>hzrc</span> 
     </span>
    </p>
   </div>
   <div class='ocr_carea' id='block_1_85' title="bbox 2129 4185 3778 4266">
    <p class='ocr_par' dir='ltr' id='par_1_85' title="bbox 2129 4185 3778 4266">
     <span class='ocr_line' id='line_1_85' title="bbox 2129 4185 3778 4266; baseline 0.004 -26"><span class='ocrx_word' id='word_1_623' title='bbox 2129 4185 2384 4258; x_wconf 89' lang='lat' dir='ltr'>primum</span> <span class='ocrx_word' id='word_1_624' title='bbox 2418 4204 2486 4244; x_wconf 74' lang='lat' dir='ltr'>ex</span> <span class='ocrx_word' id='word_1_625' title='bbox 2528 4205 2678 4244; x_wconf 86' lang='lat' dir='ltr'>vana</span> <span class='ocrx_word' id='word_1_626' title='bbox 2725 4187 3016 4260; x_wconf 85' lang='lat' dir='ltr'>Opinione,</span> <span class='ocrx_word' id='word_1_627' title='bbox 3051 4194 3333 4264; x_wconf 89' lang='lat' dir='ltr'>tanquam</span> <span class='ocrx_word' id='word_1_628' title='bbox 3386 4209 3573 4266; x_wconf 89' lang='lat' dir='ltr'>nuper</span> <span class='ocrx_word' id='word_1_629' title='bbox 3622 4193 3778 4250; x_wconf 86' lang='lat' dir='ltr'>allati</span> 
     </span>
    </p>
   </div>
   <div class='ocr_carea' id='block_1_86' title="bbox 2129 4277 3780 4352">
    <p class='ocr_par' dir='ltr' id='par_1_86' title="bbox 2129 4277 3780 4352">
     <span class='ocr_line' id='line_1_86' title="bbox 2129 4277 3780 4352; baseline 0.005 -21"><span class='ocrx_word' id='word_1_630' title='bbox 2129 4277 2315 4332; x_wconf 87' lang='lat' dir='ltr'>sancti</span> <span class='ocrx_word' id='word_1_631' title='bbox 2347 4279 2607 4352; x_wconf 88' lang='lat' dir='ltr'>corporis</span> <span class='ocrx_word' id='word_1_632' title='bbox 2628 4278 2822 4335; x_wconf 87' lang='lat' dir='ltr'>locum</span> <span class='ocrx_word' id='word_1_633' title='bbox 2844 4280 3132 4338; x_wconf 87' lang='lat' dir='ltr'>inveniret</span> <span class='ocrx_word' id='word_1_634' title='bbox 3153 4281 3556 4351; x_wconf 90' lang='lat' dir='ltr'>occasio,dum</span> <span class='ocrx_word' id='word_1_635' title='bbox 3583 4285 3644 4339; x_wconf 91' lang='lat' dir='ltr'>in</span> <span class='ocrx_word' id='word_1_636' title='bbox 3671 4283 3780 4340; x_wconf 87' lang='lat' dir='ltr'>die-</span> 
     </span>
    </p>
   </div>
   <div class='ocr_carea' id='block_1_87' title="bbox 2127 4366 3778 4440">
    <p class='ocr_par' dir='ltr' id='par_1_87' title="bbox 2127 4366 3778 4440">
     <span class='ocr_line' id='line_1_87' title="bbox 2127 4366 3778 4440; baseline 0.003 -19"><span class='ocrx_word' id='word_1_637' title='bbox 2127 4366 2238 4423; x_wconf 89' lang='lat' dir='ltr'>bus</span> <span class='ocrx_word' id='word_1_638' title='bbox 2269 4369 2903 4440; x_wconf 88' lang='lat' dir='ltr'>quadragesimalibus,</span> <span class='ocrx_word' id='word_1_639' title='bbox 2940 4371 3374 4432; x_wconf 86' lang='lat' dir='ltr'>confluentibus</span> <span class='ocrx_word' id='word_1_640' title='bbox 3407 4373 3682 4440; x_wconf 82' lang='lat' dir='ltr'>fortasse,</span> <span class='ocrx_word' id='word_1_641' title='bbox 3717 4376 3778 4430; x_wconf 86' lang='lat' dir='ltr'>ut</span> 
     </span>
    </p>
   </div>
   <div class='ocr_carea' id='block_1_88' title="bbox 2123 4455 3776 4535">
    <p class='ocr_par' dir='ltr' id='par_1_88' title="bbox 2123 4455 3776 4535">
     <span class='ocr_line' id='line_1_88' title="bbox 2123 4455 3776 4535; baseline 0.005 -25"><span class='ocrx_word' id='word_1_642' title='bbox 2123 4455 2182 4511; x_wconf 92' lang='lat' dir='ltr'>in</span> <span class='ocrx_word' id='word_1_643' title='bbox 2217 4456 2420 4512; x_wconf 90' lang='lat' dir='ltr'>multis</span> <span class='ocrx_word' id='word_1_644' title='bbox 2452 4456 2595 4512; x_wconf 89' lang='lat' dir='ltr'>locis</span> <span class='ocrx_word' id='word_1_645' title='bbox 2627 4459 2988 4515; x_wconf 89' lang='lat' dir='ltr'>consuetudo</span> <span class='ocrx_word' id='word_1_646' title='bbox 3021 4464 3126 4527; x_wconf 86' lang='lat' dir='ltr'>est,</span> <span class='ocrx_word' id='word_1_647' title='bbox 3157 4461 3226 4516; x_wconf 91' lang='lat' dir='ltr'>ad</span> <span class='ocrx_word' id='word_1_648' title='bbox 3251 4461 3578 4518; x_wconf 88' lang='lat' dir='ltr'>orationem</span> <span class='ocrx_word' id='word_1_649' title='bbox 3601 4479 3776 4535; x_wconf 90' lang='lat' dir='ltr'>popu-</span> 
     </span>
    </p>
   </div>
   <div class='ocr_carea' id='block_1_89' title="bbox 2123 4544 3776 4618">
    <p class='ocr_par' dir='ltr' id='par_1_89' title="bbox 2123 4544 3776 4618">
     <span class='ocr_line' id='line_1_89' title="bbox 2123 4544 3776 4618; baseline 0.004 -19"><span class='ocrx_word' id='word_1_650' title='bbox 2123 4544 2344 4602; x_wconf 87' lang='lat' dir='ltr'>laribus</span> <span class='ocrx_word' id='word_1_651' title='bbox 2360 4545 2549 4602; x_wconf 91' lang='lat' dir='ltr'>turhis</span> <span class='ocrx_word' id='word_1_652' title='bbox 2567 4548 3594 4618; x_wconf 81' lang='lat' dir='ltr'>ostenderetur,commendaretur,et</span> <span class='ocrx_word' id='word_1_653' title='bbox 3617 4567 3776 4608; x_wconf 85' lang='lat' dir='ltr'>vene-</span> 
     </span>
    </p>
   </div>
   <div class='ocr_carea' id='block_1_90' title="bbox 2086 4633 3776 4713">
    <p class='ocr_par' dir='ltr' id='par_1_90' title="bbox 2086 4633 3776 4713">
     <span class='ocr_line' id='line_1_90' title="bbox 2086 4633 3776 4713; baseline 0.005 -24"><span class='ocrx_word' id='word_1_654' title='bbox 2086 4648 2090 4652; x_wconf 82' lang='lat'>&#39;</span> <span class='ocrx_word' id='word_1_655' title='bbox 2123 4635 2334 4691; x_wconf 90' lang='lat' dir='ltr'>rationi</span> <span class='ocrx_word' id='word_1_656' title='bbox 2364 4633 2672 4692; x_wconf 90' lang='lat' dir='ltr'>habendus</span> <span class='ocrx_word' id='word_1_657' title='bbox 2702 4637 2800 4710; x_wconf 90' lang='lat' dir='ltr'>qui</span> <span class='ocrx_word' id='word_1_658' title='bbox 2823 4637 3058 4709; x_wconf 90' lang='lat' dir='ltr'>penitus</span> <span class='ocrx_word' id='word_1_659' title='bbox 3085 4639 3482 4711; x_wconf 87' lang='lat' dir='ltr'>ignorabatur,</span> <span class='ocrx_word' id='word_1_660' title='bbox 3506 4657 3776 4713; x_wconf 79' lang='lat' dir='ltr'>superva-</span> 
     </span>
    </p>
   </div>
   <div class='ocr_carea' id='block_1_91' title="bbox 2121 4723 3772 4800">
    <p class='ocr_par' dir='ltr' id='par_1_91' title="bbox 2121 4723 3772 4800">
     <span class='ocr_line' id='line_1_91' title="bbox 2121 4723 3772 4800; baseline 0.002 -20"><span class='ocrx_word' id='word_1_661' title='bbox 2121 4741 2228 4780; x_wconf 89' lang='lat' dir='ltr'>cue</span> <span class='ocrx_word' id='word_1_662' title='bbox 2250 4723 2671 4793; x_wconf 87' lang='lat' dir='ltr'>inculcaretur;</span> <span class='ocrx_word' id='word_1_663' title='bbox 2692 4729 2865 4798; x_wconf 89' lang='lat' dir='ltr'>atque</span> <span class='ocrx_word' id='word_1_664' title='bbox 2879 4743 2947 4783; x_wconf 81' lang='lat' dir='ltr'>ex</span> <span class='ocrx_word' id='word_1_665' title='bbox 2963 4726 3073 4783; x_wconf 89' lang='lat' dir='ltr'>hoc</span> <span class='ocrx_word' id='word_1_666' title='bbox 3081 4728 3208 4798; x_wconf 89' lang='lat' dir='ltr'>jam</span> <span class='ocrx_word' id='word_1_667' title='bbox 3228 4728 3677 4800; x_wconf 82' lang='lat' dir='ltr'>superveniente</span> <span class='ocrx_word' id='word_1_668' title='bbox 3695 4745 3772 4784; x_wconf 84' lang='lat' dir='ltr'>so—</span> 
     </span>
    </p>
   </div>
   <div class='ocr_carea' id='block_1_92' title="bbox 360 4814 3771 4892">
    <p class='ocr_par' dir='ltr' id='par_1_92' title="bbox 360 4814 3771 4892">
     <span class='ocr_line' id='line_1_92' title="bbox 360 4814 3771 4892; baseline -0 -17"><span class='ocrx_word' id='word_1_669' title='bbox 360 4817 718 4884; x_wconf 88' lang='lat' dir='ltr'>eenscientia</span> <span class='ocrx_word' id='word_1_670' title='bbox 747 4814 1140 4888; x_wconf 86' lang='lat' dir='ltr'>sepeliantur;</span> <span class='ocrx_word' id='word_1_671' title='bbox 1173 4819 1240 4871; x_wconf 91' lang='lat' dir='ltr'>ut</span> <span class='ocrx_word' id='word_1_672' title='bbox 1269 4814 1548 4886; x_wconf 87' lang='lat' dir='ltr'>quoniam</span> <span class='ocrx_word' id='word_1_673' title='bbox 1579 4818 1638 4870; x_wconf 91' lang='lat' dir='ltr'>et</span> <span class='ocrx_word' id='word_1_674' title='bbox 1662 4818 1864 4871; x_wconf 87' lang='lat' dir='ltr'>sancta</span> <span class='ocrx_word' id='word_1_675' title='bbox 1883 4831 2010 4872; x_wconf 89' lang='lat' dir='ltr'>esse</span> <span class='ocrx_word' id='word_1_676' title='bbox 2039 4826 2088 4892; x_wconf 84' lang='lat' dir='ltr'><strong>D</strong></span> <span class='ocrx_word' id='word_1_677' title='bbox 2122 4814 2422 4870; x_wconf 88' lang='lat' dir='ltr'>lemnitate</span> <span class='ocrx_word' id='word_1_678' title='bbox 2445 4815 3446 4887; x_wconf 87' lang='lat' dir='ltr'>Paschali,quandotaliainchoasse</span> <span class='ocrx_word' id='word_1_679' title='bbox 3459 4818 3771 4891; x_wconf 87' lang='lat' dir='ltr'>perhiben-</span> 
     </span>
    </p>
   </div>
   <div class='ocr_carea' id='block_1_93' title="bbox 359 4903 2014 4980">
    <p class='ocr_par' dir='ltr' id='par_1_93' title="bbox 359 4903 2014 4980">
     <span class='ocr_line' id='line_1_93' title="bbox 359 4903 2014 4980; baseline -0.003 -16"><span class='ocrx_word' id='word_1_680' title='bbox 359 4909 658 4980; x_wconf 88' lang='lat' dir='ltr'>dicuntur,</span> <span class='ocrx_word' id='word_1_681' title='bbox 685 4906 910 4978; x_wconf 89' lang='lat' dir='ltr'>aliquid</span> <span class='ocrx_word' id='word_1_682' title='bbox 940 4904 1026 4961; x_wconf 90' lang='lat' dir='ltr'>eis</span> <span class='ocrx_word' id='word_1_683' title='bbox 1069 4903 1400 4960; x_wconf 84' lang='lat' dir='ltr'>reverentia:</span> <span class='ocrx_word' id='word_1_684' title='bbox 1451 4904 1751 4971; x_wconf 89' lang='lat' dir='ltr'>referatur,</span> <span class='ocrx_word' id='word_1_685' title='bbox 1786 4907 1844 4960; x_wconf 90' lang='lat' dir='ltr'>et</span> <span class='ocrx_word' id='word_1_686' title='bbox 1873 4904 2014 4976; x_wconf 92' lang='lat' dir='ltr'>quia</span> 
     </span>
    </p>
   </div>
   <div class='ocr_carea' id='block_1_94' title="bbox 359 4993 2012 5071">
    <p class='ocr_par' dir='ltr' id='par_1_94' title="bbox 359 4993 2012 5071">
     <span class='ocr_line' id='line_1_94' title="bbox 359 4993 2012 5071; baseline -0.002 -17"><span class='ocrx_word' id='word_1_687' title='bbox 359 5013 488 5054; x_wconf 88' lang='lat' dir='ltr'>esse</span> <span class='ocrx_word' id='word_1_688' title='bbox 501 4997 734 5071; x_wconf 89' lang='lat' dir='ltr'>penitus</span> <span class='ocrx_word' id='word_1_689' title='bbox 748 4995 1494 5066; x_wconf 89' lang='lat' dir='ltr'>nesciuntur,nequaquam</span> <span class='ocrx_word' id='word_1_690' title='bbox 1514 4993 1760 5050; x_wconf 90' lang='lat' dir='ltr'>rudibus</span> <span class='ocrx_word' id='word_1_691' title='bbox 1778 4993 2012 5066; x_wconf 87' lang='lat' dir='ltr'>populis</span> 
     </span>
    </p>
   </div>
   <div class='ocr_carea' id='block_1_95' title="bbox 360 5082 2012 5155">
    <p class='ocr_par' dir='ltr' id='par_1_95' title="bbox 360 5082 2012 5155">
     <span class='ocr_line' id='line_1_95' title="bbox 360 5082 2012 5155; baseline -0.002 -14"><span class='ocrx_word' id='word_1_692' title='bbox 360 5087 588 5142; x_wconf 88' lang='lat' dir='ltr'>occasio</span> <span class='ocrx_word' id='word_1_693' title='bbox 617 5084 832 5142; x_wconf 89' lang='lat' dir='ltr'>erroris</span> <span class='ocrx_word' id='word_1_694' title='bbox 862 5088 920 5140; x_wconf 91' lang='lat' dir='ltr'>et</span> <span class='ocrx_word' id='word_1_695' title='bbox 945 5082 1384 5155; x_wconf 89' lang='lat' dir='ltr'>superstitionis</span> <span class='ocrx_word' id='word_1_696' title='bbox 1418 5082 1720 5138; x_wconf 78' lang='lat' dir='ltr'>exsistant.</span> <span class='ocrx_word' id='word_1_697' title='bbox 1739 5083 1853 5138; x_wconf 91' lang='lat' dir='ltr'>Nec</span> <span class='ocrx_word' id='word_1_698' title='bbox 1885 5099 2012 5138; x_wconf 81' lang='lat' dir='ltr'>me—-</span> 
     </span>
    </p>
   </div>
   <div class='ocr_carea' id='block_1_96' title="bbox 359 5171 2009 5244">
    <p class='ocr_par' dir='ltr' id='par_1_96' title="bbox 359 5171 2009 5244">
     <span class='ocr_line' id='line_1_96' title="bbox 359 5171 2009 5244; baseline -0.002 -14"><span class='ocrx_word' id='word_1_699' title='bbox 359 5180 524 5230; x_wconf 89' lang='lat' dir='ltr'>tuere</span> <span class='ocrx_word' id='word_1_700' title='bbox 553 5175 834 5230; x_wconf 88' lang='lat' dir='ltr'>debemus</span> <span class='ocrx_word' id='word_1_701' title='bbox 865 5189 936 5228; x_wconf 90' lang='lat' dir='ltr'>ne</span> <span class='ocrx_word' id='word_1_702' title='bbox 969 5173 1116 5228; x_wconf 89' lang='lat' dir='ltr'>forte</span> <span class='ocrx_word' id='word_1_703' title='bbox 1145 5189 1213 5228; x_wconf 80' lang='lat' dir='ltr'>ex</span> <span class='ocrx_word' id='word_1_704' title='bbox 1243 5171 1352 5227; x_wconf 90' lang='lat' dir='ltr'>hac</span> <span class='ocrx_word' id='word_1_705' title='bbox 1395 5171 1700 5244; x_wconf 88' lang='lat' dir='ltr'>diligentia</span> <span class='ocrx_word' id='word_1_706' title='bbox 1747 5171 2009 5243; x_wconf 86' lang='lat' dir='ltr'>aliquam</span> 
     </span>
    </p>
   </div>
   <div class='ocr_carea' id='block_1_97' title="bbox 359 5260 2012 5336">
    <p class='ocr_par' dir='ltr' id='par_1_97' title="bbox 359 5260 2012 5336">
     <span class='ocr_line' id='line_1_97' title="bbox 359 5260 2012 5336; baseline -0.002 -16"><span class='ocrx_word' id='word_1_707' title='bbox 359 5264 739 5320; x_wconf 70' lang='lat' dir='ltr'>offensionem</span> <span class='ocrx_word' id='word_1_708' title='bbox 751 5266 808 5318; x_wconf 87' lang='lat' dir='ltr'>in</span> <span class='ocrx_word' id='word_1_709' title='bbox 818 5260 1292 5318; x_wconf 84' lang='lat' dir='ltr'>curramus.Vult</span> <span class='ocrx_word' id='word_1_710' title='bbox 1303 5260 1460 5316; x_wconf 89' lang='lat' dir='ltr'>enim</span> <span class='ocrx_word' id='word_1_711' title='bbox 1475 5261 1844 5336; x_wconf 71' lang='lat' dir='ltr'>omnipotens</span> <span class='ocrx_word' id='word_1_712' title='bbox 1857 5261 2012 5316; x_wconf 89' lang='lat' dir='ltr'>Deus</span> 
     </span>
    </p>
   </div>
   <div class='ocr_carea' id='block_1_98' title="bbox 358 5349 2011 5422">
    <p class='ocr_par' dir='ltr' id='par_1_98' title="bbox 358 5349 2011 5422">
     <span class='ocr_line' id='line_1_98' title="bbox 358 5349 2011 5422; baseline -0.002 -13"><span class='ocrx_word' id='word_1_713' title='bbox 358 5371 466 5410; x_wconf 91' lang='lat' dir='ltr'>nos</span> <span class='ocrx_word' id='word_1_714' title='bbox 495 5354 556 5410; x_wconf 89' lang='lat' dir='ltr'>in</span> <span class='ocrx_word' id='word_1_715' title='bbox 587 5354 762 5410; x_wconf 89' lang='lat' dir='ltr'>rebus</span> <span class='ocrx_word' id='word_1_716' title='bbox 793 5351 919 5410; x_wconf 90' lang='lat' dir='ltr'>suis</span> <span class='ocrx_word' id='word_1_717' title='bbox 949 5356 1151 5408; x_wconf 88' lang='lat' dir='ltr'>cautos</span> <span class='ocrx_word' id='word_1_718' title='bbox 1183 5369 1308 5407; x_wconf 86' lang='lat' dir='ltr'>esse</span> <span class='ocrx_word' id='word_1_719' title='bbox 1331 5354 1506 5421; x_wconf 86' lang='lat' dir='ltr'>atque</span> <span class='ocrx_word' id='word_1_720' title='bbox 1528 5349 1830 5419; x_wconf 87' lang='lat' dir='ltr'>discretos,</span> <span class='ocrx_word' id='word_1_721' title='bbox 1838 5351 2011 5422; x_wconf 85' lang='lat' dir='ltr'>juxta</span> 
     </span>
    </p>
   </div>
   <div class='ocr_carea' id='block_1_99' title="bbox 357 5439 2002 5515">
    <p class='ocr_par' dir='ltr' id='par_1_99' title="bbox 357 5439 2002 5515">
     <span class='ocr_line' id='line_1_99' title="bbox 357 5439 2002 5515; baseline -0.001 -17"><span class='ocrx_word' id='word_1_722' title='bbox 357 5447 710 5515; x_wconf 65' lang='lat' dir='ltr'>praeceptum</span> <span class='ocrx_word' id='word_1_723' title='bbox 741 5439 998 5514; x_wconf 88' lang='lat' dir='ltr'>Apostoli</span> <span class='ocrx_word' id='word_1_724' title='bbox 1033 5441 1316 5496; x_wconf 87' lang='lat' dir='ltr'>dicentis:</span> <span class='ocrx_word' id='word_1_725' title='bbox 1346 5463 1373 5491; x_wconf 92' lang='grc'><em>‹‹</em></span> <span class='ocrx_word' id='word_1_726' title='bbox 1409 5439 1619 5496; x_wconf 90' lang='lat' dir='ltr'>Omnia</span> <span class='ocrx_word' id='word_1_727' title='bbox 1644 5444 1837 5495; x_wconf 87' lang='lat' dir='ltr'>autem</span> <span class='ocrx_word' id='word_1_728' title='bbox 1871 5457 2002 5511; x_wconf 88' lang='lat' dir='ltr'>pro-</span> 
     </span>
    </p>
   </div>
   <div class='ocr_carea' id='block_1_100' title="bbox 360 5529 2004 5602">
    <p class='ocr_par' dir='ltr' id='par_1_100' title="bbox 360 5529 2004 5602">
     <span class='ocr_line' id='line_1_100' title="bbox 360 5529 2004 5602; baseline -0.001 -14"><span class='ocrx_word' id='word_1_729' title='bbox 360 5554 388 5582; x_wconf 88' lang='grc'><strong>‹‹</strong></span> <span class='ocrx_word' id='word_1_730' title='bbox 419 5533 572 5600; x_wconf 84' lang='lat' dir='ltr'>bats,</span> <span class='ocrx_word' id='word_1_731' title='bbox 597 5531 752 5602; x_wconf 90' lang='lat' dir='ltr'>quod</span> <span class='ocrx_word' id='word_1_732' title='bbox 775 5531 993 5585; x_wconf 92' lang='lat' dir='ltr'>bonum</span> <span class='ocrx_word' id='word_1_733' title='bbox 1018 5535 1107 5586; x_wconf 89' lang='lat' dir='ltr'>est</span> <span class='ocrx_word' id='word_1_734' title='bbox 1130 5532 1340 5594; x_wconf 88' lang='lat' dir='ltr'>tenete,</span> <span class='ocrx_word' id='word_1_735' title='bbox 1359 5531 1429 5584; x_wconf 87' lang='lat' dir='ltr'>ab</span> <span class='ocrx_word' id='word_1_736' title='bbox 1455 5530 1609 5585; x_wconf 88' lang='lat' dir='ltr'>omni</span> <span class='ocrx_word' id='word_1_737' title='bbox 1637 5531 1827 5602; x_wconf 80' lang='lat' dir='ltr'>specie</span> <span class='ocrx_word' id='word_1_738' title='bbox 1851 5529 2004 5586; x_wconf 85' lang='lat' dir='ltr'>mala</span> 
     </span>
    </p>
   </div>
   <div class='ocr_carea' id='block_1_101' title="bbox 357 5619 2002 5690">
    <p class='ocr_par' dir='ltr' id='par_1_101' title="bbox 357 5619 2002 5690">
     <span class='ocr_line' id='line_1_101' title="bbox 357 5619 2002 5690; baseline 0 -14"><span class='ocrx_word' id='word_1_739' title='bbox 357 5639 386 5670; x_wconf 72' lang='grc' dir='ltr'>ιι</span> <span class='ocrx_word' id='word_1_740' title='bbox 417 5621 704 5677; x_wconf 86' lang='lat' dir='ltr'>abstinete</span> <span class='ocrx_word' id='word_1_741' title='bbox 725 5638 848 5678; x_wconf 91' lang='lat' dir='ltr'>vos.</span> <span class='ocrx_word' id='word_1_742' title='bbox 873 5642 899 5669; x_wconf 72' lang='grc' dir='ltr'>ι)</span> <span class='ocrx_word' id='word_1_743' title='bbox 934 5621 1004 5676; x_wconf 86' lang='lat' dir='ltr'>Et</span> <span class='ocrx_word' id='word_1_744' title='bbox 1025 5620 1236 5676; x_wconf 86' lang='lat' dir='ltr'>iterum</span> <span class='ocrx_word' id='word_1_745' title='bbox 1263 5636 1274 5673; x_wconf 96' lang='lat'>:</span> <span class='ocrx_word' id='word_1_746' title='bbox 1310 5643 1328 5668; x_wconf 83' lang='lat'><strong>«</strong></span> <span class='ocrx_word' id='word_1_747' title='bbox 1359 5619 1502 5674; x_wconf 83' lang='lat' dir='ltr'>Nam</span> <span class='ocrx_word' id='word_1_748' title='bbox 1532 5624 1589 5676; x_wconf 87' lang='lat' dir='ltr'>et</span> <span class='ocrx_word' id='word_1_749' title='bbox 1611 5619 1736 5690; x_wconf 89' lang='lat' dir='ltr'>ipse</span> <span class='ocrx_word' id='word_1_750' title='bbox 1755 5621 2002 5676; x_wconf 87' lang='lat' dir='ltr'>Satanas</span> 
     </span>
    </p>
   </div>
   <div class='ocr_carea' id='block_1_102' title="bbox 357 5707 2006 5782">
    <p class='ocr_par' dir='ltr' id='par_1_102' title="bbox 357 5707 2006 5782">
     <span class='ocr_line' id='line_1_102' title="bbox 357 5707 2006 5782; baseline -0.001 -16"><span class='ocrx_word' id='word_1_751' title='bbox 357 5729 386 5756; x_wconf 73' lang='grc' dir='ltr'>α</span> <span class='ocrx_word' id='word_1_752' title='bbox 416 5710 799 5782; x_wconf 80' lang='lat' dir='ltr'>transfigurat</span> <span class='ocrx_word' id='word_1_753' title='bbox 827 5727 888 5763; x_wconf 90' lang='lat' dir='ltr'>se</span> <span class='ocrx_word' id='word_1_754' title='bbox 909 5710 968 5763; x_wconf 91' lang='lat' dir='ltr'>in</span> <span class='ocrx_word' id='word_1_755' title='bbox 993 5708 1266 5780; x_wconf 89' lang='lat' dir='ltr'>angelum</span> <span class='ocrx_word' id='word_1_756' title='bbox 1297 5707 1468 5764; x_wconf 88' lang='lat' dir='ltr'>lueis.</span> <span class='ocrx_word' id='word_1_757' title='bbox 1499 5732 1525 5759; x_wconf 82' lang='grc'>››</span> <span class='ocrx_word' id='word_1_758' title='bbox 1552 5709 1714 5765; x_wconf 88' lang='lat' dir='ltr'>Unde</span> <span class='ocrx_word' id='word_1_759' title='bbox 1736 5715 1789 5764; x_wconf 91' lang='lat' dir='ltr'>et</span> <span class='ocrx_word' id='word_1_760' title='bbox 1813 5710 2006 5765; x_wconf 89' lang='lat' dir='ltr'>Domi-</span> 
     </span>
    </p>
   </div>
   <div class='ocr_carea' id='block_1_103' title="bbox 358 5815 1999 5960">
    <p class='ocr_par' dir='ltr' id='par_1_103' title="bbox 358 5815 1999 5960">
     <span class='ocr_line' id='line_1_103' title="bbox 358 5815 1999 5960; baseline -0.001 -89"><span class='ocrx_word' id='word_1_761' title='bbox 358 5815 640 5960; x_wconf 38' lang='lat'>“$818119</span> <span class='ocrx_word' id='word_1_762' title='bbox 681 5815 926 5875; x_wconf 83' lang='lat' dir='ltr'>Severus</span> <span class='ocrx_word' id='word_1_763' title='bbox 974 5815 1036 5876; x_wconf 84' lang='lat' dir='ltr'>in</span> <span class='ocrx_word' id='word_1_764' title='bbox 1083 5815 1185 5874; x_wconf 86' lang='lat' dir='ltr'>lib.</span> <span class='ocrx_word' id='word_1_765' title='bbox 1228 5817 1298 5873; x_wconf 89' lang='lat' dir='ltr'>de</span> <span class='ocrx_word' id='word_1_766' title='bbox 1345 5815 1477 5874; x_wconf 88' lang='lat' dir='ltr'>Vita</span> <span class='ocrx_word' id='word_1_767' title='bbox 1530 5815 1685 5874; x_wconf 86' lang='lat' dir='ltr'>beati</span> <span class='ocrx_word' id='word_1_768' title='bbox 1743 5817 1999 5891; x_wconf 63' lang='lat' dir='ltr'>Martini,</span> 
     </span>
    </p>
   </div>
   <div class='ocr_carea' id='block_1_104' title="bbox 2120 4903 3768 4979">
    <p class='ocr_par' dir='ltr' id='par_1_104' title="bbox 2120 4903 3768 4979">
     <span class='ocr_line' id='line_1_104' title="bbox 2120 4903 3768 4979; baseline 0.001 -19"><span class='ocrx_word' id='word_1_769' title='bbox 2120 4908 2238 4976; x_wconf 86' lang='lat' dir='ltr'>tur,</span> <span class='ocrx_word' id='word_1_770' title='bbox 2260 4903 2402 4959; x_wconf 89' lang='lat' dir='ltr'>viles</span> <span class='ocrx_word' id='word_1_771' title='bbox 2427 4910 2482 4960; x_wconf 92' lang='lat' dir='ltr'>et</span> <span class='ocrx_word' id='word_1_772' title='bbox 2503 4922 2756 4977; x_wconf 88' lang='lat' dir='ltr'>nequam</span> <span class='ocrx_word' id='word_1_773' title='bbox 2792 4905 3156 4978; x_wconf 81' lang='lat' dir='ltr'>homunculi,</span> <span class='ocrx_word' id='word_1_774' title='bbox 3180 4913 3419 4979; x_wconf 89' lang='lat' dir='ltr'>accepta</span> <span class='ocrx_word' id='word_1_775' title='bbox 3447 4909 3768 4974; x_wconf 87' lang='lat' dir='ltr'>occasione,</span> 
     </span>
    </p>
   </div>
   <div class='ocr_carea' id='block_1_105' title="bbox 2121 4993 3768 5068">
    <p class='ocr_par' dir='ltr' id='par_1_105' title="bbox 2121 4993 3768 5068">
     <span class='ocr_line' id='line_1_105' title="bbox 2121 4993 3768 5068; baseline 0.001 -20"><span class='ocrx_word' id='word_1_776' title='bbox 2121 4993 2240 5048; x_wconf 89' lang='lat' dir='ltr'>sive</span> <span class='ocrx_word' id='word_1_777' title='bbox 2264 4993 2610 5050; x_wconf 88' lang='lat' dir='ltr'>necessitate</span> <span class='ocrx_word' id='word_1_778' title='bbox 2640 4993 2814 5050; x_wconf 85' lang='lat' dir='ltr'>famis</span> <span class='ocrx_word' id='word_1_779' title='bbox 2847 5000 3111 5067; x_wconf 82' lang='lat' dir='ltr'>cogente,</span> <span class='ocrx_word' id='word_1_780' title='bbox 3137 4994 3256 5052; x_wconf 85' lang='lat' dir='ltr'>sive</span> <span class='ocrx_word' id='word_1_781' title='bbox 3285 4996 3607 5068; x_wconf 89' lang='lat' dir='ltr'>cupiditate</span> <span class='ocrx_word' id='word_1_782' title='bbox 3627 4995 3768 5051; x_wconf 89' lang='lat' dir='ltr'>lucri</span> 
     </span>
    </p>
   </div>
   <div class='ocr_carea' id='block_1_106' title="bbox 2121 5082 3769 5156">
    <p class='ocr_par' dir='ltr' id='par_1_106' title="bbox 2121 5082 3769 5156">
     <span class='ocr_line' id='line_1_106' title="bbox 2121 5082 3769 5156; baseline 0.002 -20"><span class='ocrx_word' id='word_1_783' title='bbox 2121 5082 2802 5155; x_wconf 86' lang='lat' dir='ltr'>instigante,istiusmodi</span> <span class='ocrx_word' id='word_1_784' title='bbox 2828 5083 2985 5139; x_wconf 86' lang='lat' dir='ltr'>velut</span> <span class='ocrx_word' id='word_1_785' title='bbox 3014 5084 3769 5156; x_wconf 85' lang='lat' dir='ltr'>percussiones,etcollisio-</span> 
     </span>
    </p>
   </div>
   <div class='ocr_carea' id='block_1_107' title="bbox 2121 5173 3766 5248">
    <p class='ocr_par' dir='ltr' id='par_1_107' title="bbox 2121 5173 3766 5248">
     <span class='ocr_line' id='line_1_107' title="bbox 2121 5173 3766 5248; baseline 0.001 -21"><span class='ocrx_word' id='word_1_786' title='bbox 2121 5176 2311 5240; x_wconf 88' lang='lat' dir='ltr'>ncs,et</span> <span class='ocrx_word' id='word_1_787' title='bbox 2331 5173 2889 5244; x_wconf 86' lang='lat' dir='ltr'>dementationes,ac</span> <span class='ocrx_word' id='word_1_788' title='bbox 2914 5191 3150 5229; x_wconf 84' lang='lat' dir='ltr'>rursum</span> <span class='ocrx_word' id='word_1_789' title='bbox 3173 5175 3528 5242; x_wconf 89' lang='lat' dir='ltr'>sanationes,</span> <span class='ocrx_word' id='word_1_790' title='bbox 3554 5175 3766 5248; x_wconf 80' lang='lat' dir='ltr'>ﬁngere</span> 
     </span>
    </p>
   </div>
   <div class='ocr_carea' id='block_1_108' title="bbox 2120 5263 3761 5335">
    <p class='ocr_par' dir='ltr' id='par_1_108' title="bbox 2120 5263 3761 5335">
     <span class='ocr_line' id='line_1_108' title="bbox 2120 5263 3761 5335; baseline 0.001 -19"><span class='ocrx_word' id='word_1_791' title='bbox 2120 5267 2294 5334; x_wconf 88' lang='lat' dir='ltr'>atque</span> <span class='ocrx_word' id='word_1_792' title='bbox 2307 5264 2613 5318; x_wconf 85' lang='lat' dir='ltr'>ostendare</span> <span class='ocrx_word' id='word_1_793' title='bbox 2627 5263 3052 5335; x_wconf 79' lang='lat' dir='ltr'>eoeperint,sive</span> <span class='ocrx_word' id='word_1_794' title='bbox 3066 5263 3184 5320; x_wconf 91' lang='lat' dir='ltr'>sint</span> <span class='ocrx_word' id='word_1_795' title='bbox 3199 5263 3453 5332; x_wconf 86' lang='lat' dir='ltr'>viri,sive</span> <span class='ocrx_word' id='word_1_796' title='bbox 3469 5264 3761 5320; x_wconf 87' lang='lat' dir='ltr'>mulieres.</span> 
     </span>
    </p>
   </div>
   <div class='ocr_carea' id='block_1_109' title="bbox 2190 5350 3764 5424">
    <p class='ocr_par' dir='ltr' id='par_1_109' title="bbox 2190 5350 3764 5424">
     <span class='ocr_line' id='line_1_109' title="bbox 2190 5350 3764 5424; baseline 0.001 -19"><span class='ocrx_word' id='word_1_797' title='bbox 2190 5350 2257 5406; x_wconf 75' lang='grc' dir='ltr'><strong>ν.</strong></span> <span class='ocrx_word' id='word_1_798' title='bbox 2283 5353 2443 5417; x_wconf 88' lang='lat' dir='ltr'>Quod</span> <span class='ocrx_word' id='word_1_799' title='bbox 2477 5370 2609 5407; x_wconf 88' lang='lat' dir='ltr'>cum</span> <span class='ocrx_word' id='word_1_800' title='bbox 2643 5352 3284 5424; x_wconf 85' lang='lat' dir='ltr'>populus,supervacua</span> <span class='ocrx_word' id='word_1_801' title='bbox 3309 5351 3583 5424; x_wconf 89' lang='lat' dir='ltr'>opinione</span> <span class='ocrx_word' id='word_1_802' title='bbox 3617 5353 3764 5409; x_wconf 83' lang='lat' dir='ltr'>delu-</span> 
     </span>
    </p>
   </div>
   <div class='ocr_carea' id='block_1_110' title="bbox 2115 5441 3760 5514">
    <p class='ocr_par' dir='ltr' id='par_1_110' title="bbox 2115 5441 3760 5514">
     <span class='ocr_line' id='line_1_110' title="bbox 2115 5441 3760 5514; baseline 0.001 -20"><span class='ocrx_word' id='word_1_803' title='bbox 2115 5459 2238 5508; x_wconf 87' lang='lat' dir='ltr'>sus,</span> <span class='ocrx_word' id='word_1_804' title='bbox 2272 5441 2330 5495; x_wconf 91' lang='lat' dir='ltr'>in</span> <span class='ocrx_word' id='word_1_805' title='bbox 2364 5442 2752 5498; x_wconf 82' lang='lat' dir='ltr'>admiratione</span> <span class='ocrx_word' id='word_1_806' title='bbox 2805 5441 2888 5497; x_wconf 87' lang='lat' dir='ltr'>vel</span> <span class='ocrx_word' id='word_1_807' title='bbox 2943 5447 3160 5497; x_wconf 85' lang='lat' dir='ltr'>terrore</span> <span class='ocrx_word' id='word_1_808' title='bbox 3210 5441 3422 5498; x_wconf 84' lang='lat' dir='ltr'>habere</span> <span class='ocrx_word' id='word_1_809' title='bbox 3473 5444 3760 5514; x_wconf 57' lang='lat' dir='ltr'>erupisset,</span> 
     </span>
    </p>
   </div>
   <div class='ocr_carea' id='block_1_111' title="bbox 2117 5529 3760 5602">
    <p class='ocr_par' dir='ltr' id='par_1_111' title="bbox 2117 5529 3760 5602">
     <span class='ocr_line' id='line_1_111' title="bbox 2117 5529 3760 5602; baseline 0.001 -19"><span class='ocrx_word' id='word_1_810' title='bbox 2117 5533 2279 5584; x_wconf 90' lang='lat' dir='ltr'>tanta</span> <span class='ocrx_word' id='word_1_811' title='bbox 2313 5529 2449 5585; x_wconf 88' lang='lat' dir='ltr'>illuc</span> <span class='ocrx_word' id='word_1_812' title='bbox 2480 5532 2742 5586; x_wconf 86' lang='lat' dir='ltr'>conferre</span> <span class='ocrx_word' id='word_1_813' title='bbox 2772 5535 2828 5586; x_wconf 89' lang='lat' dir='ltr'>et</span> <span class='ocrx_word' id='word_1_814' title='bbox 2847 5531 3016 5602; x_wconf 86' lang='lat' dir='ltr'>quasi</span> <span class='ocrx_word' id='word_1_815' title='bbox 3051 5531 3200 5586; x_wconf 87' lang='lat' dir='ltr'>male</span> <span class='ocrx_word' id='word_1_816' title='bbox 3231 5529 3589 5587; x_wconf 83' lang='lat' dir='ltr'>habentibus</span> <span class='ocrx_word' id='word_1_817' title='bbox 3615 5531 3760 5586; x_wconf 77' lang='lat' dir='ltr'>velut</span> 
     </span>
    </p>
   </div>
   <div class='ocr_carea' id='block_1_112' title="bbox 2114 5620 3760 5692">
    <p class='ocr_par' dir='ltr' id='par_1_112' title="bbox 2114 5620 3760 5692">
     <span class='ocr_line' id='line_1_112' title="bbox 2114 5620 3760 5692; baseline -0.001 -17"><span class='ocrx_word' id='word_1_818' title='bbox 2114 5636 2182 5675; x_wconf 74' lang='lat' dir='ltr'>ex</span> <span class='ocrx_word' id='word_1_819' title='bbox 2213 5620 2625 5676; x_wconf 66' lang='lat' dir='ltr'>misericordia:</span> <span class='ocrx_word' id='word_1_820' title='bbox 2655 5620 3060 5692; x_wconf 81' lang='lat' dir='ltr'>compassione</span> <span class='ocrx_word' id='word_1_821' title='bbox 3111 5621 3526 5677; x_wconf 87' lang='lat' dir='ltr'>administrare</span> <span class='ocrx_word' id='word_1_822' title='bbox 3575 5637 3760 5692; x_wconf 74' lang='lat' dir='ltr'>cmpe-</span> 
     </span>
    </p>
   </div>
   <div class='ocr_carea' id='block_1_113' title="bbox 2114 5708 3760 5782">
    <p class='ocr_par' dir='ltr' id='par_1_113' title="bbox 2114 5708 3760 5782">
     <span class='ocr_line' id='line_1_113' title="bbox 2114 5708 3760 5782; baseline 0 -19"><span class='ocrx_word' id='word_1_823' title='bbox 2114 5714 2269 5779; x_wconf 90' lang='lat' dir='ltr'>runt,</span> <span class='ocrx_word' id='word_1_824' title='bbox 2294 5715 2357 5764; x_wconf 90' lang='lat' dir='ltr'>ut</span> <span class='ocrx_word' id='word_1_825' title='bbox 2373 5709 2612 5767; x_wconf 74' lang='lat' dir='ltr'>omnino</span> <span class='ocrx_word' id='word_1_826' title='bbox 2629 5709 2730 5782; x_wconf 91' lang='lat' dir='ltr'>qui</span> <span class='ocrx_word' id='word_1_827' title='bbox 2748 5708 2886 5765; x_wconf 91' lang='lat' dir='ltr'>talia</span> <span class='ocrx_word' id='word_1_828' title='bbox 2907 5709 3026 5782; x_wconf 88' lang='lat' dir='ltr'>pati</span> <span class='ocrx_word' id='word_1_829' title='bbox 3049 5709 3416 5779; x_wconf 88' lang='lat' dir='ltr'>videbantur,</span> <span class='ocrx_word' id='word_1_830' title='bbox 3434 5728 3551 5767; x_wconf 89' lang='lat' dir='ltr'>non</span> <span class='ocrx_word' id='word_1_831' title='bbox 3573 5710 3760 5767; x_wconf 87' lang='lat' dir='ltr'>solum</span> 
     </span>
    </p>
   </div>
   <div class='ocr_carea' id='block_1_114' title="bbox 2181 5815 3026 5894">
    <p class='ocr_par' dir='ltr' id='par_1_114' title="bbox 2181 5815 3026 5894">
     <span class='ocr_line' id='line_1_114' title="bbox 2181 5815 3026 5894; baseline 0.005 -20"><span class='ocrx_word' id='word_1_832' title='bbox 2181 5818 2208 5855; x_wconf 69' lang='grc' dir='ltr'>δ</span> <span class='ocrx_word' id='word_1_833' title='bbox 2237 5817 2480 5874; x_wconf 90' lang='lat' dir='ltr'>Decreta</span> <span class='ocrx_word' id='word_1_834' title='bbox 2510 5815 2743 5888; x_wconf 87' lang='lat' dir='ltr'>Gelasii,</span> <span class='ocrx_word' id='word_1_835' title='bbox 2781 5835 2908 5894; x_wconf 86' lang='lat' dir='ltr'>cap.</span> <span class='ocrx_word' id='word_1_836' title='bbox 2937 5817 3026 5878; x_wconf 80' lang='grc'>25.</span> 
     </span>
    </p>
   </div>
  </div>
