3900 6392
400 404 497 464 :83

1641 411 2045 505 AMULQNIS
2091 411 2333 475 EPISC.
2384 420 2614 482 LUGD.
3762 429 3826 491 ei

487 554 637 611 VIII.
671 551 815 609 Cum
867 550 990 607 haec
1037 548 1319 623 largiente
1348 551 1513 608 vobis
1546 553 1793 609 Domino
1825 555 2074 613 fideliter
2100 547 2152 614 Α
2192 577 2213 603 ι
2241 559 2299 611 et
2318 555 2766 617 immaculatum
2794 579 2857 618 se
2886 561 3180 620 custodire
3197 561 3268 620 ab
3286 562 3395 621 hoc
3412 562 3825 633 saeculo.nQua-

417 650 593 718 atque
612 644 871 699 instante
887 642 1233 697 annuntiata
1263 643 1478 698 fuerint
1510 648 1566 698 et
1597 646 2070 713 observata,con-

416 735 657 791 fidimus
679 733 737 786 in
760 731 949 804 ipsius
981 732 1500 805 pietate,quoniam
1536 741 1801 791 cessante
1824 736 1982 793 inani
2004 756 2072 793 ac

416 837 775 894 supervacua
806 821 1114 893 largitione
1147 839 1457 878 munerum
1491 842 1558 879 ac
1588 829 2072 894 votorum,cessa-
2100 830 2110 839 ’

414 914 500 969 bit
529 910 707 966 etiam
741 909 1057 965 multitudo
1099 912 1198 967 illa
1237 913 1647 969 simulantium
1681 920 1737 969 et
1772 915 2068 974 simulatio

413 1000 863 1074 percussionum
886 1017 953 1056 ac
974 1001 1641 1071 dementationum,cum
1662 1008 2069 1080 unusquisque

410 1108 527 1146 non
548 1107 698 1146 vana
722 1094 781 1145 et
811 1090 958 1146 falsa
988 1095 1306 1157 ostentare,
1338 1094 1438 1148 sed
1471 1095 1541 1149 ad
1573 1098 1903 1167 corpusculi
1938 1116 2067 1155 sus-

410 1179 795 1236 tentationem
847 1182 1179 1237 necessaria
1226 1199 1483 1253 qumrere
1513 1184 1597 1239 vel
1632 1186 1805 1241 etiam
1840 1189 2067 1243 mendi-

408 1285 543 1325 care
571 1274 850 1341 cogetur;
882 1269 963 1326 ita
994 1275 1059 1326 ut
1091 1271 1137 1327 si
1171 1272 1317 1327 forte
1349 1272 1529 1344 aliqui
1562 1275 1975 1333 obstinatiores
2007 1279 2065 1333 in

407 1358 511 1415 tali
545 1359 692 1415 facto
733 1375 1013 1431 apparere
1059 1360 1366 1429 voluerint,
1400 1362 1564 1418 duris
1596 1366 1834 1422 omnino
1865 1368 2063 1422 verbo-

407 1448 575 1505 ribus
605 1448 859 1517 coerciti,
893 1451 965 1506 ad
1022 1452 1452 1507 confessionem
1507 1453 1768 1511 veritatis
1811 1456 2064 1528 compel-

407 1538 567 1594 lendi
601 1539 770 1595 nobis
819 1556 948 1595 esse
994 1540 1321 1597 videantur.
1355 1543 1503 1601 Nam
1536 1545 1644 1599 etsi
1676 1544 1819 1599 illud
1861 1562 2063 1601 verum

406 1630 563 1685 esset
592 1631 659 1683 ut
688 1628 987 1685 discedere
1019 1647 1054 1685 a
1082 1630 1227 1687 locis
1256 1631 1374 1687 illis
1404 1637 1698 1690 tentantes
1757 1634 2063 1691 confestim

407 1734 557 1773 novo
589 1718 777 1774 morbi
799 1734 1010 1791 genere
1030 1719 1481 1792 corriperentur,
1503 1727 1723 1793 quanto
1756 1727 1910 1780 esset
1941 1741 2063 1780 ma-

407 1806 682 1863 nifestius
711 1807 821 1863 hoc
851 1824 921 1863 ex
945 1807 1164 1865 diaboli
1220 1810 1663 1884 impugnatione
1722 1814 1868 1880 fieri,
1901 1818 2064 1871 tanto

406 1896 802 1954 confidentius
840 1898 1088 1955 Domino
1132 1900 1450 1956 miserante
1477 1918 1544 1958 ac
1575 1906 1915 1976 protegente
1943 1907 2068 1960 erat
2095 1920 2144 1985 Β

404 1986 852 2055 discedendum,
888 1991 945 2043 et
972 1989 1331 2062 contemptis
1356 1989 1606 2047 fideliter
1635 1992 1859 2048 inimici
1890 1996 2068 2049 terro-

406 2075 658 2143 ribus,in
690 2075 834 2133 locis
856 2076 1135 2155 legitimis
1168 2096 1328 2135 more
1358 2079 1754 2139 ecclesiastico
1785 2082 1945 2139 illius
1963 2084 2067 2139 mi-

406 2166 736 2222 sericordia!
768 2158 1246 2238 supplicandum.
1265 2169 1464 2242 Neque
1480 2170 1637 2225 enim
1654 2170 1808 2227 inter
1829 2177 2064 2228 sanctos

407 2258 696 2327 martyres
718 2258 776 2310 et
798 2255 1047 2328 spiritus
1068 2260 1164 2328 atq
1174 2274 1243 2312 ue
1260 2258 1490 2315 animas
1494 2261 1795 2331 justorum
1810 2279 1943 2317 cum
1959 2263 2065 2319 Do-

407 2343 570 2398 mino
607 2343 735 2414 jam
774 2344 1147 2415 regnantium
1170 2345 1288 2401 illic
1318 2347 1539 2404 invidia
1567 2350 1925 2421 suspicanda
1953 2355 2061 2419 est,

408 2432 508 2488 sed
533 2430 706 2504 plena
735 2432 1039 2489 charitatis
1070 2434 1288 2503 unitas,
1331 2439 1388 2490 et
1419 2437 1653 2508 pietatis
1684 2439 1933 2494 societas
1959 2457 1972 2506 ;
2005 2444 2064 2494 et

408 2520 539 2577 ideo
555 2519 733 2576 simul
759 2520 872 2577 sibi
895 2521 1121 2579 oblatos
1141 2541 1344 2596 azgros,
1362 2524 1411 2581 si
1440 2525 1691 2582 vitanda:
1723 2528 2062 2584 tentationis

405 2609 596 2683 gratia
626 2610 879 2667 fideliter
899 2613 969 2667 ad
996 2612 1247 2669 aliorum
1280 2618 1620 2671 sanctorum
1650 2616 1855 2671 limina
1886 2618 2063 2673 dedu-

405 2703 636 2767 cantur,
672 2717 1047 2774 nequaquam
1082 2701 1400 2775 indignari,
1436 2704 1550 2760 sed
1572 2704 1766 2777 potius
1798 2706 1986 2761 favere
2004 2712 2062 2762 et

404 2790 773 2861 congaudere
805 2795 978 2863 atque
1007 2792 1399 2864 congratulari
1432 2794 1708 2850 credendi
1742 2800 1899 2851 sunt.
1916 2798 2061 2862 Quo-

402 2895 536 2935 rum
557 2896 712 2935 unus
732 2880 1304 2953 praacipuc,magnus
1318 2882 1586 2938 videlicet
1603 2884 1902 2955 apostolus
1920 2886 2062 2941 Pau-

401 2965 515 3035 lus,
549 2972 789 3040 propter
818 2969 970 3025 hanc
1000 2971 1285 3026 unitatem
1315 2971 1560 3044 spiritus
1590 2972 1812 3029 caeteris
1837 2974 2059 3030 sanctis

400 3056 570 3113 dicit:
592 3057 692 3115 «Si
718 3058 809 3114 cui
836 3063 1031 3115 autem
1057 3059 1274 3133 aliquid
1301 3061 1555 3127 donatis,
1575 3066 1633 3117 et
1664 3079 1789 3134 ego.
1826 3063 1972 3120 Nam
2004 3069 2061 3119 et

400 3164 552 3219 «ego
575 3148 625 3204 si
647 3149 785 3221 quid
818 3148 1293 3221 donavi,proptcr
1308 3167 1409 3205 vos
1432 3150 1489 3205 in
1514 3168 1763 3223 persona
1783 3152 2053 3207 Christi.»

396 3237 560 3303 Quod
593 3236 642 3293 si
673 3240 873 3293 votum
906 3242 963 3293 et
992 3238 1350 3294 desiderium
1396 3244 1486 3295 est
1523 3239 1873 3311 populorum
1908 3243 2052 3298 fide-

393 3322 931 3390 lium,diversOrum
946 3330 1269 3399 martyrum
1288 3331 1347 3382 et
1361 3332 1701 3383 emterorum
1717 3334 2052 3386 sanctorum

374 3462 375 3465 η
396 3411 604 3468 limina
626 3413 969 3485 suppliciter
996 3416 1388 3487 frequentare,
1414 3420 1554 3472 sunt
1574 3418 1699 3472 dies
1722 3419 1862 3474 certi
1886 3423 1944 3474 et
1967 3419 2053 3475 le-

395 3499 1093 3574 gitimi,quibusidjuxta
1108 3505 1413 3577 antiquam
1443 3506 1712 3561 Ecclesia:
1745 3507 2054 3564 observan-

395 3589 538 3644 tiam
571 3590 775 3647 devote
817 3609 1083 3648 exercere
1131 3593 1457 3660 conveniat,
1491 3597 1752 3666 tempore
1782 3595 2052 3653 videlicet

366 3677 755 3751 generalium
778 3680 1171 3752 rogationum,
1195 3685 1252 3736 et
1265 3698 1367 3753 pro
1390 3681 1634 3737 diversis
1656 3683 2048 3740 tribulationi-

391 3766 504 3822 bus
535 3784 600 3823 ac
645 3768 1097 3827 necessitatibus
1144 3769 1500 3826 indictarum
1548 3770 1911 3841 litaniarum,
1944 3792 2047 3830 seu

388 3857 992 3929 quadragesimalium
1017 3858 1531 3931 jejunlorum,sive
1551 3860 1809 3932 etiamin
1832 3861 2048 3934 vigiliis

386 3948 444 4000 et
474 3946 759 4005 natalitiis
791 3953 1137 4020 martyrum.

459 4035 550 4091 IX.
585 4037 721 4103 Qum
775 4038 977 4094 omnia
1006 4041 1063 4095 et
1091 4055 1159 4093 ex
1192 4037 1539 4094 universalis
1594 4038 1864 4094 Ecclesiae
1920 4039 2045 4111 lege

384 4124 773 4192 descendunt,
805 4129 862 4182 et
893 4127 1264 4182 sacerdotum
1296 4125 1706 4199 praadicatione
1728 4145 1793 4183 ac
1824 4129 2044 4183 denun-

386 4211 629 4268 tiatione
672 4215 1179 4283 commendantur,
1213 4220 1271 4270 et
1301 4214 1563 4271 omnium
1606 4215 1868 4272 fidelium
1901 4217 2041 4273 obe—

384 4298 606 4356 dientia
630 4306 687 4357 et
714 4302 928 4374 pietate
960 4303 1244 4360 attentius
1274 4305 1638 4360 observanda
1668 4310 1827 4373 sunt,
1854 4323 2040 4378 quan-

383 4405 561 4461 quam
580 4393 636 4445 et
651 4391 875 4447 ceteris
907 4391 1114 4447 diebus
1144 4409 1280 4447 cum
1312 4392 1543 4448 silentio
1565 4397 1622 4448 et
1653 4393 1907 4464 puritate
1940 4394 2036 4449 de-

380 4477 651 4546 votionis,
675 4496 789 4535 non
814 4480 873 4535 in
905 4481 1294 4537 ostentatione
1326 4485 1382 4536 et
1412 4481 1692 4548 tumultu,
1715 4499 1881 4537 sacra
1913 4481 2038 4538 loca
2069 4529 2085 4543 .

379 4566 763 4637 probabiliter
781 4569 1284 4626 visitentur.Nunc
1304 4587 1436 4626 vero
1459 4574 1680 4641 quamta
1700 4571 1844 4625 absu
1855 4571 2036 4626 rditas

2183 648 2355 702 tenus
2391 649 2511 704 hmo
2545 654 2718 723 atque
2748 651 3088 723 hujusmodi
3128 653 3446 725 apostolica
3472 655 3825 711 hortamenta

2182 739 2550 793 attendentes
2584 744 2702 794 tam
2736 742 3057 815 presbyteri
3106 761 3286 815 quam
3318 743 3539 815 populi,
3572 749 3747 817 atque
3775 745 3823 801 in

2180 824 2323 881 locis
2347 828 2471 881 suis
2495 830 2717 897 devote,
2746 831 3034 887 instanter
3065 850 3131 888 ac
3164 832 3414 888 fideliter
3437 833 3688 890 Domino
3718 852 3823 889 ser~

2178 914 2423 983 vientes,
2458 918 2777 975 sinceritati
2802 921 3016 977 mentis
3038 926 3095 977 et
3117 922 3404 978 fructibus
3427 923 3821 978 misericordia

2179 1004 2375 1075 potius
2397 1009 2675 1063 studeant
2692 1028 2869 1081 quam
2891 1010 3134 1066 vanitati
3158 1011 3242 1066 vel
3269 1013 3671 1067 ostentationi.
3694 1013 3821 1067 Nam

2179 1093 2283 1146 etsi
2305 1095 2543 1165 quidam
2568 1097 2801 1153 illorum
2829 1098 3128 1155 fallaciam
3160 1103 3335 1172 atque
3359 1098 3691 1156 fallentium
3710 1118 3825 1155 vere

2176 1186 2555 1253 energumcni
2588 1192 2645 1241 et
2675 1189 2959 1260 arreptitii
2994 1194 3212 1257 essent,
3248 1206 3409 1245 more
3440 1189 3825 1246 ecclesiastico

2174 1272 2263 1326 vel
2296 1272 2353 1327 in
2391 1273 2531 1329 locis
2562 1276 2686 1333 suis
2718 1296 2750 1332 a
2782 1279 3186 1335 sacerdotibus
3219 1279 3367 1347 suis,
3394 1279 3481 1335 vel
3508 1280 3565 1335 in
3597 1280 3828 1352 quibus-

2175 1377 2290 1432 que
2342 1367 2666 1435 martyrum
2717 1368 3072 1423 sanctuariis
3102 1386 3136 1423 a
3162 1368 3512 1441 propinquis
3540 1372 3596 1423 et
3625 1368 3826 1424 amicis

2174 1450 2485 1523 tranquille
2515 1454 2841 1510 debuerant
2871 1456 3103 1511 tractari
3144 1460 3338 1529 atque,
3372 1456 3701 1530 opitulante
3732 1458 3819 1512 Dei

2174 1539 2771 1614 gratia,purgari,non
2792 1544 3141 1616 populorum
3160 1547 3352 1602 turbis
3378 1564 3445 1603 ac
3475 1546 3825 1603 tumultibus

2174 1628 2428 1684 inaniter
2450 1633 2903 1703 prosequiJlaec,
2929 1638 3103 1704 prout
3132 1634 3426 1693 Dominus
3457 1635 3642 1701 dedit,
3671 1636 3827 1706 juxta

2175 1718 2579 1775 auctoritatem
2611 1720 2869 1776 divinam
2893 1726 2946 1778 et
2967 1722 3400 1779 institutionem
3433 1729 3745 1796 paternam
3765 1725 3825 1779 ad

2175 1805 2691 1879 interrogationem
2722 1815 2978 1866 vestram
3011 1812 3215 1868 sedulo
3237 1813 3593 1883 respondere
3615 1812 3821 1869 curavi.

2174 1894 2290 1951 Vos
2306 1897 2755 1954 etistalibenter
2783 1900 3061 1971 accipite;
3089 1904 3145 1956 et
3172 1900 3221 1957 si
3252 1918 3371 1973 qua
3400 1901 3652 1957 meliora
3686 1902 3827 1959 Deus

2176 1983 2504 2057 inspiravit,
2550 1992 2824 2059 prompta
2879 1989 3206 2045 intentione
3260 1994 3319 2045 et
3372 1988 3638 2063 vigilanti
3698 2009 3826 2047 cura

2175 2075 2433 2147 peragite
2450 2094 2462 2142 ;
2479 2080 2770 2149 quatenus
2787 2094 2926 2150 grex
2948 2077 3292 2135 Dominicus
3312 2082 3517 2135 vestra:
3548 2080 3826 2153 guberna-

2174 2162 2315 2218 tioni
2342 2165 2717 2232 commissus,
2749 2168 2950 2222 eodem
3002 2167 3251 2224 Domino
3282 2167 3621 2235 auxiliante,
3655 2174 3717 2226 et
3745 2188 3821 2225 er-

2174 2253 2322 2307 roris
2353 2254 2597 2327 effugiat
2618 2255 3133 2324 oﬂ'endiculum,et
3161 2256 3461 2329 religionis
3491 2274 3558 2313 ac
3588 2259 3822 2315 sinceri-

2171 2342 2311 2396 tatis
2332 2347 2727 2415 consequatur
2757 2344 3441 2416 augmentum.Misimus
3471 2346 3634 2402 vobis
3650 2348 3823 2403 etiam

2171 2430 2468 2502 exemplar
2513 2432 2772 2504 epistola:
2825 2434 3047 2506 przefati
3089 2433 3169 2506 pii
3210 2433 3393 2506 patris
3430 2438 3488 2490 et
3523 2434 3825 2491 nutritoris

2172 2519 2353 2573 nostri
2383 2521 2456 2575 ad
2481 2521 2608 2590 jam
2641 2522 2865 2577 dictum
2897 2524 3337 2579 Narbonensem
3370 2524 3732 2596 episcopum,
3765 2528 3826 2579 ut

2171 2606 2216 2660 si
2235 2607 2367 2678 quis
2386 2608 2456 2664 de
2470 2608 2813 2681 hujusmodi
2837 2612 3032 2667 causis
3055 2612 3335 2667 subtilius
3347 2617 3402 2668 et
3414 2611 3822 2685 pleniusnosse

2168 2695 2435 2763 voluerit,
2472 2697 2630 2754 illius
2669 2699 2915 2755 lectione
2959 2700 3200 2757 uberius
3244 2719 3309 2757 ac
3348 2702 3699 2774 profundius
3740 2702 3820 2756 in-

2170 2790 2451 2841 struatur.
2469 2787 2623 2843 Deus
2644 2789 3016 2861 omnipotens
3050 2791 3421 2846 reverendam
3455 2788 3819 2846 dilectionem

2167 2879 2420 2929 vestram
2448 2877 2517 2930 ad
2543 2877 2987 2933 zedit’icationem
3020 2878 3289 2935 Ecclesia:
3317 2879 3671 2952 suaijugiter
3692 2892 3818 2952 pro-

2169 2968 2361 3036 tegere
2390 2969 2447 3019 et
2476 2966 2772 3022 custodire
2803 2967 3096 3040 dignetur.

2767 3074 3120 3129 EPISTULA
3161 3074 3231 3130 ΙΙ.

2712 3163 2784 3200 ΑΙ)
2824 3163 2967 3200 ΟιθἸῊ
2975 3163 3211 3202 ESCALCU
3220 3164 3256 3201 Μ
3265 3188 3276 3201 .

2237 3234 2439 3287 Anum
2472 3233 2715 3289 humilis
2748 3233 3016 3291 Ecclesiae
3049 3235 3458 3308 Lugdunensis
3510 3235 3821 3308 cpiscopus

2164 3320 2548 3378 dilectissimo
2576 3323 2737 3379 fratri
2772 3324 3168 3380 GOTIIESCALCO
3189 3338 3231 3378 ι.
3261 3322 3531 3380 salutem.
3566 3325 3735 3390 Quod
3770 3329 3820 3380 te

2163 3408 2222 3464 in
2256 3410 2436 3481 hujus
2469 3412 2760 3468 sermonis
2791 3413 3026 3469 exordio
3060 3414 3297 3468 fratrem
3349 3412 3611 3479 nomine,
3644 3428 3820 3485 quem

2165 3500 2428 3555 fraterna:
2491 3499 2702 3556 unitati
2761 3502 3123 3557 contrarium
3182 3518 3296 3556 non
3357 3501 3582 3574 ignoro,
3622 3514 3713 3568 ea,
3763 3502 3819 3556 in

2162 3593 2448 3660 quantum
2484 3590 2637 3644 Deus
2660 3588 2928 3663 largitur,
2946 3590 3093 3646 facio
3124 3590 3430 3655 eharitate,
3455 3606 3633 3662 quam
3660 3590 3821 3647 Scri-

2160 3682 2335 3749 ptura
2366 3677 2535 3733 nobis
2568 3680 2841 3751 prcecepit
2871 3679 3071 3735 dicens
3104 3696 3116 3734 :
3164 3702 3185 3729 α
3220 3678 3404 3735 Dicite
3434 3679 3526 3734 his
3556 3678 3657 3752 qui
3683 3680 3818 3736 ode-

2167 3771 2485 3823 «runtvos:
2512 3769 2743 3824 Fratres
2762 3767 2945 3824 nostri
2958 3768 3119 3824 estis.
3141 3790 3161 3817 ι
3189 3767 3336 3834 Quia
3355 3767 3465 3824 etsi
3487 3786 3557 3824 ex
3579 3767 3815 3825 illorum

2157 3860 2323 3928 parte
2344 3856 2444 3929 qui
2465 3856 2755 3928 ejusmodi
2779 3862 2917 3913 sunt
2938 3855 3273 3913 fraternitas
3304 3857 3547 3930 deperit,
3579 3874 3699 3914 non
3733 3858 3815 3914 id-

2157 3945 2309 4000 circo
2339 3946 2515 4000 etiam
2546 3946 2604 4001 in
2636 3946 2806 4001 nobis
2837 3946 3149 4019 frigescere
3179 3949 3279 4002 aut
3305 3945 3493 4018 perire
3523 3946 3701 4003 debet
3730 3946 3812 4020 ip-

2156 4034 2280 4090 sius
2314 4034 2696 4090 fraternitatis
2729 4036 2991 4091 aﬂ‘ectus.
3030 4036 3193 4101 Quod
3239 4039 3433 4090 autem
3476 4052 3592 4090 non
3622 4035 3811 4091 solum

2154 4125 2416 4191 fratrem,
2453 4125 2554 4179 sed
2603 4123 2779 4179 etiam
2831 4123 3284 4179 dilectissimum
3334 4123 3485 4192 dico,
3526 4124 3812 4179 Dominus

2153 4212 2313 4268 novit
2341 4213 2480 4283 quia
2508 4216 2563 4268 te
2588 4212 2840 4267 fideliter
2869 4212 3068 4285 diligo,
3104 4212 3213 4268 hoc
3244 4211 3350 4267 tibi
3381 4212 3625 4284 cupiens
3655 4213 3807 4285 quod

2150 4306 2209 4358 et
2234 4301 2400 4357 mihi.
2435 4301 2598 4357 Unde
2630 4306 2687 4357 et
2718 4299 2972 4357 salutem
3018 4301 3123 4356 tibi
3156 4300 3439 4356 veraciter
3469 4305 3625 4372 opto,
3660 4318 3805 4373 pra:-

2150 4394 2375 4446 sentem
2408 4388 2625 4462 pariter
2654 4393 2710 4445 et
2740 4389 3026 4458 futuram,
3062 4405 3165 4461 per
3214 4406 3344 4444 eam
3394 4388 3572 4444 divini
3616 4389 3806 4445 cultus

2147 4479 2448 4551 pietatem,
2474 4496 2624 4550 quae,
2648 4478 2802 4533 sicut
2820 4477 3136 4549 Apostolus
3159 4481 3440 4533 testatur:
3463 4501 3482 4525 α
3502 4478 3586 4533 Ad
3613 4478 3808 4534 omnia

2155 4587 2175 4615 ι
2212 4566 2375 4622 utilis
2406 4571 2513 4634 est,
2550 4565 3005 4639 promissionem
3064 4566 3289 4623 habens
3330 4566 3459 4635 vita:
3491 4584 3619 4638 qua:
3653 4583 3805 4622 nunc

378 4658 468 4710 est
497 4655 619 4711 haec
650 4661 769 4713 tam
803 4657 1160 4731 legitima,et
1182 4663 1301 4714 tam
1336 4659 1572 4714 assidue
1604 4659 1951 4714 annuntiata
1972 4677 2038 4714 ac
2068 4659 2116 4725 D
2154 4676 2174 4703 ι
2211 4661 2319 4723 est,
2356 4660 2411 4711 et
2443 4656 2672 4710 futuris.
2705 4674 2733 4706 ιι
2768 4655 3028 4711 Audiens
3070 4672 3209 4711 sane
3239 4659 3295 4710 et
3324 4672 3649 4737 agnoscens
3682 4673 3801 4728 qua:

370 4743 537 4814 justa
557 4762 591 4799 a
610 4745 904 4818 plerisque
922 4747 1306 4819 popularibus
1323 4751 1424 4802 aut
1445 4746 1806 4820 negligenter
1817 4747 2028 4815 omitti,

377 4836 480 4887 aut
496 4832 590 4887 vix
611 4837 669 4889 et
692 4839 890 4891 coacte
920 4836 1236 4905 observari,
1270 4840 1327 4892 et
1347 4836 1419 4892 ad
1442 4835 1544 4890 illa
1564 4853 1691 4891 esse
1714 4837 2035 4909 promptis-

376 4920 560 4977 simos
581 4923 908 4994 quaa,nullo
934 4924 1288 4996 praedicante
1320 4942 1386 4980 ac
1419 4925 1680 4992 docente,
1707 4925 1824 4980 imo
1855 4926 2033 4981 etiam

372 5008 957 5078 obsistente,tantum
971 5012 1150 5068 animi
1171 5015 1262 5069 sui
1286 5013 1756 5086 supervacuitate
1780 5031 2033 5086 sequun-

372 5099 470 5151 tur
493 5116 506 5165 ;
532 5099 750 5170 quibus
773 5119 926 5172 saepe
947 5102 1101 5157 beati
1127 5102 1288 5157 Pauli
1313 5101 1559 5174 apostoli
1578 5120 1713 5157 voce
1737 5102 2031 5158 inculcan-

371 5184 514 5240 dum
537 5190 656 5242 est:
677 5188 971 5253 «Fratres,
1004 5190 1181 5245 nolite
1214 5189 1377 5261 pueri
1409 5190 1561 5245 effici
1592 5190 1896 5256 sensibus;
1924 5194 2027 5247 sed

378 5291 399 5319 ι
435 5273 663 5329 malitia
692 5278 917 5346 parvuli
950 5282 1155 5346 estote,
1179 5284 1245 5333 ut
1275 5278 1548 5334 sensibus
1577 5279 1983 5350 perfectisitis.
2004 5304 2025 5330 ι

370 5359 440 5414 Et
472 5359 616 5417 illud
648 5363 802 5419 beati
832 5366 1035 5422 Jacobi
1069 5366 1356 5422 dicentis:
1411 5390 1432 5415 σι
1470 5366 1693 5438 Religio
1724 5370 1946 5425 munda
1975 5375 2032 5427 et

370 5470 398 5500 ι
435 5451 819 5508 immaculata
857 5456 1010 5524 apud
1046 5455 1359 5509 Dominum
1392 5461 1448 5509 et
1480 5457 1707 5510 Patrem
1740 5456 1861 5512 hzec
1892 5463 1982 5514 est
2012 5476 2024 5514 :

375 5565 397 5590 ι
428 5541 666 5597 visitare
698 5542 952 5613 pupillos
983 5549 1041 5599 et
1070 5544 1276 5600 viduas
1310 5544 1367 5599 in
1400 5544 1779 5613 tribulatione
1802 5564 2023 5616 eorum,

2144 4746 2202 4800 iu
2218 4745 2456 4816 scriptis
2482 4743 2598 4800 tuis
2622 4743 2934 4814 misisti,et
2952 4762 3054 4816 per
3084 4745 3401 4816 quemdam
3434 4744 3675 4800 fratrem
3707 4761 3800 4800 no-

2146 4833 2931 4890 strummihiinnotescenda
2960 4832 3473 4889 vehementissime
3504 4833 3798 4906 ﬂagitasti,

2146 4923 2245 4978 diu
2260 4922 2520 4978 haesitavi
2544 4928 2743 4978 utrum
2766 4921 2871 4977 tibi
2906 4922 3258 4995 respondere
3279 4920 3797 4991 deberem,homini

2142 5014 2213 5068 de
2231 5011 2395 5068 novis
2426 5016 2629 5067 contra
2658 5010 2978 5067 Ecclesium
3012 5010 3659 5084 praesumptionibus,et
3688 5027 3794 5065 non

2140 5100 2336 5173 parvis
2384 5098 2680 5155 erroribus
2724 5098 3083 5169 jamdudum
3141 5103 3435 5166 accusato,
3470 5103 3529 5154 et
3566 5103 3796 5172 prepter

2139 5189 2668 5256 contumaciam,ut
2698 5187 3265 5260 audio,episcopalis
3296 5187 3526 5243 concilii
3554 5187 3794 5244 auctori-

2141 5285 2259 5335 tate
2292 5279 3011 5350 damnato.lmportunum
3040 5294 3295 5350 namque
3317 5282 3374 5333 et
3393 5278 3706 5350 impudens
3722 5276 3792 5332 vi-

2140 5368 2263 5424 deri
2294 5386 2467 5439 posse
2506 5365 2936 5435 existimabam,
2971 5366 3021 5421 si
3051 5367 3122 5422 de
3153 5360 3361 5437 causa,
3383 5384 3509 5436 qua:
3540 5368 3790 5439 pruden-

2140 5457 2288 5513 tium
2318 5462 2373 5512 et
2406 5457 2856 5512 reverendorum
2890 5456 3138 5511 fratrum
3182 5460 3515 5511 nostrorum
3548 5453 3790 5526 inquisi-

2140 5548 2315 5613 tione,
2348 5545 2681 5617 cognitione
2712 5549 2769 5600 et
2810 5544 3100 5600 sententia
3148 5545 3392 5600 definita
3433 5547 3541 5613 est,
3575 5543 3793 5616 aliquid

439 5644 765 5726 -Mo‘11acho
794 5645 1131 5726 Orbacensi,
1157 5649 1601 5726 dpetqquidem,
1631 5652 1730 5726 sed
1760 5653 2027 5726 Ecclesiae
2129 5657 2255 5726 jam
2291 5651 2624 5725 Moguntiae,
2659 5652 2731 5707 ob
2770 5652 3201 5707 contumaciam
3232 5651 3411 5723 virgis
3441 5668 3611 5719 caeso,
3642 5665 3791 5707 anno

368 5714 779 5781 perturbatori,
814 5723 869 5772 et
910 5718 971 5772 in
1029 5720 1248 5789 synodo
1308 5714 1709 5789 Carisiaeensi,
1745 5723 2023 5781 damnato

2136 5728 2258 5781 849.
