3900 6376
95 461 168 525 85
1581 450 2007 518 EPISTOLE.
3431 438 3509 527 go

94 597 241 654 ultro
262 594 453 653 dicere
482 589 567 652 vel
603 595 951 668 respondere
985 594 1331 668 aggrederer
1365 610 1377 650 :
1414 596 1471 651 et
1503 609 1738 650 rursum
1769 586 1827 657 Α
1856 611 1998 651 num
2023 593 2471 664 sitobcdientim,
2495 598 2850 670 etquantum
2864 587 3086 653 malum
3118 594 3509 657 contentionis

95 693 312 743 tantam
344 687 813 758 deprecationem
831 691 889 742 et
911 684 1397 758 supplicationem
1426 689 1589 739 tuam
1614 702 1745 739 con-

96 772 348 833 temnere
379 780 436 831 et
467 776 761 847 praeterire
818 776 1050 831 silentio
1100 792 1215 830 non
1247 776 1556 830 videbatur
1584 774 1745 829 Chri-

94 866 289 922 stiana:
308 882 436 920 esse
458 864 692 935 pietatis
714 868 771 917 et
794 863 1115 929 charitatis,
1134 880 1235 935 per
1254 879 1431 934 quam
1456 861 1744 933 praecipue

97 954 180 1010 lex
212 953 423 1009 Christi
468 951 823 1024 adimpletur
870 952 927 1006 in
982 953 1168 1020 nobis,
1204 955 1454 1006 testante
1498 955 1553 1005 et
1584 967 1742 1004 cem-

96 1044 361 1099 mendate
405 1042 677 1114 Apestele
711 1059 723 1097 :
769 1064 789 1090 α
824 1042 984 1097 Alter
1014 1041 1256 1097 alterius
1286 1058 1463 1097 onera
1494 1044 1740 1112 portate,
1776 1092 1779 1093 ,

103 1132 703 1205 «etsicadimplebitis
737 1132 921 1203 legem
954 1131 1187 1187 Christi.
1213 1152 1238 1181 η
1262 1132 1422 1187 Unde
1437 1135 1642 1186 etcum
1672 1131 1743 1185 de

98 1223 282 1293 seipse
314 1221 587 1277 dixisset:
624 1223 874 1277 «Factus
908 1238 1040 1276 sum
1074 1221 1325 1275 inﬁrmis
1359 1220 1653 1288 inﬁrmus,
1679 1223 1744 1274 ut

102 1335 121 1361 ι
144 1312 405 1367 inﬁrmos
429 1311 1010 1366 lucrarer:omnibus
1042 1311 1241 1366 omnia
1272 1312 1459 1365 factus
1491 1327 1644 1377 sum,
1681 1312 1745 1363 ut

102 1424 121 1450 α
146 1417 347 1457 omnes
375 1401 623 1456 facerem
648 1400 838 1456 salvos
856 1419 868 1467 ;
886 1423 912 1449 »
930 1405 987 1455 et
1007 1405 1139 1472 post
1164 1399 1388 1472 aliqua:
1411 1424 1429 1448 ιι
1450 1400 1573 1454 Non
1589 1415 1743 1470 qure-

104 1509 124 1537 ι
143 1506 274 1545 rens
294 1490 449 1562 quod
484 1489 629 1544 mihi
649 1488 793 1544 utile
814 1494 924 1561 est,
951 1490 1049 1545 sed
1085 1489 1238 1561 quod
1261 1487 1487 1554 multis,
1506 1492 1570 1542 ut
1601 1486 1743 1542 salvi

103 1598 124 1628 ι
144 1579 301 1646 ﬁant,
329 1602 351 1628 ιι
387 1577 685 1647 continuo,
715 1583 779 1633 ut
811 1595 917 1634 nos
944 1580 1014 1634 ad
1048 1578 1379 1649 exemplum
1411 1578 1525 1643 sui,
1559 1579 1615 1632 et
1646 1593 1747 1649 per

96 1670 199 1724 hoc
221 1670 290 1724 ad
313 1668 649 1741 exemplum
681 1668 914 1733 Christi,
950 1668 1265 1723 instrueret
1295 1670 1353 1722 et
1383 1667 1743 1736 informaret,

93 1758 401 1829 adjunxit:
442 1779 462 1806 α
503 1757 831 1814 Imitatores
892 1758 1005 1812 mei
1059 1760 1264 1823 estote,
1325 1755 1479 1811 sicut
1534 1758 1592 1809 et
1639 1769 1745 1827 ego

98 1836 117 1896 ui
142 1846 409 1902 Christi.»
439 1846 568 1918 Ipse
591 1850 679 1902 est
700 1846 856 1901 enim
881 1862 1051 1901 verus
1072 1848 1127 1899 et
1148 1844 1282 1917 pius
1304 1843 1401 1899 ille
1422 1843 1746 1899 Samarita-

94 1954 219 2004 nus,
236 1935 334 2009 qui
367 1935 818 1992 descendentem
852 1936 925 1990 ab
955 1933 1282 1990 Jerusalem
1316 1933 1374 1987 in
1405 1931 1657 1997 Jericho,
1690 1936 1745 1986 et
1773 1964 1822 2028 B

95 2041 127 2081 a
153 2025 484 2081 latronibus
516 2024 575 2078 in
625 2023 833 2080 itinere
883 2023 1227 2096 spoliatum,
1260 2027 1318 2077 et
1347 2021 1740 2089 vulneratum,

94 2130 157 2169 ac
177 2113 524 2169 semivivum
554 2111 919 2180 derelictum,
944 2111 1263 2168 clementer
1292 2110 1607 2166 miseratus
1634 2113 1742 2176 est,

95 2202 337 2277 alligans
368 2202 613 2257 vulnera
642 2203 790 2273 ejus,
823 2207 881 2258 et
909 2201 1025 2257 vini
1057 2206 1233 2273 atque
1292 2199 1401 2256 elei
1452 2199 1747 2254 infusione

94 2309 332 2348 curans:
362 2286 1103 2364 tantzequc'miscricerdia:
1135 2295 1192 2346 et
1222 2289 1456 2363 pictatis
1489 2306 1607 2344 suae
1639 2305 1746 2344 nos

96 2381 415 2437 imitatores
446 2395 574 2436 esse
605 2380 968 2448 desiderans,
1002 2381 1059 2435 in
1092 2381 1207 2435 ﬁne
1238 2379 1416 2451 huius
1456 2376 1744 2450 parabelm

95 2470 411 2543 unicuique
432 2473 701 2525 nostrum
724 2468 895 2525 dicit:
919 2491 938 2519 ι
956 2468 1200 2536 Vade,et
1220 2472 1281 2523 tu
1305 2469 1395 2523 fac
1416 2466 1741 2522 similiter.»

95 2560 396 2615 Manifeste
424 2559 740 2615 ostendens
773 2558 943 2614 illum
973 2575 1104 2615 vere
1133 2574 1263 2614 esse
1281 2557 1615 2630 proximum
1639 2556 1748 2611 fra-

93 2649 185 2717 tri,
220 2649 388 2705 illum
410 2665 542 2703 vere
571 2647 924 2704 imitatorem
958 2649 1071 2714 sui,
1106 2649 1204 2720 qui
1241 2646 1514 2703 fraternis
1542 2662 1747 2700 neces-

94 2738 363 2794 sitatibus
425 2742 599 2809 atque
656 2737 1104 2793 inﬁrmitatibus
1150 2739 1421 2809 prompta
1451 2736 1663 2807 pietate
1692 2737 1749 2788 et

93 2827 496 2900 compassione
519 2826 1258 2882 succurreret.lstiusmodi
1280 2825 1462 2898 igitur
1487 2823 1748 2879 conside-

96 2917 311 2972 ratione
343 2921 716 2990 provocatus,
740 2919 796 2971 et
823 2916 893 2971 de
918 2914 1340 2970 venerabilium
1374 2914 1621 2967 fratrum
1655 2914 1746 2965 at-

97 3021 205 3076 que
236 3005 721 3061 consacerdotum
752 3008 1090 3059 nostrorum
1123 3000 1525 3057 sincerissima
1555 2997 1746 3054 chari-

98 3096 208 3148 tate
238 3094 500 3148 conﬁsus
522 3092 648 3164 (per
677 3107 854 3163 quam
888 3090 947 3144 in
969 3088 1216 3144 Domino
1243 3104 1426 3142 unum
1457 3088 1751 3152 sumus,ct

96 3181 339 3237 invicem
376 3180 677 3237 commissi
719 3179 889 3234 nobis
921 3176 1232 3233 ministerii
1264 3190 1441 3232 onera
1469 3179 1526 3229 et
1557 3173 1752 3230 ofﬁcia

96 3268 531 3323 communicare
580 3267 883 3333 debemus,
919 3268 1210 3337 quatenus
1240 3268 1296 3319 et
1332 3263 1568 3319 illorum
1598 3263 1752 3317 bona

96 3373 194 3428 per
217 3355 630 3412 unanimitatis
662 3354 937 3425 spiritum
965 3358 1185 3421 nostra,
1219 3357 1275 3409 et
1305 3357 1523 3420 nostra,
1558 3350 1607 3407 si
1633 3368 1750 3423 qua
1778 3328 1824 3398 CI

94 3446 288 3502 divina
319 3443 723 3500 misericordia
739 3459 866 3498 esse
888 3447 1157 3515 possunt,
1184 3441 1419 3497 illorum
1443 3442 1605 3510 sint),
1622 3457 1749 3496 me-

94 3530 283 3591 liuset
306 3533 609 3591 salubrius
649 3532 975 3589 existimavi
1010 3531 1228 3605 aliquid
1262 3536 1371 3587 tua:
1404 3530 1751 3586 fraternitati

96 3625 436 3691 rescribere,
472 3638 651 3694 quam
675 3621 869 3677 inutili
890 3621 1309 3690 taciturnitate,
1330 3626 1387 3677 et
1417 3622 1489 3676 de
1520 3618 1639 3675 illis
1669 3618 1751 3674 vi-

96 3712 261 3768 derer
291 3712 653 3779 difﬁdero,et
684 3710 786 3765 tibi
820 3715 941 3765 tam
975 3710 1332 3782 angustiato,
1360 3707 1754 3774 tam'afﬁicto,

100 3804 216 3856 tam
249 3801 422 3856 anxio
453 3804 511 3856 et
540 3799 911 3866 centurbato,
944 3798 1092 3853 nihil
1139 3797 1462 3854 consulere.
1496 3799 1754 3868 Quapro-

102 3893 226 3960 pter
245 3890 405 3945 omni
414 3888 669 3961 petentis
685 3888 916 3944 Domini
941 3892 997 3943 et
1019 3886 1335 3944 Salvatoris
1354 3884 1755 3958 largissimam

102 3981 159 4032 et
187 3977 620 4034 indeﬁcientem
653 3994 753 4033 ore
779 3976 1050 4049 gratiam,
1086 3980 1152 4031 ut
1184 3975 1353 4031 nobis
1382 3974 1639 4030 tribuere
1670 3972 1759 4027 di-

104 4070 311 4137 gnetur
340 4066 546 4122 utilem
579 4070 637 4122 et
672 4082 936 4121 vcracem
990 4069 1156 4120 tuam
1212 4062 1673 4120 consolationem
1705 4063 1762 4115 et

110 4154 929 4222 instructionem,sermonem
962 4158 1020 4210 et
1049 4153 1313 4208 animum
1345 4156 1513 4207 tuum
1545 4166 1765 4222 praepa-

111 4248 195 4299 ret
219 4262 285 4300 ac
307 4244 677 4319 tranquillet,
711 4248 777 4300 ut
801 4261 928 4316 quae
960 4242 1172 4298 dicturi
1206 4258 1434 4309 sumus,
1468 4239 1566 4312 pia
1596 4255 1761 4294 man-

112 4334 420 4390 suetudine
450 4338 514 4390 et
542 4332 879 4388 humilitate
910 4331 1220 4403 suscipias,
1255 4347 1322 4385 ac
1353 4327 1609 4401 seposita
1638 4326 1763 4382 ani-

114 4422 385 4479 mositate
427 4426 487 4479 et
518 4421 712 4477 studio
743 4420 1158 4486 contentionis,
1192 4419 1441 4474 libenter
1472 4434 1599 4491 quae
1630 4432 1767 4471 vera

113 4515 249 4566 sunt
278 4513 507 4580 audias,
534 4515 593 4566 et
649 4527 765 4567 non
828 4514 1048 4571 nostra.
1082 4510 1184 4565 sed
1210 4509 1310 4564 Dei
1338 4512 1397 4564 et
1427 4511 1766 4564 sanctorum

114 4597 348 4656 Patrum
382 4601 540 4657 dicta
563 4600 901 4655 obedienter
933 4597 1244 4670 suscipias,
1267 4598 1468 4669 eisque
1500 4596 1768 4653 animum

1852 690 1909 742 et
1930 686 2328 753 contumacia},
2356 688 2641 743 docetnos
2665 688 2875 743 iterum
2899 703 3091 743 sermo
3114 687 3367 758 divinus,
3402 688 3504 745 ubi

1854 793 1958 849 per
1981 776 2311 831 Samuelem
2346 777 2690 848 prophetam
2725 777 2867 832 dicit
2905 793 2918 831 :
2978 799 2998 825 ι
3026 776 3230 832 Melior
3258 781 3347 834 est
3376 778 3507 835 obe-

1858 888 1879 915 α
1907 866 2127 921 dientia
2157 884 2335 938 quam
2367 866 3070 933 viclimm,ct'auscultare
3102 867 3293 939 magis
3323 884 3504 940 quam

1859 977 1880 1004 α
1907 956 2109 1010 offerre
2129 956 2361 1027 adipem
2394 956 2665 1021 arietum,
2687 956 2963 1027 quoniam
2998 955 3164 1028 quasi
3198 960 3504 1029 peccatum

1860 1067 1881 1093 α
1918 1044 2199 1100 ariolandi
2235 1050 2324 1099 est
2356 1062 2702 1116 repugnare,
2737 1044 2903 1117 quasi
2944 1045 3134 1101 scelus
3164 1045 3503 1101 idololatrias

1861 1152 1882 1180 α
1918 1133 2068 1189 nolle
2126 1134 2514 1205 acquiescere.
2556 1157 2575 1183 υ
2616 1134 2814 1206 Itaque
2871 1138 2929 1190 et
2986 1138 3068 1201 tu,
3104 1134 3153 1190 si
3202 1135 3413 1203 bonus,
3447 1138 3506 1192 et

1855 1222 2036 1289 utilis,
2072 1227 2127 1276 et
2159 1224 2441 1294 pacificus
2488 1223 2755 1278 Ecclesia:
2807 1223 2963 1278 ﬁlius
3022 1240 3151 1279 esse
3181 1224 3501 1293 desideras,

1855 1311 1969 1365 noli
2006 1315 2059 1365 te
2091 1313 2290 1367 sensui
2352 1315 2451 1367 tuo
2510 1312 2896 1379 committere,
2932 1314 3031 1368 sed
3081 1314 3372 1386 majorum
3404 1314 3506 1386 ju-

1856 1399 2024 1455 diciis
2066 1405 2243 1472 atque
2294 1402 2614 1467 sententiae,
2650 1402 2767 1456 imo
2817 1400 3029 1456 divinis
3061 1405 3118 1457 ct
3155 1402 3507 1458 ecclesiasti-

1854 1488 1938 1544 cis
1966 1489 2412 1545 auctoritatibus
2444 1489 2611 1545 facile
2651 1491 2809 1557 cede,
2842 1490 3093 1546 libenter
3121 1490 3425 1562 acquiesce
3454 1495 3513 1546 et

1855 1578 2193 1633 obedienter
2210 1579 2478 1645 subdere,
2500 1584 2565 1633 ut
2596 1579 2780 1651 possit
2812 1578 2870 1633 in
2903 1583 2958 1634 te
2988 1578 3089 1635 Dei
3121 1578 3375 1651 Spiritus
3406 1580 3510 1636 ha-

1854 1667 2060 1735 bitare,
2092 1669 2321 1724 dicente
2374 1669 2621 1723 Domino
2682 1686 2801 1741 per,
2829 1669 3178 1741 Prephctam
3212 1685 3225 1724 :
3266 1691 3288 1718 α
3324 1670 3514 1743 Super

1861 1780 1880 1805 α
1900 1773 2077 1828 quem
2094 1758 2418 1828 requiescet
2431 1757 2683 1828 Spiritus
2697 1757 2949 1825 meus,ni
2957 1757 3005 1813 si
3027 1774 3206 1830 super
3223 1758 3511 1815 humilem

1862 1850 1956 1901 «et
1987 1846 2347 1917 quietum,et
2376 1849 2721 1900 trementem
2754 1847 2928 1901 verba
2959 1863 3089 1902 mea
3109 1847 3138 1902 ?
3169 1871 3192 1900 ι
3227 1847 3511 1903 Videmus

1856 1939 2009 1990 certe
2063 1941 2328 2007 tempera
2383 1934 2704 1990 novissima
2760 1940 2817 1991 et
2874 1935 3393 2006 periculosissima,
3434 1937 3509 1992 ab

1854 2022 2131 2096 Apestolo
2172 2022 2309 2078 olim
2355 2023 2648 2095 praedicta,
2682 2023 2855 2095 plena
2886 2024 3227 2096 ignorantia;
3256 2028 3315 2081 et
3344 2024 3509 2080 inﬁr-

1856 2112 2081 2168 mitatis
2110 2112 2530 2177 auimorum,in
2564 2112 2780 2184 quibus
2807 2100 2952 2168 illud
2985 2113 3216 2169 Domini
3252 2113 3513 2170 terribile

1857 2203 2079 2257 dictum
2110 2218 2341 2272 semper
2370 2205 2458 2255 est
2498 2201 3017 2273 reminiscendum,
3050 2206 3229 2274 atque
3257 2206 3511 2258 tremen-

1856 2292 1999 2346 dum
2034 2309 2046 2346 :
2089 2312 2111 2338 ιι
2146 2290 2252 2357 Qui
2285 2290 2763 2346 scandalizaverit
2811 2308 2997 2346 unum
3048 2291 3119 2346 de
3158 2290 3388 2362 pusillis
3419 2290 3514 2347 his

1861 2401 1884 2431 ι
1920 2381 2021 2452 qui
2060 2381 2119 2435 in
2155 2396 2249 2435 me
2288 2381 2555 2447 credunt,
2591 2380 2823 2453 expedit
2882 2381 2933 2436 ei
2995 2384 3060 2435 ut
3118 2380 3516 2452 suspendatur

1862 2494 1881 2519 α
1920 2470 2076 2529 mela
2134 2469 2388 2525 asinaria
2437 2470 2494 2524 in
2547 2468 2692 2525 colle
2751 2470 2902 2538 eius,
2936 2475 2993 2525 et
3040 2470 3415 2542 demergatur
3453 2468 3513 2523 in

1862 2583 1883 2610 α
1921 2560 2274 2632 profondum
2307 2559 2508 2615 maris.
2551 2582 2570 2606 ιι
2608 2560 2678 2619 Et
2708 2559 2921 2613 iterum
2951 2575 2963 2613 ε
3006 2578 3029 2606 α
3062 2558 3157 2613 Vas
3189 2558 3413 2613 mundo
3441 2557 3515 2612 ab

1863 2672 1883 2699 ι
1915 2648 2212 2704 scandulis
2238 2652 2248 2704 i
2277 2649 2521 2703 Necesse
2553 2652 2641 2703 est
2690 2652 2755 2703 ut
2793 2647 3030 2703 veniant
3062 2645 3341 2703 scandala
3371 2663 3385 2702 :
3418 2662 3516 2702 ve-

1862 2761 1883 2787 «ι
1921 2742 2252 2793 rumtamen
2286 2755 2367 2791 va:
2396 2737 2622 2793 homini
2653 2737 2737 2791 illi
2788 2754 2892 2809 per
2938 2752 3111 2808 quem
3167 2734 3514 2792 scandalum

1864 2848 1891 2881 α
1918 2827 2077 2882 venit
2102 2828 2113 2881 ι
2156 2850 2175 2873 ι
2211 2827 2320 2880 Sed
2345 2830 2401 2881 et
2423 2844 2593 2881 aures
2611 2830 2666 2880 et
2695 2824 2928 2897 linguas
2963 2824 3295 2897 prurientes
3315 2838 3517 2880 cavere

1859 2916 2163 2981 debemus,
2189 2930 2261 2969 ne
2283 2913 2369 2969 vel
2396 2915 2467 2968 ad
2492 2914 2813 2968 audiendas
2845 2912 2932 2968 vel
2960 2915 3030 2968 ad
3065 2913 3389 2985 loquendas
3417 2927 3517 2966 no-

1856 3004 2065 3059 vitates
2096 3002 2353 3074 prompti
2376 3006 2432 3057 et
2468 3002 2666 3057 faciles
2691 3001 2899 3058 simus.
2935 3002 3081 3068 Quia
3099 3004 3157 3056 et
3184 3000 3516 3073 prurientes

1859 3093 2189 3160 auribus,et
2213 3090 2487 3162 profanas
2504 3106 2712 3145 vocum
2737 3089 3020 3146 novitates
3041 3089 3261 3163 pariter
3277 3090 3518 3161 Aposto-

1858 3182 1951 3237 lus
1982 3181 2425 3247 cendemnat,et
2456 3179 2851 3251 oppositiones
2882 3177 3012 3235 falsi
3036 3177 3292 3234 neminis
3321 3177 3516 3234 scien-

1861 3270 1954 3326 tiae
1986 3270 2312 3324 admenens
2343 3268 2706 3335 devitandas,
2740 3268 3019 3323 continue
3048 3268 3120 3324 de
3148 3258 3352 3324 eadem
3382 3264 3515 3322 falsi

1863 3357 2120 3415 neminis
2151 3357 2396 3412 scientia
2424 3355 2751 3428 subjungit,
2773 3356 3001 3411 dicens:
3031 3375 3052 3404 ι
3070 3357 3256 3422 Quam
3278 3355 3517 3427 quidem

1868 3469 1890 3497 α
1906 3446 2336 3520 promittentes,
2363 3445 2517 3500 circa
2540 3445 2714 3499 ﬁdem
2739 3443 3132 3499 exciderunta
3159 3446 3303 3499 Cum
3324 3443 3519 3499 adhuc

1863 3554 2022 3593 esses
2070 3536 2128 3589 in
2181 3535 2447 3606 partibus
2495 3533 2657 3605 regni
2710 3534 3056 3601 Germania),
3089 3526 3424 3589 audivimus
3457 3531 3520 3586 in

1864 3624 2071 3698 primis
2103 3640 2279 3695 super
2311 3622 2547 3678 nomine
2581 3626 2677 3676 tuo
2712 3622 2929 3677 famam
2969 3614 3280 3678 delendam
3315 3638 3328 3676 :
3363 3614 3520 3693 quod

1864 3714 2131 3769 videlicet
2156 3711 2442 3767 novitates
2474 3727 2717 3779 sereres,
2752 3716 2810 3765 et
2848 3709 3062 3767 stultas
3092 3727 3159 3766 ac
3189 3709 3315 3766 sine
3347 3709 3521 3766 disci-

1866 3801 2028 3874 plina
2087 3798 2439 3872 qumstiones
2493 3798 2826 3854 ventilares.
2869 3798 3088 3854 Deinde
3137 3797 3363 3869 perlata
3408 3802 3524 3868 est,

1866 3891 2044 3946 etiam
2073 3890 2143 3944 ad
2166 3905 2271 3942 nos
2290 3887 2487 3942 studio
2517 3885 3045 3942 ecclosiasticorum
3074 3885 3333 3941 virorum
3367 3902 3522 3957 quaa-

1868 3980 2004 4035 dam
2036 3976 2330 4048 scriptura
2378 3980 2499 4042 tua,
2530 3974 2591 4028 in
2639 3991 2756 4045 qua
2793 3972 3182 4046 apertissime,
3216 3977 3274 4029 et
3302 3973 3525 4047 prolixe

1867 4082 2159 4131 sermone,
2180 4066 2356 4134 atque
2389 4066 2452 4117 ut
2483 4062 2585 4117 tibi
2617 4062 2811 4116 visum
2842 4065 2931 4117 est
2962 4061 3140 4117 etiam
3169 4062 3528 4120 testimoniis

1871 4151 2456 4226 Scripturarum,sivc
2478 4154 2816 4205 sanctorum
2840 4150 3099 4219 Patrum,
3116 4151 3257 4224 quid
3280 4151 3529 4209 sentires

1872 4244 1992 4298 sive
2023 4242 2262 4296 doceres
2303 4238 2708 4310 multipliciter
2734 4244 3045 4296 exsecutus
3074 4257 3160 4297 es.
3192 4241 3360 4297 Nune
3391 4257 3532 4314 quo-

1874 4348 1988 4405 que
2018 4328 2352 4401 accepimus
2382 4332 2441 4383 et
2466 4326 2582 4383 alia
2614 4327 2835 4400 scripta
2878 4333 2981 4384 tua
3023 4346 3140 4384 non
3171 4346 3369 4403 parva,
3402 4346 3530 4402 quae

1876 4422 1947 4478 ad
1980 4418 2305 4491 episc0pes,
2334 4415 2423 4472 vel
2456 4420 2658 4471 contra
2705 4418 3031 4489 episcopos,
3064 4418 3165 4490 qui
3195 4418 3257 4473 in
3285 4418 3532 4474 concilio

1877 4507 2273 4566 damnationis
2299 4510 2411 4561 tuac
2442 4504 3080 4577 aﬂ‘uerunt,scripsisse
3110 4506 3197 4562 vel
3219 4506 3535 4578 protulisse

1877 4597 2184 4655 videris.In
2207 4596 2422 4669 quibus
2446 4597 2665 4666 quanta
2688 4593 2928 4666 potuisti
2951 4588 3293 4663 intentione,
3312 4594 3386 4650 de
3416 4611 3536 4651 una

114 4689 280 4744 tuum
304 4684 363 4746 et
384 4706 627 4746 sensum
657 4689 884 4745 sincera
910 4688 1123 4760 pietate
1141 4687 1476 4755 submittas,
1511 4685 1671 4757 quia,
1706 4688 1770 4741 ut
1797 4695 1848 4761 Β
1880 4692 2110 4746 tantum
2143 4685 2484 4759 quaestione,
2531 4683 2588 4737 id
2634 4686 2743 4753 est,
2773 4682 3282 4755 prmdestinatiene
3313 4683 3531 4752 divina,

115 4791 282 4832 verax
336 4778 625 4835 veraciter
682 4778 989 4849 Scriptura
1046 4776 1212 4845 dixit,
1252 4795 1275 4824 ι
1308 4777 1459 4832 Sunt
1506 4776 1608 4829 via:
1641 4791 1770 4847 quae

123 4866 454 4925 «videntur
512 4867 739 4923 homini
799 4870 986 4936 rectis,
1020 4870 1079 4922 et
1136 4865 1523 4921 novissimum
1568 4881 1771 4922 earum

126 4972 149 5001 ι
182 4954 343 5011 ducit
371 4957 444 5012 ad
469 4961 739 5012 mortem.
776 4979 797 5008 ι
843 4956 915 5011 Et
948 4971 960 5009 :
1011 4974 1033 5004 ι
1057 4954 1164 5022 Qui
1198 4953 1441 5011 conﬁdit
1470 4954 1772 5027 cogitatio-

127 5063 154 5089 ι(
180 5042 353 5099 nibus
414 5045 544 5101 suis
592 5044 773 5116 impie
826 5044 966 5117 agit.
999 5066 1027 5095 ››
1062 5042 1226 5099 Unde
1270 5047 1327 5098 et
1370 5042 1509 5098 alibi
1554 5043 1774 5117 eadem

124 5128 426 5203 Scriptura
456 5128 753 5200 admonet,
789 5133 989 5189 dicens
1019 5149 1033 5187 :
1082 5151 1105 5180 α
1136 5133 1206 5187 Et
1234 5148 1308 5186 ne
1337 5116 1609 5187 innitaris
1638 5148 1775 5204 pru-

132 5241 152 5267 ι
177 5218 386 5276 dentice
418 5227 557 5278 tute.
587 5243 608 5271 ιι
649 5223 764 5277 Hoc
797 5237 1050 5293 namque
1081 5220 1328 5289 malum,
1365 5226 1652 5292 quantum
1683 5238 1777 5276 ca-

127 5309 380 5366 vendum
409 5312 488 5366 sit
516 5310 759 5382 homini,
792 5311 970 5367 etiam
1031 5311 1241 5366 beatus
1296 5310 1547 5382 Ephrem
1598 5310 1782 5365 admi-

131 5398 321 5453 randae
365 5400 697 5456 sanctitatis
728 5399 1228 5456 etillustrissima
1286 5396 1563 5455 doctrinae
1618 5403 1784 5472 pater

132 5487 404 5557 ostendit,
449 5504 586 5545 cum
645 5489 705 5545 in
751 5489 894 5545 hora
923 5490 1113 5545 exitus
1144 5488 1256 5558 sui,
1291 5489 1507 5544 astanti
1538 5489 1649 5543 sibi
1680 5489 1782 5543 uni

133 5590 199 5628 ex
216 5575 543 5649 discipulis,
568 5579 766 5652 magni
789 5584 846 5634 et
877 5578 1031 5634 acuti
1046 5579 1293 5634 etnimis
1315 5577 1782 5650 curiosiingenii,

137 5663 380 5721 sollicite
401 5668 725 5725 admonens
748 5668 919 5724 dixit:
944 5668 1111 5738 Cave,
1135 5667 1395 5735 Pauline,
1420 5684 1491 5722 ne
1523 5685 1785 5739 unquam

136 5753 192 5806 te
208 5754 526 5812 submittas
549 5756 1006 5831 cogitationibus
1027 5756 1165 5812 tuis.
1194 5758 1490 5825 Quantum
1521 5773 1655 5813 vero
1686 5758 1787 5812 bo-

1880 4778 2020 4851 quid
2044 4783 2264 4844 teneas,
2298 4774 2607 4847 diligenter
2636 4771 2923 4844 explicare
2952 4771 3296 4828 curasti.lta
3315 4771 3536 4829 factum

1883 4872 1991 4936 est,
2009 4870 2153 4922 utex
2164 4869 2413 4936 utraque
2434 4861 2727 4935 scriptura
2745 4864 2865 4930 tua,
2881 4860 3001 4917 sive
3031 4876 3210 4933 quam
3234 4877 3340 4934 per
3366 4860 3536 4931 alios,

1883 4957 2005 5013 sive
2035 4971 2213 5028 quam
2244 4959 2299 5009 te
2331 4952 2597 5008 mittente
2629 4949 3340 5023 accepimus,plenissime
3369 4949 3541 5008 nobis

1886 5060 2236 5119 cognoscere
2264 5042 2586 5109 videamur,
2621 5040 2679 5095 in
2709 5040 2927 5113 quibus
2957 5039 3350 5111 quaestionum
3383 5040 3538 5112 peri-

1888 5134 2037 5191 culis
2062 5130 2446 5200 ﬁuctuct,vel,
2463 5131 2618 5203 quod
2640 5129 2818 5185 nimis
2837 5128 3155 5184 dolendum
3179 5133 3288 5201 est,
3310 5128 3542 5185 naufra-

1889 5229 2060 5298 getur
2089 5240 2299 5279 sensus
2328 5226 2488 5276 tuus.
2523 5222 2885 5290 Quapropter
2926 5218 3340 5291 compendiose
3370 5217 3542 5274 nobis

1889 5318 1947 5370 et
1995 5312 2215 5367 utiliter
2264 5309 2388 5366 ﬁeri
2437 5324 2608 5381 posse
2637 5308 2887 5375 videtur,
2922 5310 2988 5362 ut
3015 5325 3084 5364 ex
3113 5306 3217 5362 illa
3243 5311 3367 5363 tota
3395 5306 3544 5363 serie

1891 5402 2244 5474 scriptorum
2279 5404 2535 5467 tuorum,
2570 5415 2637 5455 ea
2667 5414 2795 5469 quae
2844 5396 3015 5454 nobis
3062 5396 3197 5452 ﬁdei
3246 5395 3546 5453 catholicas

1893 5492 2146 5548 maxime
2174 5489 2466 5545 contraria
2495 5504 2624 5544 esse
2650 5486 3224 5554 videntur,brevibus
3254 5491 3312 5542 et
3336 5486 3545 5542 distin-

1895 5581 2004 5637 ctis
2032 5578 2303 5652 capitulis
2332 5578 2692 5644 ordinamus,
2726 5574 3270 5647 adjungentes,sive
3300 5574 3547 5648 subjun-

1897 5674 2098 5744 gcntes
2123 5686 2224 5741 per
2253 5667 2505 5739 singula,
2540 5666 2679 5739 quid
2712 5682 2740 5719 e
2772 5664 3060 5720 contrario
3091 5663 3394 5737 Scriptura
3423 5682 3554 5721 san-
3592 5707 3601 5713 .

1898 5765 1991 5816 cta
2021 5760 2245 5827 doceat,
2280 5762 2337 5813 et
2386 5756 2643 5813 Ecclesia
2693 5753 2793 5810 Dei
2855 5753 3194 5812 ﬁrmissime
3248 5757 3460 5824 teneat,
3494 5757 3554 5812 et
