3900 6390
382 423 465 493 8ιῖ

1608 435 2016 499 AMULONIS
2061 438 2309 503 EPISC.
2353 442 2586 507 LUGD.

384 563 874 662 ubique-ﬁdeliter
893 582 960 621 ac
979 565 1293 662 salubriter
1314 568 1726 662 doceat.Cujus
1758 571 2035 633 doctrinae
2065 571 2121 639 Α
2154 597 2175 624 ι
2197 577 2658 647 superducentes
2680 581 2790 637 sibi
2818 582 3064 641 celerem
3097 586 3504 659 perditionem.
3534 612 3556 638 ι
3589 589 3660 645 Et
3688 583 3802 662 ipsi

386 658 446 711 et
466 655 741 711 sensibus
772 658 847 722 te,
869 655 1035 726 quasi
1069 657 1340 712 devotum
1371 662 1430 712 et
1460 657 1620 729 pium
1656 659 1872 729 filium,
1906 662 2042 717 irre-

386 744 749 818 fragabiliter
804 745 1207 817 obtemperare
1267 751 1515 818 oportet,
1546 747 1594 801 si
1626 749 1793 819 cupis
1824 749 1882 804 in
1914 751 2044 820 ejus

386 832 647 905 corporis
677 832 965 888 unitatem
994 833 1188 889 vivum
1213 838 1269 888 et
1290 853 1500 890 sanum
1525 838 1857 892 membrum
1884 839 2038 893 inve-

387 921 520 987 niri,
556 926 615 977 et
647 939 761 977 non
793 940 926 977 cum
961 923 1235 994 pulribus
1266 929 1325 979 et
1353 926 1640 981 emortuis
1679 927 1855 996 jUSltD
1888 946 2042 983 seve-

386 1010 578 1066 ritatis
617 1011 842 1082 judicio
899 1011 1323 1069 abscissionem
1383 1015 1613 1070 mereri.
1650 1017 1814 1070 llunc
1845 1021 2039 1071 autem

385 1099 677 1155 sermonis
707 1100 890 1156 nostri
924 1105 1209 1169 tenorem,
1243 1108 1469 1159 servato
1501 1105 1559 1159 in
1592 1106 1867 1160 omnibus
1899 1106 2041 1177 legi-

383 1189 529 1245 timo
557 1189 761 1247 ordine
786 1208 853 1246 ac
900 1191 1298 1249 ecclesiastica
1357 1195 1722 1263 auctoritate,
1758 1214 1875 1251 non
1910 1196 2040 1261 tibi,

383 1278 727 1352 quiinfelici
752 1283 810 1336 et
834 1280 1152 1337 miserabili
1183 1282 1353 1354 lapsu
1377 1284 2043 1340 excommunicationem

385 1369 457 1431 ab
486 1368 749 1425 Ecclesia
775 1370 1072 1442 excepisti,
1108 1373 1208 1427 sed
1260 1372 1665 1445 principaliter
1706 1373 2047 1430 reverentis-

384 1458 535 1516 simo
565 1463 623 1515 et
652 1459 1002 1517 charissi-mo
1050 1465 1248 1517 nostro
1299 1462 1748 1535 metropolitano
1794 1462 2045 1518 antistiti

386 1547 711 1605 direximus
735 1554 860 1622 tuo,
894 1551 1255 1607 conﬁdentes
1284 1552 1341 1607 in
1374 1552 1607 1608 Domini
1638 1552 1873 1626 pietate,
1907 1551 2047 1623 quia

383 1655 523 1694 cum
579 1627 717 1695 haec.
759 1640 965 1714 legerit
1013 1644 1072 1695 et
1120 1645 1331 1698 nostra:
1361 1659 1498 1716 erga
1529 1648 1585 1699 te
1618 1641 2045 1715 eompassionis

383 1733 658 1788 aﬂ'ectum
693 1731 1047 1805 cognoverit,
1083 1749 1201 1788 non
1258 1732 1663 1804 indignatione
1722 1733 1921 1805 aliqua
1950 1737 2050 1792 ad"

379 1839 618 1879 versum
654 1826 731 1890 te,
765 1823 867 1877 sed
890 1822 1026 1878 boni
1051 1824 1237 1894 patris
1258 1826 1313 1879 et
1334 1823 1413 1895 pii
1438 1823 1693 1895 pastoris
1722 1825 2047 1881 visceribus

380 1912 866 1980 commovebitur,
896 1916 963 1967 ut
981 1911 1075 1968 his
1106 1917 1496 1985 congruenter
1517 1912 1785 1986 perlectis
1816 1918 1871 1970 et
1891 1918 2046 1970 tran-
2073 1945 2121 2011 B

381 2002 567 2077 quille
596 2003 751 2075 apud
783 2006 839 2058 te
870 2001 1153 2069 tractatis,
1187 2003 1235 2057 si
1270 2002 1467 2059 divina
1512 2003 1701 2075 gratia
1744 2004 2043 2077 aspirante

380 2093 754 2166 acquiescere
811 2091 1065 2148 volueris
1121 2092 1372 2160 veritati,
1406 2110 1779 2165 nequaquam
1815 2095 2041 2150 diutius

379 2185 618 2242 aberres
643 2199 675 2238 a
696 2181 1015 2250 caulis,sed
1045 2182 1181 2237 boni
1215 2186 1272 2239 et
1301 2183 1520 2238 summi
1555 2184 1808 2254 pastoris
1840 2183 2041 2239 hume-

378 2275 467 2331 ris
496 2276 849 2346 reportatus,
883 2272 1091 2329 unitati
1154 2272 1398 2326 inventa:
1450 2289 1515 2327 ac
1547 2273 1859 2343 redemptae
1892 2275 2037 2338 ovis,

378 2381 517 2420 cum
566 2362 781 2436 gaudio
829 2361 1149 2416 caelestium
1174 2365 1232 2416 et
1262 2362 1649 2421 terrestrium.
1685 2360 1929 2416 feliciter
1958 2380 2041 2417 re-

376 2453 667 2525 stitueris.
703 2452 833 2508 Haec
879 2456 1020 2508 sunt
1045 2450 1226 2523 igitur
1257 2468 1382 2522 qure
1415 2450 1475 2505 in
1507 2450 1743 2522 scriptis
1774 2450 1892 2504 tuis
1924 2467 2039 2505 me-

377 2543 492 2600 rito
526 2542 1027 2615 reprehendenda,
1061 2544 1118 2595 et
1146 2540 1520 2612 reprehensa,
1556 2542 1838 2610 tanquam
1890 2555 2035 2593 verae

377 2633 515 2690 ﬁdei
566 2630 864 2688 catholicae
916 2630 1177 2697 inimica,
1210 2627 1565 2693 notavimus,
1597 2632 1654 2683 et
1679 2626 1933 2699 qualiter
1963 2629 2032 2683 ad

377 2720 644 2795 regulam
674 2720 937 2777 veritatis
968 2719 1088 2775 sint
1116 2717 1461 2788 corrigenda
1485 2716 1960 2788 perstrinximus.

450 2812 514 2868 In
548 2811 755 2884 primis
785 2808 1059 2881 displicet
1087 2808 1257 2862 nobis
1287 2805 1474 2871 valde,
1494 2806 1649 2877 quod
1683 2806 1829 2861 dicis
1860 2811 1918 2862 et
1949 2824 2036 2862 as-

377 2902 525 2958 seris
555 2901 849 2957 neminem
906 2897 1094 2970 perire
1152 2911 1323 2967 posse
1381 2894 1594 2950 Christi
1635 2896 1921 2967 sanguine
1954 2914 2036 2952 re-

378 2992 704 3062 demptum.
728 2989 848 3044 Hoc
878 2986 1033 3041 enim
1068 2984 1291 3040 dictum
1323 2984 1632 3056 dupliciter
1664 2984 1798 3039 ﬁdei
1827 2986 2031 3040 catho-

375 3080 501 3135 licae
533 3080 892 3135 adversatur.
927 3076 985 3131 Si
1040 3078 1142 3129 aut
1173 3074 1465 3129 neminem
1497 3092 1566 3129 ex
1599 3091 1842 3130 numero
1873 3075 2033 3129 Chri-

377 3168 731 3235 stianorum,
756 3169 1069 3239 postquam
1119 3162 1299 3217 semel
1348 3163 1406 3217 in
1438 3162 1669 3219 Christo
1703 3164 2031 3235 baptizatus

376 3262 431 3314 et
446 3257 737 3330 particeps
760 3252 1179 3325 redemptionis
1201 3252 1412 3307 Christi
1443 3252 1686 3308 effectus
1705 3257 1816 3317 est,
1843 3254 2030 3324 perire

2152 664 2399 721 Domino
2432 668 2503 723 de
2533 669 2756 726 eisdem
2797 671 3086 730 haereticis
3116 694 3218 747 per
3249 676 3591 749 Prophetam
3624 694 3636 732 :
3679 698 3702 726 ι
3735 680 3803 734 Et

2157 774 2178 804 ι
2196 771 2303 825 ego
2333 757 2551 811 redemi
2576 775 2694 827 eos,
2716 765 2987 818 etconlra
3000 763 3275 820 melocuti
3292 767 3799 822 suntmcndacia.-

2153 843 2354 915 Itaque
2376 846 2547 915 juxta
2574 848 2749 903 ﬁdem
2778 850 3125 907 catholicam
3158 858 3215 909 et
3242 854 3639 925 apostolicam,
3673 874 3804 927 pro-

2152 930 2445 1003 pheticam
2463 940 2519 990 et
2538 938 2931 1009 evangelicum
2944 985 2957 1008 ,
2976 958 3179 998 omnes
3203 943 3322 1010 isti,
3343 944 3590 1000 ﬁdeliter
3608 946 3678 1000 ad
3711 946 3806 999 ba-

2153 1021 2438 1092 ptismum
2470 1025 2685 1081 Christi
2718 1029 3198 1096 accedentes,non
3223 1033 3423 1104 utique
3454 1032 3566 1088 alio
3599 1034 3801 1104 pretio,

2153 1110 2251 1163 sed
2270 1110 2482 1166 Christi
2511 1113 2795 1186 sanguine
2818 1116 3102 1189 redempti
3127 1119 3405 1174 sant.Sed
3420 1136 3553 1175 cum
3569 1120 3806 1191 plurimi

2153 1214 2221 1252 ex
2251 1199 2335 1254 eis
2385 1201 2651 1256 eamdem
2705 1204 2953 1276 gratiam
3005 1204 3065 1260 in
3097 1224 3158 1262 se
3187 1206 3414 1263 irritam
3458 1208 3715 1277 fecerint,
3752 1213 3809 1263 et

2154 1287 2369 1343 idcirco
2401 1289 2457 1344 in
2483 1295 2766 1347 aeternum
2798 1298 3057 1364 pereant,
3091 1312 3208 1367 qua
3240 1296 3464 1353 ratione
3491 1314 3690 1353 verum
3722 1302 3811 1352 est

2154 1378 2449 1433 neminem
2474 1379 2661 1452 perire
2683 1398 2853 1453 posse
2876 1383 3161 1455 sanguine
3185 1384 3395 1441 Christi
3411 1386 3809 1459 redemptum?

2228 1467 2495 1523 Secundo
2517 1467 2640 1525 loco
2654 1470 3106 1542 displicetnobis
3127 1473 3314 1541 valde,
3338 1473 3479 1546 quia
3506 1474 3813 1531 verissima

2154 1559 2214 1611 et
2235 1557 2635 1613 sacratissima
2656 1559 2922 1615 Ecclesiae
2946 1562 3611 1629 sacramenta,videlicet
3641 1580 3811 1619 exor-

2154 1646 2345 1717 cismi,
2378 1650 2434 1702 et
2465 1647 2763 1719 baptismi,
2798 1647 3155 1717 chrismatis,
3190 1655 3246 1705 et
3305 1651 3689 1708 Eucharistiae
3751 1669 3815 1708 ac

2155 1751 2367 1791 manus
2390 1735 2801 1809 impositionis,
2816 1738 3276 1809 perfunctoricet
3289 1740 3662 1797 frustratorie
3687 1758 3813 1797 om-

2156 1824 2356 1893 nibus,
2394 1826 2492 1897 qui
2527 1831 2658 1897 post
2689 1827 3118 1897 perceptionem
3151 1844 3355 1883 eorum
3386 1833 3652 1899 pereant,
3685 1830 3819 1885 dari

2157 1915 2492 1985 conﬁrmas,
2517 1915 2658 1969 dum
2682 1932 2779 1970 eos
2812 1916 3100 1986 sanguine
3123 1915 3364 1982 Christi,
3389 1917 3515 1972 sine
3537 1933 3655 1989 quo
3682 1917 3814 1991 ipsa

2157 2004 2455 2076 mysteria,
2492 2004 2591 2058 sed
2638 2004 2906 2075 quaedam
2945 2003 3105 2058 velut
3134 2020 3319 2060 vacua
3351 2009 3407 2059 et
3438 2005 3640 2062 inania
3668 2006 3819 2063 ludi-

2152 2092 2281 2148 bria
2341 2096 2481 2148 sunt
2538 2092 2829 2160 habenda,
2865 2093 3199 2164 redemptos
3232 2109 3412 2165 negas
3437 2110 3450 2149 :
3475 2112 3609 2150 cum
3633 2113 3819 2152 econ-

2151 2181 2327 2236 trario
2348 2181 2755 2253 Apostolus,et
2782 2179 3088 2236 veritatem
3121 2182 3541 2254 redemptionis
3571 2183 3813 2253 Christi,

2150 2274 2207 2323 et
2229 2287 2426 2325 verum
2455 2270 2780 2325 divinerum
2807 2270 3220 2341 mysteriorum
3243 2272 3722 2341 eifectum,etiam
3754 2275 3809 2328 in

2149 2358 2232 2413 eis
2283 2360 2381 2430 qui
2425 2358 2882 2431 irreparabiliter
2911 2363 3159 2430 pereunt
3188 2359 3391 2415 doceat
3420 2376 3549 2417 esse
3578 2361 3811 2435 collata,

2149 2465 2283 2502 cum
2308 2447 2417 2523 ait;
2459 2472 2478 2496 υ
2500 2446 2868 2519 Impossibile
2899 2448 3054 2502 enim
3089 2452 3179 2503 est
3202 2464 3302 2504 eos
3324 2449 3431 2521 qui
3462 2450 3643 2506 semel
3670 2458 3814 2507 sunt

2152 2559 2172 2585 α
2211 2535 2549 2603 illuminati,
2585 2540 2969 2608 gustaverunt
2999 2536 3175 2592 etiam
3209 2537 3429 2593 donum
3461 2539 3719 2608 caeleste,
3751 2546 3811 2596 et

2155 2646 2181 2677 ι
2212 2626 2525 2697 participes
2556 2630 2697 2681 sunt
2728 2624 2863 2679 iacti
2894 2625 3149 2697 Spiritus
3179 2626 3387 2695 sancti,
3421 2633 3809 2700 gusta-verunt

2151 2738 2171 2762 «ι
2208 2714 2595 2770 nihilominus
2627 2716 2847 2769 bonum
2882 2714 2981 2770 Dei
3014 2715 3280 2787 verbum,
3310 2716 3675 2790 virtutesque
3707 2739 3809 2776 see-

2153 2823 2174 2853 ι
2207 2804 2320 2859 culi
2354 2804 2605 2872 venturi,
2632 2809 2688 2857 et
2712 2803 2969 2875 prolapsi
3008 2810 3167 2872 sunt,
3202 2807 3463 2861 renovari
3495 2824 3709 2864 rursus
3732 2812 3807 2865 ad

2150 2916 2170 2943 ι
2209 2892 2632 2965 pmnilenliam,
2670 2909 2906 2947 rursum
2940 2892 3349 2966 cruciﬁgentes
3389 2894 3626 2952 sibimet
3655 2898 3807 2971 ipsis

2148 3006 2168 3031 α
2208 2982 2419 3038 Filium
2480 2982 2603 3051 Dei,
2664 2986 2773 3037 etc.
2810 3005 2837 3031 ι
2868 2983 2937 3036 Et
2995 2982 3207 3039 iterum
3241 3001 3255 3039 :
3296 3007 3317 3034 ι
3353 2987 3578 3051 Quanto
3610 2990 3804 3061 magis

2148 3093 2168 3123 ι
2205 3072 2427 3143 putatis
2449 3072 2737 3127 deteriora
2761 3073 2968 3127 mereri
2995 3072 3306 3144 supplicia,
3328 3075 3427 3146 qui
3451 3075 3664 3131 Filium
3697 3079 3799 3133 Dei

2146 3181 2173 3212 α
2202 3161 2648 3226 Conculeaverit,
2681 3165 2738 3214 et
2769 3160 3119 3231 sanguinem
3152 3164 3487 3219 testamenti
3505 3165 3800 3236 pollutum

2145 3272 2165 3298 α
2204 3249 2450 3316 duxerit,
2482 3249 2537 3303 in
2573 3265 2689 3320 quo
2730 3248 3132 3304 sanctiﬁcatus
3163 3254 3273 3317 est,
3306 3256 3364 3306 et
3392 3252 3635 3325 Spiritui
3663 3273 3798 3327 gra-

378 3318 552 3419 posse
571 3318 1119 3408 eon'ﬁrmasmontra
1140 3341 1481 3413 Apostolum
1505 3318 1873 3412 apertissime
1893 3360 2033 3413 prm-
2060 3318 2113 3383 δ
2146 3360 2173 3392 α
2202 3339 2291 3393 tia:
2325 3318 2741 3393 contumeliam
2794 3338 3032 3393 fecerit?
3051 3360 3072 3387 ο
3098 3339 3167 3393 Et
3194 3339 3309 3395 alio
3327 3318 3481 3398 loco:
3516 3360 3539 3393 ι
3572 3344 3644 3398 Et
3664 3318 3801 3416 per-

379 3435 674 3491 dicantem
695 3434 1215 3489 etcontestantem:
1239 3453 1259 3478 ιι
1279 3431 1563 3498 Quoniam
1577 3430 1762 3502 iniqui
1781 3448 2025 3502 regnum

375 3521 521 3579 «Dei
541 3533 653 3576 non
678 3519 1084 3593 possidebunt.
1114 3541 1135 3569 ι
1163 3521 1232 3574 Et
1253 3520 1533 3590 quoniam
1556 3519 1657 3591 qui
1678 3519 1891 3574 illa’vel
1925 3520 2027 3575 illa

369 3609 621 3666 crimina
651 3607 1272 3679 admiserint,regnum
1297 3608 1397 3663 Dei
1425 3624 1539 3662 non
1564 3614 2024 3679 consequentur,

368 3703 571 3755 etnon
632 3698 853 3753 habent
910 3696 1309 3752 haereditatem
1352 3696 1412 3750 in
1444 3713 1622 3767 regno
1655 3696 1867 3752 Christi
1899 3698 2019 3765 Dei,

364 3787 519 3843 inter
538 3802 687 3859 quos
709 3787 887 3842 etiam
912 3785 995 3840 illi
1017 3789 1157 3841 sunt
1190 3789 1497 3857 negatores
1522 3784 1756 3851 Christi,
1791 3786 1859 3840 de
1887 3787 2020 3857 qui-

363 3876 481 3933 bus
502 3877 626 3949 ipse
647 3874 985 3931 terribiliter
1015 3879 1299 3930 testatur:
1346 3897 1367 3924 α
1396 3875 1742 3945 Quicunque
1775 3892 2018 3947 negave-

367 3989 399 4019 α,
425 3965 502 4020 rit
535 3982 629 4021 me
651 3981 846 4021 coram
882 3964 1248 4031 hominibus,
1283 3964 1507 4035 negabo
1541 3968 1599 4018 et
1628 3980 1733 4034 ego
1765 3979 1896 4018 eum
1932 3982 2022 4019 eo-

365 4068 545 4109 cgram
602 4054 768 4108 Patre
808 4069 938 4108 meo
987 4051 1087 4124 qui
1135 4057 1225 4107 est
1252 4050 1313 4106 in
1345 4050 1527 4106 cmlis.
1561 4074 1587 4102 υ
1625 4053 1694 4106 Et
1724 4052 1806 4106 illi
1840 4052 2020 4107 infru-

360 4146 575 4199 ctuosae
607 4142 765 4209 ﬁdei,
788 4143 859 4196 de
888 4140 1103 4213 quibus
1134 4141 1217 4195 ait
1251 4158 1263 4194 :
1302 4162 1323 4188 α
1360 4140 1482 4195 Non
1518 4141 1711 4197 omnis
1743 4143 1842 4212 qui
1876 4143 2018 4198 dicit

367 4250 397 4281 ι
425 4229 571 4286 mihi
607 4247 620 4283 :
654 4230 920 4297 Domine,
956 4228 1219 4293 Domine,
1255 4229 1500 4284 intrabit
1528 4228 1587 4284 in
1624 4246 1866 4303 regnum
1898 4249 2015 4287 em-

365 4341 397 4368 ι.
423 4318 636 4374 lorum.
673 4341 697 4370 ι
734 4318 847 4373 Sed
904 4322 961 4373 et
1020 4317 1131 4372 illae
1191 4318 1362 4372 fatuae
1419 4318 1695 4389 virgines,
1730 4337 1856 4391 quae
1898 4337 2014 4376 non

359 4411 746 4480 sunipserunt
775 4404 969 4465 oleum
1000 4407 1059 4461 in
1090 4406 1245 4462 vasis
1277 4406 1403 4462 suis
1434 4423 1569 4462 cum
1610 4406 2008 4479 lampadibus,

357 4497 576 4569 quibus
597 4496 998 4567 clausa-janua
1016 4495 1173 4567 regni
1197 4495 1464 4551 dicturus
1484 4500 1598 4551 est:
1631 4519 1651 4545 ι
1677 4498 1859 4551 Amen
1883 4498 2013 4553 dico

359 4584 583 4653 «vobis,
619 4585 815 4640 nescio
834 4601 959 4639 vos.
984 4600 1004 4634 ι
1038 4585 1155 4639 Aut
1188 4583 1235 4638 si
1268 4600 1383 4638 non
1406 4584 1619 4651 credis,
1651 4601 1875 4653 omnes,
1910 4586 2012 4657 qui

2144 3446 2165 3474 α
2199 3426 2326 3494 ibit,
2360 3426 2572 3498 inquit,
2605 3425 2880 3480 inﬁrmus
2930 3425 2989 3481 in
3034 3431 3137 3482 tua
3185 3426 3539 3485 conscientia
3595 3432 3800 3503 frater,

2143 3536 2165 3565 α
2198 3520 2433 3589 prepter
2453 3533 2625 3588 quem
2653 3516 2925 3570 Christus
2967 3521 3239 3573 mortuus
3278 3519 3394 3575 est!
3416 3543 3437 3569 ι
3465 3519 3552 3575 Ita
3577 3523 3796 3579 veritas

2134 3605 2545 3677 mysteriorum
2579 3606 2805 3677 peragit
2847 3605 3129 3661 virtutum
3157 3624 3355 3677 suam,
3377 3626 3510 3664 cum
3542 3611 3798 3668 ﬁdeliter

2134 3693 2437 3765 accipitur,
2472 3693 2647 3748 eliam
2674 3694 2729 3748 in
2754 3693 2870 3750 illis
2902 3695 3003 3766 qui
3036 3712 3149 3750 non
3181 3702 3528 3769 permanent
3558 3699 3619 3754 in
3646 3702 3794 3757 veri-

2131 3788 2248 3838 tate
2278 3783 2619 3838 earumdem
2670 3784 3104 3855 mysteriorum.
3139 3786 3253 3841 Sed
3280 3792 3341 3842 et
3368 3788 3427 3842 in
3456 3787 3558 3844 illa
3587 3790 3792 3861 regula

2131 3873 2642 3945 intelligendarum
2704 3874 3140 3946 Scripturarum
3183 3876 3255 3930 de
3284 3892 3520 3949 corpore
3568 3878 3789 3935 Christi

2129 3980 2261 4017 vero
2303 3968 2481 4032 atque
2535 3960 2832 4029 simulato,
2868 3964 3023 4017 unde
3055 3967 3119 4018 tu
3158 3963 3316 4021 hunc
3346 3960 3599 4022 errarem
3629 3968 3793 4024 velut

2129 4053 2476 4107 conﬁrmare
2539 4052 2762 4116 niteris,
2814 4051 3092 4106 veraciter
3150 4070 3323 4110 nosse
3379 4055 3574 4123 debes,
3608 4055 3790 4112 simu-

2128 4140 2403 4195 lationem
2429 4140 2695 4195 denotari
2726 4141 2855 4195 vitae
2888 4145 2946 4195 et
2976 4157 3229 4209 morum,
3258 4159 3394 4210 non,
3421 4145 3573 4215 quod
3607 4145 3783 4214 absit,

2125 4230 2456 4285 divinorum
2491 4229 2906 4301 mysteriorum
2938 4234 2997 4284 et
3025 4235 3549 4288 sacramentorum.

2194 4320 2389 4374 Tertio
2412 4318 2537 4374 loco
2577 4317 2854 4390 displicet
2893 4318 3063 4373 nobis
3095 4319 3281 4387 valde,
3317 4321 3460 4392 quia
3483 4326 3541 4378 et
3565 4322 3785 4379 divina-

2124 4424 2256 4462 rum
2287 4406 2722 4478 Scripturarum
2758 4406 3115 4462 testimoniis
3137 4412 3193 4463 et
3217 4407 3633 4467 sineerissimis
3655 4426 3782 4468 san-

2122 4501 2350 4551 ctorum
2413 4496 2649 4550 Patrum
2711 4495 2884 4550 dictis
2928 4501 3049 4551 tam
3106 4514 3374 4569 perverse
3403 4499 3683 4569 abuteris,
3717 4506 3783 4559 ut

2121 4584 2242 4643 haec
2271 4584 2474 4640 omnia
2500 4601 2629 4655 quae
2659 4583 3143 4641 manifestissime
3190 4587 3470 4644 adversus
3517 4588 3776 4645 divinam

348 4691 487 4733 vera
518 4674 642 4729 ﬁde
655 4678 714 4730 et
746 4672 1049 4729 devotione
1071 4690 1173 4744 per
1191 4672 1469 4744 baptismi
1492 4674 1745 4744 gratiam
1779 4691 2009 4746 regene—
2040 4690 2089 4757 Π
2118 4674 2420 4729 veritatem
2453 4677 2510 4727 et
2537 4677 2841 4745 paternam
2877 4674 3053 4729 ﬁdem
3086 4675 3774 4747 disputans,ex.illisnon

352 4768 577 4832 rantur,
610 4762 828 4818 Christi
884 4778 1014 4817 esse
1076 4761 1362 4835 sanguine
1411 4762 1766 4832 redemptos,
1801 4762 1918 4818 imo
1944 4764 2005 4819 in

351 4851 565 4909 Christi
598 4854 785 4907 morte
815 4854 875 4906 et
920 4849 1211 4923 sanguine
1257 4849 1603 4922 baptizatos,
1637 4849 1776 4907 licet
1804 4857 2009 4923 postea

352 4939 603 5012 plurimi.
633 4957 703 4995 ex
723 4938 828 5007 eis,
861 4937 951 4994 vel
970 4955 1074 5010 per
1094 4938 1366 5010 hiereses,
1398 4938 1488 4994 vel
1509 4956 1613 5011 per
1634 4939 1749 4995 alia
1777 4940 2007 4996 diversa

352 5028 605 5084 crimina
652 5032 913 5099 pereant,
964 5026 1444 5083 manifestissime
1501 5029 1861 5084 contrarium
1918 5035 2010 5085 est

2118 4767 2273 4818 recte
2303 4761 2617 4817 intellectis
2650 4761 3058 4835 multipliciter
3107 4764 3403 4819 afﬁrmare
3430 4767 3769 4821 contendas.

2118 4851 2181 4906 In
2205 4855 2434 4907 tantum
2460 4855 2524 4906 ut
2544 4850 2677 4906 illos
2709 4850 2809 4922 qui
2841 4867 2909 4906 ex
2939 4868 3189 4908 numero
3211 4851 3481 4909 ﬁdelium.
3504 4858 3771 4925 pereunt,

2116 4958 2222 4997 nec
2244 4944 2403 5008 tunc,
2430 4940 2666 5012 quando
2688 4940 2984 5011 imprimis
3000 4942 3071 4996 ad
3088 4940 3461 5014 percipienda
3490 4943 3777 5015 mysteria.

2116 5028 2572 5102 regenerationis
2603 5033 2660 5084 et
2690 5029 3007 5086 Dominicm
3064 5029 3403 5102 oblationis,
3435 5030 3523 5086 vel
3554 5030 3621 5086 in
3645 5048 3772 5104 par-

351 5117 527 5174 beato
561 5116 739 5173 Paulo
781 5114 1045 5189 apostolo
1086 5117 1302 5173 dicenti
1339 5134 1352 5172 :
1394 5136 1416 5165 ι
1451 5117 1796 5189 Quicunque
1825 5119 2009 5190 bapti-

358 5207 525 5262 azati.
538 5222 746 5263 sumus
767 5204 828 5259 in
851 5205 1081 5261 Christo
1101 5206 1131 5261 ,ἶ
1139 5223 1263 5274 esu,
1300 5206 1357 5260 in
1382 5210 1569 5261 morte
1606 5207 1792 5278 ipsius
1823 5208 2008 5279 bapti-

357 5295 518 5351 szati
546 5312 776 5355 sumus.
804 5319 825 5346 ι
865 5294 935 5349 Et
963 5294 1132 5350 beato
1156 5294 1369 5350 Joanni
1394 5293 1666 5350 similiter
1696 5296 1767 5350 de
1799 5297 2001 5352 eodem

348 5383 596 5443 Domino
610 5383 993 5440 contestanti:
1017 5406 1037 5431 α
1057 5382 1163 5448 Qui
1178 5382 1518 5451 dilexitnos,
1541 5384 1753 5455 inquit,
1778 5388 1835 5440 et
1866 5386 2006 5441 lavit

354 5492 387 5525 ι-
410 5487 517 5527 nos
538 5491 576 5528 ο.
597 5472 849 5544 peccatis
887 5470 1103 5526 nostris
1129 5470 1186 5525 in
1217 5471 1504 5545 sanguine
1524 5490 1653 5530 suo.
1679 5497 1701 5525 ι
1733 5474 1804 5529 Et
1832 5474 2000 5530 beato

350 5556 513 5613 Retro
533 5560 713 5615 etiam
752 5561 824 5613 de
863 5560 1136 5630 pessimis
1173 5559 1477 5629 haereticis,
1512 5561 1611 5633 qui
1636 5566 1768 5633 post
1786 5563 2001 5635 baptis-

353 5658 515 5697 mum
547 5646 970 5715 redemptionis
999 5647 1211 5702 Christi
1241 5648 1311 5703 de
1324 5648 1583 5704 Ecclesia
1611 5657 1996 5717 recesserunt,

354 5726 435 5781 ita
450 5728 691 5785 dicenti:
727 5732 977 5788 uEt-eum
998 5735 1097 5807 qui
1121 5734 1263 5791 emit
1284 5753 1381 5793 eos
1411 5737 1729 5795 Dominum
1760 5747 1995 5813 negant,

2113 5119 2251 5175 vula
2279 5122 2449 5175 aatate
2480 5119 2552 5174 ab
2584 5118 2716 5174 aliis
2776 5118 2959 5175 oblati
3015 5124 3174 5188 sunt,
3205 5119 3294 5176 vel
3328 5119 3441 5192 ipsi
3470 5119 3529 5174 in
3560 5122 3769 5192 majori

2116 5208 2367 5264 ﬁdeliter
2417 5211 2811 5274 accesserunt,
2844 5208 3106 5264 afﬁrmes
3155 5208 3387 5267 Christo
3413 5212 3472 5264 et
3499 5209 3769 5267 Ecclesim

2113 5315 2227 5353 non
2270 5297 2696 5369 incorporatos,
2728 5313 2834 5351 nec
2892 5298 3159 5353 membra
3211 5297 3377 5355 illius
3428 5298 3683 5370 quaesitae
3712 5303 3773 5353 et

2112 5386 2342 5443 salvatze
2372 5387 2495 5441 ovis
2515 5386 2774 5454 effectos,
2795 5401 2866 5442 ac
2883 5402 2986 5458 per
3013 5386 3124 5442 hoc
3156 5402 3263 5443 nec
3292 5402 3554 5458 unquam
3586 5388 3777 5444 fuisse

2111 5474 2648 5530 Christianos.Nam
2674 5477 2968 5546 quomodo
2990 5480 3082 5531 est
3108 5474 3501 5543 Christianus,
3518 5477 3617 5547 qui
3651 5493 3764 5532 non

2111 5565 2368 5637 pertinet
2393 5565 2464 5618 ad
2497 5582 2713 5636 corpus
2768 5564 3003 5633 Christi,
3038 5564 3141 5636 qui
3172 5582 3286 5619 non
3314 5568 3413 5620 est.
3431 5566 3761 5621 membrum

2108 5653 2372 5708 Christi?
2404 5654 2545 5707 Cum
2582 5671 2612 5707 e
2657 5653 2945 5708 contrarie
3000 5654 3312 5725 Apostolus
3369 5654 3547 5711 etiam
3608 5655 3759 5721 i-llos,

2109 5744 2207 5813 qui
2268 5743 2520 5816 graviter
2575 5758 2835 5815 peccare,
2865 5748 2921 5799 et
2975 5743 3035 5798 in
3084 5744 3287 5800 eodem
3331 5744 3489 5816 gravi
3520 5750 3759 5816 peccato
