3900 6362
155 427 242 496 ω
966 487 968 490 τ
1664 431 2087 496 EPISTOL/E.
3504 437 3584 502 90

157 566 352 640 perire
369 570 638 639 possunt,
658 568 920 624 membra
937 568 1153 624 Christi
1175 575 1231 625 et
1251 569 1534 642 templum
1557 569 1812 640 Spiritus
1844 566 1900 634 Α
1930 569 2106 643 lignis
2138 569 2380 639 angelis,
2398 572 2454 625 et
2487 570 2747 642 reprobis
2774 569 3114 627 hominibus
3138 574 3450 643 perpetuas
3468 587 3560 645 pce

157 656 349 712 sancti
389 673 519 712 esse
559 657 736 723 dicat,
785 659 1046 730 quandiu
1091 660 1340 715 fideliter
1380 666 1436 715 ct
1481 661 1822 714 innocenter

160 750 366 817 agunt.
408 770 427 794 α
470 743 1128 819 Nescitis,inquit,quia
1159 767 1403 820 corpora
1433 754 1624 803 vestra
1644 766 1821 803 mem-

167 857 194 884 «
229 836 335 889 bra
366 835 580 890 Christi
617 837 805 891 sunt?
836 837 1070 891 Tollens
1113 855 1248 909 ergo
1283 840 1550 893 membra
1605 839 1820 892 Christi

167 946 200 972 «ο
232 923 441 978 faciam
475 925 740 978 membra
773 927 1142 981 meretricis?
1173 929 1356 982 Absit.
1390 952 1414 976 n
1451 930 1516 982 Et
1558 930 1770 982 iterum
1806 947 1818 983 :

171 1036 192 1062 ι
233 1014 483 1067 Nescitis
515 1015 655 1084 quia
689 1015 972 1085 templum
999 1016 1094 1069 Dei
1131 1018 1366 1076 estis.et
1396 1017 1648 1087 Spiritus
1664 1034 1826 1081 sauc-

172 1123 193 1149 ι
234 1105 328 1154 tus
360 1100 588 1155 habitat
619 1101 677 1154 in
710 1101 914 1156 vobis?
937 1102 994 1156 Si
1018 1104 1150 1174 quis
1183 1108 1379 1157 autem
1415 1104 1697 1176 templum
1724 1104 1821 1158 Dei

175 1211 202 1240 ‹‹
236 1188 558 1253 violaverit,
592 1191 890 1261 disperdet
918 1191 1084 1246 illum
1119 1193 1294 1257 Deus,
1334 1215 1356 1242 ι
1391 1199 1502 1248 etc.

242 1281 460 1343 Quarto
492 1277 617 1333 loco
650 1279 920 1350 displicet
951 1281 1120 1336 nobis
1151 1282 1337 1349 valde,
1363 1283 1503 1354 quia
1530 1287 1651 1336 tam
1683 1284 1826 1337 dure

171 1373 232 1422 et
262 1367 696 1440 indisciplinate
725 1373 782 1423 et
814 1370 1151 1425 immaniter
1181 1372 1250 1425 de
1282 1372 1481 1426 divina
1527 1372 1825 1443 prmdesti-

173 1457 411 1512 natione
425 1459 609 1513 sentis
622 1463 678 1512 et
690 1458 948 1530 loqueris
961 1459 1016 1513 in
1033 1460 1408 1515 damnatione
1423 1463 1798 1532 reproborum
1811 1503 1824 1527 ,

175 1553 245 1602 ut
273 1563 481 1602 omnes
511 1547 642 1602 illos
673 1548 770 1620 qui
791 1549 863 1603 ad
888 1548 1188 1604 sinistram
1215 1550 1466 1622 ponendi
1489 1556 1628 1606 sunt
1651 1551 1708 1605 in
1735 1551 1830 1606 die

166 1635 476 1708 judicii,et
503 1653 638 1692 cum
671 1636 902 1693 diabolo
925 1641 1098 1709 atque
1127 1639 1352 1710 angelis
1375 1639 1504 1709 ejus
1537 1657 1639 1711 pro
1658 1639 1829 1695 malis

178 1725 407 1781 meritis
440 1726 565 1781 suis
596 1731 810 1781 zeterno
844 1727 978 1800 igne
1007 1729 1348 1797 damnandi,
1381 1729 1462 1784 ita
1495 1729 1832 1785 sintdivini-

176 1818 278 1870 tus
309 1817 380 1870 ad
422 1815 724 1870 interitum
774 1818 1192 1888 praedestinati,
1228 1824 1293 1872 ut
1339 1835 1539 1891 eorum
1589 1836 1830 1890 prorsus

1933 679 2057 726 nas,
2093 679 2206 714 non
2240 661 2378 731 quia
2410 659 2696 730 malignos
2729 666 2785 714 et
2819 662 3094 732 reprobos
3125 662 3249 733 ipse
3293 679 3392 717 eos
3422 663 3582 731 facit,

1933 751 2028 803 sed
2066 751 2203 821 quia
2230 749 2520 820 malignos
2551 756 2607 804 et
2628 752 2903 822 reprobos
2920 767 3025 804 suo
3044 751 3183 805 vitio
3208 751 3436 807 futuros
3452 752 3585 808 illos

1934 840 2195 910 przevidit
2231 857 2242 892 :
2279 844 2334 892 et
2365 858 2511 910 quos
2545 839 2687 893 tales
2721 840 2952 910 proprio
2977 839 3113 894 vitio
3141 841 3368 895 futuros
3393 842 3588 913 praevi-

1933 929 2037 995 dit,
2060 929 2199 999 quid
2237 929 2450 982 mirum
2475 930 2521 984 si
2548 929 3063 998 eosjustojudicio
3088 947 3194 984 suo
3208 935 3452 985 mternos
3475 950 3588 1003 pa:-

1935 1020 2026 1071 nis
2058 1023 2115 1071 vt
2147 1018 2434 1073 incendiis
2466 1018 2913 1088 praulestinm'it,
2944 1022 3006 1072 ut
3038 1018 3135 1089 qui
3168 1017 3424 1073 volentes
3454 1038 3584 1091 pec-

1936 1112 2232 1173 caverunt,
2267 1107 2528 1161 nolentes
2560 1107 2927 1177 puniantur?
2956 1108 3076 1161 Non
3113 1107 3308 1178 itaque
3360 1109 3416 1162 in
3466 1109 3586 1164 illis

1936 1196 2369 1268 prmdestinavit
2399 1196 2770 1266 omnipotens
2794 1197 2947 1250 Deus
2979 1214 3105 1267 qua:
3138 1196 3247 1250 sibi
3279 1202 3446 1252 erant
3477 1199 3588 1252 fac-

1937 1285 2053 1339 turi
2082 1284 2284 1357 iniqua
2315 1284 2612 1338 voluntate
2640 1302 2766 1349 sua,
2803 1286 2901 1338 sed
2937 1301 3062 1356 qum
3092 1284 3217 1356 ipse
3250 1287 3321 1341 dc
3350 1287 3435 1341 eis
3464 1292 3588 1342 erat

1937 1374 2315 1428 ordinaturus
2333 1373 2909 1444 au'piissimojudicio
2933 1391 3058 1428 suo.
3079 1373 3252 1427 Nulla
3273 1374 3425 1429 enim
3452 1393 3589 1446 prae-

1939 1462 2254 1516 destinavit
2288 1462 2530 1531 injusta,
2565 1462 2663 1515 sed
2697 1465 2926 1516 tantum
2955 1462 3149 1531 justa;
3183 1461 3405 1533 injusta
3455 1481 3586 1518 vero

1940 1551 2230 1623 pralscivit
2261 1555 2324 1604 ut
2355 1552 2508 1606 Deus
2563 1551 2777 1618 futura,
2816 1550 3249 1622 prtedestinavit
3303 1557 3368 1606 ut
3406 1553 3588 1622 judex

1931 1641 2133 1712 justus
2164 1642 2520 1696 damnanda.
2556 1641 2668 1695 Nec
2702 1640 3067 1712 prmscientia
3089 1643 3429 1710 tamen,nec
3452 1659 3592 1712 prte-

1939 1731 2331 1785 destinatione
2362 1747 2488 1798 sua,
2523 1730 2801 1801 cuiquam
2835 1729 3123 1784 malorum
3147 1729 3476 1798 hominum,
3500 1731 3587 1786 vel

1940 1818 2726 1891 angelorum,necessitatem
2759 1818 3042 1888 imposuit
3065 1817 3217 1873 male
3248 1819 3586 1890 agendi,sed

177 1903 380 1960 nullus
403 1904 720 1976 aliquando
745 1907 1023 1977 potuerit,
1043 1905 1240 1961 nullus
1259 1907 1443 1979 possit
1465 1907 1661 1963 salvus
1679 1925 1825 1963 esse.
1859 1941 1907 2006 B
1941 1909 2346 1962 tantummodo
2365 1924 2467 1978 pro
2487 1905 2658 1961 malis
2680 1906 2860 1977 gestis
2879 1910 3123 1961 aeternas
3144 1924 3347 1978 pcenas
3363 1906 3584 1962 luendi.

173 1995 340 2060 Quod
373 1994 589 2050 sentire
606 1998 662 2048 et
691 1994 1031 2066 dicerequid
1046 2001 1136 2051 est
1156 1995 1531 2068 aliud,quam
1566 1997 1624 2051 in
1643 1998 1826 2052 Deum
1859 1994 1906 2006 “’
1939 1995 2100 2051 Unde
2146 1996 2450 2052 verissime
2498 1996 2568 2049 ad
2619 2012 2753 2049 eum
2804 1995 3108 2067 Scriptura
3150 1995 3293 2050 dicit
3324 2011 3336 2050 :
3375 2018 3402 2045 «
3434 1997 3588 2052 Deus

169 2082 429 2155 graviter
459 2087 516 2138 et
558 2082 915 2139 horribiliter
944 2085 1375 2157 blasphemare,
1426 2086 1474 2141 si
1531 2085 1648 2141 illis
1700 2087 1829 2157 ejus

170 2172 610 2246 prmdestinatio
632 2173 782 2228 hanc
813 2175 1222 2229 necessitatem
1248 2175 1704 2231 irrevocabiliter
1728 2177 1828 2231 im-

169 2263 388 2335 posuit,
423 2267 488 2317 ut
516 2263 756 2318 omnino
788 2265 942 2335 quod
974 2264 1045 2318 ad
1080 2263 1328 2319 salutem
1363 2282 1532 2319 suam
1585 2266 1824 2336 proiice-

168 2356 259 2406 rct
290 2352 516 2424 operari
551 2369 665 2407 non
699 2353 968 2424 possint?
998 2354 1108 2408 Sed
1138 2353 1291 2408 absit
1323 2371 1356 2408 a
1387 2355 1556 2410 nobis
1597 2354 1704 2409 hoc
1738 2373 1824 2409 rc-

168 2442 382 2513 cipere,
419 2458 490 2496 ne
518 2441 794 2497 meritum
824 2443 1220 2498 damnationis
1252 2443 1487 2498 illorum
1521 2444 1620 2498 Dei
1654 2444 1826 2515 culpa

169 2531 271 2597 sit,
306 2529 406 2602 qui
437 2547 536 2587 eos
565 2530 712 2586 tales
742 2548 869 2587 esse
909 2531 1236 2599 constituit,
1269 2549 1384 2587 non
1435 2532 1672 2587 illorum
1724 2534 1821 2604 qui

170 2620 333 2675 aliud
367 2636 494 2676 esse
526 2637 641 2675 non
688 2624 1021 2692 potuerunt.
1061 2621 1206 2676 Huic
1254 2622 1456 2688 errori,
1489 2622 1578 2676 vel
1631 2623 1824 2692 potius

169 2708 618 2766 immanissima:
651 2709 937 2781 impietati
957 2710 1177 2765 resistit
1207 2711 1510 2783 Scriptura
1532 2711 1732 2766 dicens
1754 2713 1826 2766 de

169 2798 274 2853 ille
291 2816 303 2852 :
323 2821 350 2848 ι(
374 2799 603 2854 Nemini
629 2798 927 2854 mandavit
948 2800 1125 2870 impie
1148 2816 1337 2870 agere,
1355 2804 1412 2854 et
1433 2800 1652 2854 nemini
1667 2800 1828 2854 dedit

177 2912 200 2938 σ
233 2889 491 2959 spatium
543 2888 841 2959 peccandi.
878 2909 905 2937 »
959 2890 1028 2942 Et
1077 2889 1200 2959 ipse
1247 2888 1431 2958 judex
1478 2890 1742 2943 vivorum
1773 2893 1830 2943 et

172 2981 540 3032 mortuorum
559 2976 812 3031 destruit
845 2976 999 3030 istud
1024 2972 1299 3030 insanum
1326 2977 1826 3048 mendacium,qui

166 3085 234 3122 sc
267 3065 324 3120 in
360 3065 457 3119 illo
487 3065 796 3136 diejudicii
825 3065 904 3118 ita
924 3064 1041 3118 illis
1059 3065 1245 3134 quiad
1265 3065 1567 3121 sinistram
1588 3066 1830 3120 stabunt

163 3156 466 3211 dicturum
499 3171 628 3209 esse
659 3153 950 3226 prmdixit:
971 3175 997 3202 «
1017 3152 1310 3208 Discedite
1328 3172 1361 3208 a
1383 3152 1822 3220 me,maledicti,

163 3268 198 3296 ‹‹
231 3245 293 3299 in
329 3245 524 3316 ignem
556 3241 976 3312 mternum,qui
1008 3246 1249 3312 paratus
1281 3247 1369 3298 est
1398 3242 1628 3297 diabolo
1651 3246 1707 3297 et
1729 3259 1826 3297 an-

1943 2109 1963 2135 a
2001 2091 2230 2152 aeterne,
2265 2085 2366 2157 qui
2420 2083 2781 2140 occultorum
2833 2101 2894 2139 es
2943 2085 3229 2155 cognitor,
3279 2085 3378 2156 qui
3432 2086 3586 2140 nosti

1941 2198 1968 2225 ‹‹
2001 2176 2196 2230 omnia
2227 2180 2542 2246 antequam
2577 2174 2783 2229 fiant.»
2817 2175 2887 2228 Et
2920 2173 3132 2227 iterum
3167 2174 3237 2228 de
3267 2173 3393 2228 illo:
3435 2199 3454 2223 (ι
3485 2175 3587 2228 Do-

1941 2288 1967 2315 ‹‹
2002 2265 2160 2319 mino
2191 2265 2346 2320 enim
2380 2265 2494 2319 Deo
2529 2268 2842 2334 antequam
2873 2265 3214 2317 crearentur
3243 2263 3441 2317 omnia
3463 2264 3586 2316 fue-

1940 2377 1968 2404 «
2000 2360 2136 2409 runt
2167 2356 2425 2427 cognita:
2455 2352 2727 2407 similiter
2756 2356 2813 2406 et
2846 2356 2979 2424 post
3011 2353 3329 2423 perfectum
3353 2351 3592 2423 respicit

1939 2467 1966 2494 ‹‹
1999 2444 2216 2498 omnia.
2253 2467 2278 2493 η
2313 2445 2384 2497 Et
2416 2443 2526 2497 alio
2559 2443 2684 2497 loco
2721 2460 2732 2496 :
2772 2463 2799 2490 «
2831 2443 2876 2496 A
2917 2440 3128 2495 sreculo
3161 2441 3340 2508 enim,
3375 2439 3585 2512 inquit,

1943 2555 1963 2581 ε
1996 2550 2182 2604 usque
2214 2533 2272 2586 in
2307 2531 2589 2587 smeulum
2624 2530 2882 2602 rCSpicit,
2914 2533 2970 2583 et
2993 2529 3134 2584 nihil
3171 2535 3259 2584 est
3291 2545 3504 2584 novum
3529 2530 3587 2583 in

1938 2647 1964 2674 ‹‹
1996 2628 2308 2694 conspectu
2343 2623 2491 2692 ejus.
2528 2643 2554 2672 »
2591 2623 2740 2676 Sunt
2765 2620 3002 2691 quidem
3041 2619 3095 2673 in
3128 2619 3301 2674 malis
3333 2622 3390 2673 et
3423 2620 3589 2674 dam-

1935 2713 2148 2766 nandis
2183 2711 2365 2782 aliqui
2401 2709 2673 2782 reputati,
2708 2709 2809 2780 qui
2841 2707 2998 2762 aliud
3041 2724 3170 2762 esse
3220 2725 3332 2761 non
3386 2711 3589 2779 potue-

1937 2805 2094 2867 runt,
2112 2801 2265 2853 sicut
2294 2799 2378 2852 illi
2405 2798 2627 2870 parvuli
2664 2814 2863 2852 recens
2894 2797 3038 2862 nati,
3075 2797 3185 2851 sub
3219 2801 3382 2851 reatu
3414 2795 3588 2867 origi-

1938 2877 2088 2942 nalis
2105 2887 2319 2958 peccati
2344 2887 2625 2952 defuncti,
2643 2886 2738 2956 qui
2751 2887 2859 2939 bus
2882 2902 2985 2956 per
3002 2885 3361 2955 baptismum
3373 2883 3586 2938 Christi

1940 2994 2053 3030 non
2085 2975 2274 3047 potuit
2322 2973 2616 3030 subveniri
2648 2992 2660 3040 ;
2691 2973 2844 3028 sicut
2892 2972 3068 3027 etiam
3119 2972 3200 3025 illi
3253 2972 3590 3043 ignorantes

1937 3065 2144 3130 Deum,
2182 3064 2281 3134 qui
2315 3081 2428 3116 non
2463 3065 2780 3133 potuerunt
2815 3060 3084 3114 invocare
3136 3060 3193 3113 in
3244 3076 3419 3131 quem
3470 3077 3586 3116 non

1937 3152 2330 3219 crediderunt,
2348 3168 2452 3206 nec
2479 3151 2680 3205 audire
2697 3150 2824 3204 sine
2855 3149 3228 3221 prmdicantc,
3253 3165 3357 3203 nec
3379 3149 3586 3219 praedi-

1937 3247 2192 3296 catorem
2216 3242 2450 3308 habere,
2468 3240 2604 3312 quia
2626 3239 2855 3294 nullum
2881 3240 2950 3293 ad
2967 3256 3028 3293 se
3051 3239 3201 3292 mitti
3223 3242 3582 3293 meruerunt.

163 3358 194 3386 κ
233 3332 382 3406 gelis
410 3332 560 3401 ejus.
597 3352 624 3379 »
655 3329 727 3384 Ut
758 3347 862 3385 cur
889 3347 921 3384 a
953 3347 1011 3384 se
1037 3330 1506 3402 inseparabiliter
1527 3331 1823 3388 discedere
1853 3309 1904 3377 C
1936 3332 2044 3386 Sed
2069 3330 2201 3384 etin
2232 3330 2323 3386 his
2352 3347 2465 3383 non
2492 3328 2876 3399 estiniquitas
2901 3327 3053 3398 apud
3068 3327 3274 3394 Deum,
3295 3326 3433 3398 quia
3452 3330 3507 3380 et
3527 3327 3588 3380 il—

158 3425 290 3479 sint
320 3420 506 3492 digni,
525 3435 630 3474 cur
656 3418 972 3486 maledicti,
992 3437 1097 3473 cur
1118 3419 1349 3475 diabolo
1372 3425 1429 3475 et
1449 3419 1672 3491 angelis
1695 3422 1824 3490 ejus

159 3513 234 3567 in
262 3514 479 3565 aeterna
509 3525 679 3580 poma
710 3508 1217 3574 sociati,videlicet
1246 3526 1359 3562 non
1386 3525 1455 3563 ex
1485 3509 1822 3580 praejudicio

162 3597 704 3673 prmdestinationis
737 3614 876 3664 sum,
911 3598 1010 3652 sed
1043 3615 1110 3652 ex
1143 3598 1348 3652 merito
1379 3597 1706 3668 iniquitatis
1728 3615 1821 3652 eo-

164 3703 326 3753 rum,
342 3686 539 3740 statim
555 3685 882 3741 clarissime
895 3687 1219 3758 subjungat
1235 3692 1291 3740 et
1304 3687 1574 3741 ostendat
1586 3687 1818 3742 dicens:

168 3801 199 3828 ‹‹
236 3776 382 3842 Quia
411 3775 647 3842 esurivi,
683 3780 740 3830 et
792 3793 910 3830 non
957 3775 1204 3830 dedistis
1237 3776 1379 3830 mihi
1416 3777 1772 3832 manducare
1806 3795 1818 3832 :

170 3889 210 3916 ‹‹⁴
237 3864 391 3920 81ῐὶνί
422 3869 479 3919 et
507 3881 621 3920 non
653 3864 899 3920 dedistis
932 3865 1075 3920 mihi
1107 3865 1321 3932 bibere,
1355 3887 1384 3914 η
1421 3869 1529 3920 etc.
1563 3865 1671 3920 Ubi
1701 3865 1820 3920 evi-

166 3957 377 4011 denter
407 3953 738 4008 ostenditur
766 3955 922 4025 quod
958 3971 1070 4008 non
1105 3958 1410 4025 propterea
1440 3956 1820 4021 damnantur,

166 4043 319 4114 quia.
359 4041 536 4114 epera
585 4042 794 4097 salutis
827 4059 944 4098 sua:
988 4042 1172 4097 facere
1203 4060 1316 4097 non
1351 4047 1685 4113 potuerunt,
1721 4045 1820 4097 sed

165 4130 311 4203 quia
342 4131 528 4186 facere
558 4131 892 4186 noluerunt.
937 4131 1098 4186 Unde
1141 4135 1199 4185 et
1252 4130 1564 4185 Psalmista
1610 4132 1680 4184 de
1727 4147 1819 4185 eo-

166 4221 304 4275 dem
331 4221 493 4290 justo
525 4224 584 4274 et
611 4225 824 4274 aeterno
848 4220 1049 4290 judice
1097 4219 1238 4274 dicit
1272 4238 1284 4273 :
1323 4242 1350 4268 ‹‹
1383 4221 1531 4285 Quia
1577 4225 1641 4273 tu
1693 4220 1820 4274 red-

170 4308 338 4363 «x-dcs
367 4309 685 4381 unicuique
717 4309 1042 4364 secundum
1093 4323 1269 4378 opera
1317 4325 1443 4363 sua.
1480 4331 1506 4358 »
1542 4309 1667 4364 Non
1719 4308 1818 4374 ait,

167 4398 497 4455 secundum
526 4397 866 4469 prmj'udicia
897 4414 1024 4465 sua,
1071 4397 1226 4451 sicut
1254 4396 1368 4451 ista
1398 4397 1608 4452 insana
1637 4401 1695 4452 et
1728 4398 1821 4451 fu-

165 4487 426 4542 ribunda
453 4487 719 4541 doctrina
749 4501 1007 4542 asserere
1038 4490 1300 4552 conatur,
1342 4487 1410 4540 ad
1466 4485 1611 4540 nihil
1663 4485 1821 4541 aliud

168 4575 285 4631 nisi
317 4575 390 4630 ad
419 4575 860 4631 subversionem
891 4573 1276 4629 audientium.
1295 4574 1440 4628 Cum
1473 4592 1503 4629 e
1533 4576 1822 4630 contrario

1935 3419 2022 3474 10s
2052 3419 2228 3474 traxit
2257 3420 2324 3473 ad
2353 3422 2597 3473 mortem
2623 3416 2906 3487 originale
2929 3420 3330 3488 peccatum,ct
3361 3415 3506 3470 istos
3531 3419 3588 3470 ct

1935 3507 2216 3581 originale
2238 3507 2456 3579 pariter
2473 3512 2530 3562 et
2551 3505 2798 3562 actuale.
2819 3506 2948 3576 Ipso
2972 3509 3166 3560 tamen
3193 3504 3588 3576 ubiquejusto

1927 3597 2262 3670 judice,qui
2288 3599 2358 3652 de
2383 3601 2501 3651 tota
2523 3595 2768 3650 humani
2803 3595 3031 3666 generis
3065 3594 3370 3661 massa,ob
3389 3593 3588 3664 primae

1934 3683 2425 3757 przevaricationis
2458 3683 2735 3738 meritum
2761 3682 2922 3752 justo
2941 3682 3269 3748 damnatos,
3287 3680 3432 3736 alios
3457 3679 3595 3735 facit

1932 3791 2072 3829 vasa
2120 3771 2532 3828 misericordia:
2583 3771 2840 3842 gratuita
2887 3768 3095 3840 gratia,
3131 3768 3280 3823 alios
3323 3769 3592 3839 permisit

1934 3881 2062 3918 esse
2090 3881 2231 3918 vasa
2253 3863 2524 3932 irajusto
2538 3859 2784 3930 judicio.
2804 3859 2904 3912 Sin
2931 3863 3129 3911 autem
3153 3858 3262 3912 hoc
3285 3856 3586 3927 qumritur,

1935 3953 2035 4006 ubi
2066 3952 2122 4005 in
2158 3949 2478 4022 Scripturis
2511 3946 2944 4019 praedestinatio
2978 3947 3036 3999 in
3091 3944 3307 4000 malam
3360 3949 3587 4016 partem

1935 4041 2182 4106 dicatur,
2215 4039 2410 4109 ipsum
2443 4036 2681 4107 quidem
2715 4035 2946 4106 prepric
2974 4035 3217 4088 verbum
3269 4033 3366 4089 tali
3404 4050 3581 4088 sensu

1935 4127 2188 4199 positum
2225 4126 2465 4181 forsitan
2485 4143 2600 4179 non
2619 4124 2786 4179 facile
2809 4122 3132 4178 invenitur:
3151 4139 3363 4178 sensus
3389 4127 3586 4178 tamen

1930 4217 2090 4272 verbi
2126 4215 2433 4270 manifeste
2464 4215 2524 4268 in
2556 4213 2824 4285 pluribus
2857 4212 3002 4268 locis
3037 4216 3316 4284 apparet;
3347 4211 3504 4266 sicut
3532 4213 3589 4267 in

1934 4305 2140 4377 primis
2172 4306 2244 4359 de
2276 4303 2498 4375 angelis
2530 4304 2752 4373 refugis
2783 4302 2994 4358 beatus
3043 4302 3071 4357 J
3083 4303 3229 4356 udas
3276 4301 3591 4373 Apostolus

1934 4394 2074 4449 dicit
2108 4411 2118 4448 :
2156 4416 2182 4441 ‹‹
2213 4393 2464 4465 Angelos
2492 4410 2646 4460 vero,
2679 4393 2776 4462 qui
2820 4408 2934 4446 non
2987 4395 3367 4445 servaverunt
3413 4407 3587 4444 suum

1938 4507 1964 4533 ‹‹
1992 4483 2522 4556 principatum,sed
2548 4481 3181 4551 dereliqueruntsuum
3199 4477 3586 4545 domicilium,

1937 4595 1965 4622 ‹‹
1997 4572 2327 4628 carceribus
2358 4570 2603 4642 calignis
2625 4570 2933 4624 damnatos
2951 4565 3195 4620 tradidit
3217 4566 3274 4619 in
3290 4565 3588 4636 judicium

167 4666 320 4720 ﬁdes
349 4661 642 4719 catholica
665 4665 1003 4719 firmissime
1035 4669 1369 4730 teneat,nec
1399 4664 1595 4736 ipsum
1619 4666 1823 4720 diabo—
1856 4677 1904 4741 D
1939 4685 1966 4712 ‹‹
1997 4661 2343 4716 cruciandos
2376 4657 2676 4714 reservari.
2703 4679 2730 4704 η
2765 4658 2835 4710 Et
2866 4657 2936 4709 de
2967 4653 3329 4739 Antichristo
3374 4653 3588 4710 Paulus

165 4755 390 4820 lum,et
418 4752 659 4826 angelos
683 4754 928 4825 ejus,ad-
951 4753 1058 4807 hoc
1092 4767 1353 4824 unquam
1378 4756 1822 4824 praedestinatos

168 4847 247 4898 υι-
264 4841 414 4898 tales
442 4846 668 4897 essent:
693 4843 794 4896 sed
826 4841 968 4913 quia
995 4841 1141 4898 tales
1162 4857 1270 4896 suo
1298 4842 1438 4897 vitio
1459 4857 1620 4899 essse
1639 4845 1828 4899 volue.

167 4934 331 4999 runt,
366 4930 584 4986 idcirco
611 4930 698 4986 eis
728 4929 926 4985 interni
966 4929 1087 5002 igni
1139 4929 1430 5002 supplicia
1480 4936 1824 5004 praparata.

166 5019 556 5091 Omnipotens
587 5019 744 5075 enim
778 5019 932 5074 Deus
975 5035 1091 5074 non
1145 5023 1236 5074 est
1285 5023 1489 5074 auctor
1533 5021 1824 5076 malorum

167 5107 538 5176 meritorum,
575 5124 678 5164 nec
711 5107 1002 5163 malorum
1033 5107 1364 5175 hominum,
1396 5125 1502 5164 nec
1533 5109 1823 5165 malorum

166 5195 514 5267 angelorum
550 5213 564 5250 :
597 5197 698 5251 sed
727 5195 842 5267 ipsi
875 5195 987 5251 sibi
1019 5200 1160 5251 sunt
1191 5199 1458 5251 auctores
1489 5197 1823 5269 mali,quod

165 5285 406 5359 propria
433 5284 734 5341 voluntate
778 5290 1126 5358 gesserunt;
1182 5285 1337 5340 Deus
1386 5291 1580 5341 autem
1625 5289 1828 5358 justus

166 5374 324 5430 utter
349 5379 412 5430 et
431 5374 615 5446 jud'ex
635 5375 699 5429 in—
717 5374 808 5429 his
831 5391 959 5444 qua:
976 5375 1104 5446 ejus
1125 5377 1397 5445 aequitate
1420 5376 1652 5446 passuri
1665 5382 1819 5432 sunt.

166 5463 469 5520 Prasscivit'
497 5477 634 5535 ergo
662 5463 1013 5518 (eternaliter
1043 5463 1239 5517 futura
1261 5463 1416 5518 mala
1447 5467 1658 5520 merita
1679 5466 1829 5538 ipso-

168 5567 327 5623 rum,
347 5553 448 5608 sed
479 5551 847 5624 praescientia
872 5554 1006 5622 ejus
1033 5569 1145 5607 non
1179 5551 1262 5607 eis
1293 5552 1490 5606 intulit
1513 5555 1825 5610 necessita-

168 5646 311 5708 tem,
327 5645 396 5695 ut
420 5641 579 5696 aliud
610 5657 740 5696 esse
771 5657 888 5695 non
909 5645 1166 5712 possent,
1189 5642 1288 5695 sed
1315 5646 1542 5697 tantum
1567 5645 1830 5714 praevidit

172 5730 331 5801 quod
367 5729 535 5786 aliud:
561 5747 688 5786 esse
719 5728 962 5788 nollent.
986 5729 1428 5786 Praedestinavi-t
1454 5732 1676 5787 eisdem
1698 5750 1826 5790 ma—

1935 4750 2234 4822 apostolus
2264 4749 2430 4803 dicit:
2464 4771 2484 4796 ιι
2520 4747 2588 4801 Et
2619 4745 2907 4800 revelatus
2939 4737 3115 4797 fuerit
3147 4742 3324 4797 homo
3340 4742 3584 4814 peccati,

1939 4863 1966 4890 «
1998 4839 2155 4894 filius
2183 4835 2548 4910 perditionis,
2581 4835 2681 4906 qui
2714 4834 3054 4888 adversatur
3082 4835 3140 4886 et
3167 4830 3464 4885 extollitur
3488 4847 3588 4886 su-

1938 4951 1966 4980 ‹‹
1999 4944 2103 5000 pra
2133 4944 2305 4983 omne
2333 4927 2487 4998 quod
2521 4925 2737 4979 dicitur
2767 4923 2944 4987 Deus,
2973 4925 3075 4976 aut
3105 4921 3260 4992 quod
3293 4919 3522 4975 colitur.
3555 4942 3584 4970 ››

1935 5020 2004 5074 Et
2035 5022 2167 5090 post
2195 5031 2418 5088 pauca:
2448 5036 2476 5064 ‹‹
2507 5017 2689 5080 Quem
2720 5012 3010 5067 Dominus
3042 5009 3355 5065 interficiat
3374 5009 3587 5082 spiritu

1937 5131 1965 5160 ‹‹
1998 5108 2116 5164 oris
2149 5106 2261 5172 sui,
2295 5108 2352 5159 et
2383 5103 2642 5158 destruet
2675 5099 3064 5155 illustratione
3093 5098 3378 5153 adventus
3408 5097 3521 5154 sui.
3557 5118 3584 5147 ιι

1934 5198 2018 5254 De
2043 5197 2198 5253 Juda
2228 5209 2462 5266 quoque
2492 5191 2787 5263 proditore
2818 5189 2944 5260 ipse
2976 5186 3284 5255 Dominus,
3315 5204 3450 5242 cum
3482 5204 3587 5258 pro

1936 5287 2216 5360 apostolis
2247 5287 2473 5339 oraret:
2513 5302 2540 5330 ‹‹
2571 5281 2641 5334 Et
2671 5295 2842 5333 nemo
2871 5295 2941 5333 ex
2966 5278 3051 5333 eis
3078 5276 3398 5348 periit,nisi
3433 5275 3589 5331 filius

1941 5400 1961 5425 α
1999 5371 2368 5447 perditionis,
2420 5375 2485 5425 ut
2532 5369 2834 5439 Scriptura
2883 5365 3214 5438 impleatur.
3264 5386 3293 5415 »
3342 5365 3422 5419 De
3471 5381 3588 5435 quo

1936 5466 2110 5522 etiam
2151 5461 2418 5534 apostoli,
2468 5462 2701 5513 orantes
2751 5473 2853 5528 pro
2902 5454 3182 5509 electione
3232 5454 3588 5510 successoris

1936 5557 2064 5626 ejus
2096 5549 2434 5616 Mathize,ad
2462 5547 2777 5602 Dominum
2809 5545 3040 5599 dicunt:
3071 5565 3100 5592 ‹‹
3127 5543 3381 5599 Ostende
3409 5557 3586 5614 quem

1943 5669 1967 5695 ‹‹
1999 5661 2066 5698 ex
2096 5641 2188 5696 his
2219 5639 2448 5694 duobus
2479 5635 2722 5707 elegeris
2755 5635 3017 5705 accipere
3048 5632 3240 5687 locum
3277 5631 3586 5688 ministerii

1941 5758 1968 5784 ‹‹
2001 5733 2201 5802 hujus,
2237 5733 2292 5784 et
2323 5725 2737 5800 apostolatum,
2773 5724 2842 5778 de
2893 5739 3008 5794 quo
3039 5722 3452 5794 pravaricatus
3498 5725 3588 5777 est
