3900 6372
293 424 359 498 91
604 426 605 431 “
1509 430 1914 494 AMULONIS
1960 428 2202 494 EPISC.
2250 433 2481 495 LUGD.

3626 429 3737 496 99‘

294 587 324 619 (ι
351 565 638 635 Judas,ut
667 560 853 622 abiret
873 563 930 620 in
962 563 1155 620 locum
1170 581 1414 621 suum.»
1430 564 1570 622 Tale
1590 569 1681 621 est
1697 564 1933 634 etillud,
1968 567 2022 633 Α
2055 583 2184 621 rum
2216 571 2513 640 gestorum
2539 565 2694 622 ultor
2724 570 2812 622 est
2834 565 3057 637 justus,
3090 568 3149 622 et
3179 562 3225 622 si
3261 563 3413 622 mala
3434 568 3702 639 gerentes

289 658 443 730 quod
477 674 579 728 per
609 655 977 710 Salomonem
1011 653 1225 709 dicitur
1258 673 1269 711 ξ
1317 676 1343 705 ‹‹
1375 654 1655 710 Uuiversa
1704 660 1940 727 propter

292 770 319 798 ‹‹
353 745 734 816 semetipsum
766 748 1040 814 operatus
1071 748 1160 799 est
1192 743 1497 812 Dominus,
1520 743 1769 815 impium
1794 761 1936 815 quo-

292 859 312 885 α
350 851 461 907 que
491 834 561 889 ad
595 833 749 888 diem
784 832 1028 888 malum.
1061 855 1089 881 »
1120 835 1189 888 Et
1219 834 1372 905 quod
1401 832 1460 887 in
1488 832 1637 887 libro
1663 833 1771 887 Job
1794 833 1935 887 scri-

284 930 448 997 ptum
480 926 567 978 est
601 940 614 977 :
643 945 669 972 ‹‹
702 922 849 988 Quia
876 921 934 976 in
968 922 1122 977 diem
1155 921 1500 993 perditionis
1534 926 1799 976 servatur
1822 938 1939 976 ma-

287 1037 314 1063 ‹‹
348 1012 461 1078 lus,
495 1016 551 1066 et
581 1013 653 1067 ad
686 1012 839 1065 diem
873 1011 1087 1065 furoris
1121 1010 1373 1065 ducitur.
1408 1034 1433 1059 υ
1470 1012 1538 1065 Et
1572 1010 1627 1063 in
1660 1010 1807 1065 libro
1841 1011 1937 1065 Sa-

282 1100 513 1175 pientiae
547 1102 617 1157 de
645 1100 928 1173 :Egyptiis
962 1117 974 1153 :
1013 1122 1039 1150 «
1074 1101 1335 1155 Ducebat
1363 1099 1518 1153 enim
1551 1116 1649 1153 eos
1681 1100 1750 1153 ad
1780 1099 1935 1154 hunc

283 1215 310 1241 ‹‹
344 1191 521 1245 tinem
554 1190 732 1262 digna
765 1188 1104 1244 necessitas.
1139 1211 1166 1238 ››
1203 1190 1271 1242 Et
1299 1188 1454 1258 apud
1509 1187 1823 1241 Jeremiam
1865 1188 1935 1242 de

281 1280 670 1352 quibusdam;
708 1301 734 1327 (ι
765 1278 1065 1350 Congrega
1096 1294 1194 1331 eos
1228 1275 1395 1347 quasi
1425 1291 1661 1346 gregem
1687 1276 1757 1329 ad
1777 1275 1936 1329 vieti-

279 1387 460 1437 mam,
495 1372 552 1425 et
581 1368 884 1423 sanetifica
922 1383 1019 1421 eos
1062 1364 1120 1420 in
1152 1366 1307 1420 diem
1340 1364 1671 1420 occisionis.
1709 1386 1735 1413 ››
1771 1364 1933 1419 Tali-

280 1458 391 1513 bus
422 1457 597 1513 etiam
636 1458 815 1511 Amos
862 1456 1146 1527 propheta
1195 1454 1385 1509 dicit:
1442 1477 1468 1505 ‹‹
1521 1454 1625 1519 Qui
1679 1453 1933 1525 separati

284 1568 311 1596 ‹‹
342 1546 483 1601 estis
533 1546 605 1601 ad
654 1545 809 1600 diem
860 1542 1103 1609 malum,
1145 1546 1202 1598 et
1248 1542 1733 1615 appropinquatis
1787 1542 1932 1597 solio

285 1657 313 1685 (ι
343 1633 692 1705 iniquitatis.
726 1655 754 1683 »
790 1633 931 1688 Item
961 1633 1031 1687 de
1056 1632 1191 1687 ﬁliis
1222 1630 1348 1687 Heli
1380 1632 1643 1688 scelestis
1673 1635 1729 1686 et
1760 1631 1934 1687 sacri-

278 1721 427 1795 legis
454 1723 670 1777 dicitur
703 1738 715 1776 :
754 1745 782 1772 ‹‹
815 1721 921 1788 Qui
974 1738 1088 1776 non
1134 1720 1451 1777 audierunt
1496 1737 1696 1775 vocem
1746 1720 1931 1792 patris

280 1836 307 1862 ‹‹
332 1813 445 1880 sui,
460 1812 601 1884 quia
620 1811 803 1867 voluit
824 1810 1107 1866 Dominus
1129 1809 1390 1865 occidere
1411 1826 1530 1864 eos.
1548 1832 1574 1859 ››
1591 1811 1659 1863 Et
1675 1809 1744 1863 ad
1757 1812 1929 1863 Ama-

277 1901 427 1957 siam
451 1900 954 1973 praevaricatorem
978 1905 1034 1954 et
1058 1898 1307 1969 impium
1334 1914 1527 1969 regem
1546 1896 1929 1969 prophetalo-
1962 1936 2007 2000 Β

278 1990 503 2063 quitur:
523 1989 718 2057 «Scio,
734 1987 947 2060 inquit,
964 1988 1117 2060 quod
1142 1987 1649 2059 cogitaveritDeus
1669 1986 1931 2041 occidere

280 2102 307 2130 ‹‹
339 2084 414 2144 te,
449 2078 589 2152 quia
617 2078 804 2134 fecisti
838 2077 947 2133 hoc
979 2076 1226 2144 malum,
1263 2080 1319 2132 et
1348 2075 1593 2148 insuper
1621 2076 1778 2148 quod
1814 2092 1930 2148 non

280 2190 307 2218 «
338 2167 678 2240 acquievisti
711 2166 954 2223 consilio
988 2183 1138 2221 meo.
1178 2187 1205 2216 »
1239 2166 1351 2221 Sed
1382 2164 1504 2220 hazc
1526 2165 1727 2220 omnia
1758 2164 1839 2219 ita
1872 2165 1932 2219 ti-

277 2256 484 2313 deliter
513 2255 813 2327 pensanda
840 2260 1002 2320 sunt,
1036 2259 1101 2309 ut
1131 2254 1189 2309 in
1222 2254 1307 2309 eis
1349 2257 1407 2309 et
1457 2252 1769 2321 malorum,
1813 2254 1930 2309 sive

276 2343 642 2417 angelorum,
676 2342 794 2400 sive
825 2343 1157 2411 hominum,
1193 2342 1497 2413 iniquitas,
1531 2346 1587 2397 et
1616 2343 1716 2397 Dei
1740 2341 1928 2397 vindi-

276 2434 464 2489 eantis
483 2430 1022 2488 ineontaminabilis
1034 2431 1271 2503 justitia
1292 2436 1697 2501 cognoscatur.
1715 2432 1930 2487 Praeer-

277 2521 500 2578 dinavit
529 2526 703 2593 atque
725 2520 967 2575 tradidit
987 2520 1225 2593 angelos
1248 2519 1539 2593 malignos
1563 2521 1618 2574 in
1636 2520 1930 2591 judicium

277 2609 625 2667 cruciandos
660 2607 939 2663 reservari
967 2626 980 2675 ;
1016 2609 1138 2675 sed,
1171 2607 1437 2679 exigente
1470 2624 1673 2663 eorum
1718 2608 1929 2680 impie-

275 2704 418 2765 tate,
449 2697 588 2770 quia
636 2713 752 2752 non
802 2701 1180 2752 servaverunt
1230 2695 1493 2751 ordinem
1543 2700 1600 2751 et
1648 2696 1929 2751 honorem

276 2802 664 2858 suum,quem
697 2786 806 2841 sub
839 2786 954 2840 Deo
977 2788 1034 2840 et
1065 2802 1199 2840 eum
1221 2785 1336 2840 Deo
1360 2784 1574 2840 habere
1593 2788 1927 2855 potuerunt.

275 2877 344 2932 Et
371 2877 403 2932 J
412 2876 556 2931 udas
589 2874 983 2948 prmcognitus
1013 2879 1069 2929 et
1100 2873 1411 2946 praedictus
1438 2878 1527 2929 est
1557 2874 1713 2928 filius
1747 2874 1931 2945 perdi-

273 2964 588 3030 tionis,sed
623 2961 830 3019 merito
860 2962 1054 3034 impiae
1086 2962 1436 3034 proditionis
1467 2962 1613 3018 abiit
1641 2962 1700 3017 in
1734 2962 1928 3018 locum

274 3053 545 3122 suum,id
576 3057 685 3120 est,
703 3051 815 3109 sibi
848 3051 909 3106 in
938 3052 1129 3124 pomis
1160 3052 1521 3107 destinatum
1555 3056 1615 3107 et
1646 3068 1930 3123 przepara-

274 3146 430 3209 tum;
464 3142 566 3198 sed
598 3139 739 3213 quia
768 3139 1178 3212 praevaricatus
1210 3144 1299 3195 est
1328 3140 1398 3195 de
1442 3139 1567 3195 loco
1617 3139 1928 3195 ministerii
1955 3179 1959 3183 ρ

273 3235 330 3289 et
357 3229 742 3304 apostolatus.
777 3230 865 3285 Ita
894 3246 1008 3284 non
1040 3233 1131 3284 est
1159 3227 1377 3283 mirum
1429 3228 1479 3284 si
1507 3228 1924 3296 Antichristus,

2049 658 2120 711 ad
2154 674 2287 711 eum
2322 660 2754 723 convertantur,
2776 656 3052 725 .indultor
3082 656 3234 728 pius.
3268 655 3579 711 Sciendum
3614 660 3701 711 ta-

2049 762 2182 800 men
2215 745 2368 816 quod
2401 744 2934 816 prmdestinationis
2966 736 3302 812 verbum,in
3330 744 3542 801 malam
3576 763 3704 817 par-

2048 838 2186 899 tem,
2222 835 2375 889 sicut
2408 835 2462 888 in
2498 834 2818 905 Scripturis
2852 834 3050 889 minus
3081 838 3172 888 est
3206 833 3509 901 usitatum,
3535 834 3615 888 ita
3644 837 3703 889 et

2047 941 2081 977 a
2112 923 2448 978 doctoribus
2496 923 2684 977 rarius
2733 927 2822 977 est
2853 928 3225 995 usurpatum,
3261 927 3319 978 et
3347 924 3418 979 ob
3460 923 3569 978 hoc
3603 941 3701 979 ne-

2047 1028 2346 1082 quaquam
2383 1028 2735 1082 magnopere
2768 1011 2838 1065 de
2865 1028 2931 1065 eo
2963 1011 3331 1065 certandum.

2118 1099 2331 1164 Quinto
2361 1098 2487 1153 loco
2514 1116 2627 1152 non
2664 1097 2861 1152 minus
2892 1099 3255 1152 detestamur
3285 1101 3342 1152 et
3371 1097 3696 1165 horremus,

2047 1188 2201 1259 quod
2233 1188 2307 1241 ita
2338 1187 2606 1241 exarsisti
2642 1188 2922 1241 adversus
2954 1204 3052 1241 eos
3084 1186 3183 1257 qui
3216 1190 3429 1241 aeterno
3460 1185 3699 1240 interitu

2047 1281 2186 1330 sunt
2216 1275 2400 1346 digni,
2441 1279 2503 1330 ut
2536 1276 2754 1330 dixeris
2787 1292 2884 1329 eos
2918 1279 3035 1329 tam
3072 1274 3524 1330 irrevocabiliter
3542 1279 3599 1329 et
3618 1274 3702 1329 in-

2044 1363 2543 1418 commutabiliter
2570 1362 2883 1434 perditioni
2916 1380 3044 1418 esse
3075 1363 3703 1434 praedestinatos,sicut

2044 1453 2200 1507 Deus
2232 1453 2354 1523 ipse
2388 1451 2894 1507 incommutabilis
2924 1456 2981 1505 et
3008 1450 3471 1508 inconvertibilis
3504 1456 3619 1519 est;
3642 1455 3702 1506 et

2043 1540 2368 1611 episcopos,
2393 1541 2465 1595 ad
2499 1556 2645 1610 quos
2677 1539 2907 1607 scribis,
2928 1540 3095 1611 quasi
3129 1540 3585 1596 misericorditer
3605 1541 3701 1596 ad-

2043 1628 2316 1697 hortaris,
2351 1634 2417 1683 ut
2466 1628 2575 1683 hoc
2623 1628 2941 1699 praedicent
2984 1627 3239 1700 populis,
3275 1631 3340 1683 ut
3388 1630 3531 1701 quia
3572 1630 3700 1701 jam

2043 1718 2392 1789 praefinitam
2423 1716 2856 1771 damnationem
2890 1716 3131 1771 evadere
3164 1733 3279 1771 non
3308 1723 3581 1789 possunt,
3598 1717 3708 1773 sal-

2042 1806 2147 1861 tim
2180 1805 2615 1886 aliquaptulum
2640 1806 2767 1893 Deo‘
2780 1805 3112 1877 supplicent
3133 1809 3190 1860 et
3210 1805 3626 1874 humilientur,
3643 1811 3707 1861 ut

2043 1899 2332 1950 statutum
2365 1894 2449 1948 eis
2477 1893 2562 1948 vel
2596 1894 2894 1948 modicum
2918 1893 3148 1964 mitiget
3169 1898 3226 1948 et
3249 1892 3700 1966 levigetpmnas.

2041 1985 2313 2049 Obsecro,
2349 1982 2451 2036 ubi
2483 1982 2604 2036 haec
2637 1999 2899 2053 unquam
2933 1981 2991 2035 in
3023 1982 3343 2053 Scripturis
3366 1981 3703 2055 sacrislegi-

2041 2072 2175 2127 tur?
2188 2071 2285 2127 ubi
2317 2071 2376 2125 in
2410 2071 2629 2125 sanctis
2650 2073 2706 2124 et
2736 2068 3042 2125 catholicis
3073 2069 3340 2125 Ecclesiae
3364 2070 3701 2129 doctoribus

2042 2160 2501 2216 invenisti?Cur
2531 2175 2646 2214 non
2680 2156 2954 2213 similiter
2999 2157 3300 2213 diabolum
3352 2164 3411 2214 et
3459 2159 3699 2232 angelos

2040 2250 2169 2319 ejus
2200 2247 2544 2315 exhortaris,
2564 2252 2627 2301 ut
2649 2247 2790 2318 quia
2807 2250 3089 2301 statutam
3114 2247 3552 2304 damnationem
3574 2266 3699 2304 eva-

2042 2339 2178 2393 dere
2208 2354 2323 2393 non
2357 2340 2694 2408 potuerunt,
2702 2336 2828 2406 jam
2862 2352 3023 2390 nunc
3050 2337 3287 2392 interim
3318 2342 3484 2393 orent
3511 2342 3568 2393 et
3596 2338 3696 2395 de-

2041 2431 2353 2499 precentur
2369 2424 2707 2492 Dominum,
2722 2428 2790 2479 ut
2815 2424 2898 2480 eis
2915 2424 3179 2479 mitiores
3201 2428 3257 2480 et
3278 2426 3695 2483 tolerabiliores

2041 2517 2425 2571 ﬁantmternm
2448 2513 2784 2587 pmnze‘hmt
2802 2513 2945 2585 quid
2970 2514 3369 2586 ampliusistis
3387 2515 3692 2589 relinquis,

2042 2622 2188 2677 quos
2220 2604 2495 2659 similiter
2522 2602 2888 2659 irrevocabili
2910 2605 3205 2660 sententia
3220 2605 3527 2662 damnatos
3540 2622 3695 2662 asse-

2042 2694 2123 2749 ris
2143 2693 2171 2748 ‘I
2204 2693 2349 2748 Huic
2378 2696 2497 2747 tam
2530 2692 2711 2747 atroci
2746 2691 3032 2764 impietati
3066 2694 3694 2751 eontradicitEcclesiaa

2041 2783 2207 2850 ﬁdes,
2231 2799 2358 2854 quae
2392 2780 2689 2836 diabolum
2723 2797 2858 2836 cum
2892 2781 3116 2853 angelis
3147 2784 3271 2839 suis
3321 2783 3503 2839 credit
3550 2784 3694 2840 irre-

2040 2870 2435 2927 mediabiliter
2465 2870 2726 2926 coruisse
2760 2886 2773 2924 :
2810 2870 3152 2927 hominibus
3181 2889 3337 2940 vero,
3365 2872 3540 2928 etiam
3584 2873 3694 2928 im-

2038 2960 2179 3033 piis,
2198 2960 2247 3016 si
2279 2964 2700 3031 recognoscant
2721 2964 2961 3031 peccata
2988 2960 3182 3028 sua,si
3215 2961 3540 3030 defleant,si
3564 2979 3695 3018 eon-

2039 3052 2342 3118 fiteantur,
2371 3049 2421 3104 si
2452 3049 2714 3104 divinam
2746 3048 3211 3106 misericordiam
3246 3050 3579 3124 implorent,
3602 3051 3692 3107 in-

2039 3138 2377 3194 dubitanter
2400 3139 2647 3208 januam
2699 3136 3077 3210 indulgentia:
3123 3138 3356 3211 aperiri.
3389 3140 3484 3196 Sic
3533 3140 3690 3195 enim

2038 3227 2321 3299 prepheta
2349 3229 2519 3281 docet
2551 3231 2610 3281 et
2640 3227 2979 3282 exhortatur
3008 3226 3236 3282 dicens:
3257 3249 3285 3277 ‹‹
3312 3227 3559 3294 Quaerite
3581 3229 3690 3284 Do-

273 3319 415 3392 quia
441 3317 744 3390 praescitus
774 3320 863 3373 est
882 3318 1057 3372 homo
1075 3317 1317 3389 peccati,
1337 3316 1727 3389 prmcognitus
1749 3317 1926 3372 etiam
1958 3306 2001 3371 C
2045 3336 2073 3365 ‹‹
2106 3316 2357 3384 minam,
2378 3315 2518 3370 dum
2553 3315 2799 3371 inveniri
2834 3320 3055 3387 potest;
3079 3316 3342 3373 invocate
3362 3332 3518 3386 eum,
3545 3317 3689 3372 dum

271 3412 330 3465 et
360 3406 674 3480 praedictus
705 3409 794 3462 cst
823 3405 981 3461 filius
1011 3406 1373 3477 perditionis.
1410 3407 1480 3461 Et
1520 3405 1713 3461 malus
1750 3411 1924 3477 atque

273 3495 494 3568 impius
510 3497 869 3566 praeparatus
881 3494 955 3548 ad
975 3494 1132 3549 diem
1150 3493 1394 3559 malum,
1412 3498 1678 3549 servatur
1693 3493 1751 3548 in
1771 3493 1924 3549 diem

274 3582 618 3657 perditionis
649 3585 706 3637 et
732 3582 983 3650 furoris;
1019 3582 1119 3637 sed
1152 3582 1290 3654 quia
1339 3582 1463 3654 ipse
1496 3600 1605 3638 sua
1632 3587 1839 3654 sponte
1868 3586 1927 3637 et

273 3671 466 3727 malus
496 3674 553 3727 et
581 3670 800 3743 impius
832 3670 1058 3726 existet.
1094 3670 1353 3726 Ducebat
1395 3675 1453 3727 et
1492 3670 1788 3743 Egyptios
1838 3671 1924 3725 di-

271 3759 389 3816 vini
412 3759 623 3831 judicii
654 3759 973 3815 necessitas
1006 3760 1077 3814 ad
1101 3758 1341 3814 exitium
1375 3764 1432 3815 et
1462 3759 1764 3814 interitum
1790 3777 1926 3831 pra:-

273 3851 572 3923 paratum;
605 3849 709 3904 sed
741 3848 938 3920 digna,
976 3848 1115 3920 quia
1144 3865 1249 3920 pro
1281 3848 1683 3920 impietatibus
1701 3852 1758 3903 et
1782 3865 1923 3903 con-

271 3937 530 3995 tumacia
559 3955 761 3994 eorum
788 3939 973 4010 justa.
1009 3938 1105 3993 Sic
1134 3942 1191 3994 et
1222 3936 1328 4007 illi,
1361 3938 1459 4011 qui
1510 3937 1667 3993 velut
1717 3954 1927 4009 pecora

271 4031 496 4083 aeternae
528 4026 702 4083 morti
735 4026 922 4083 devoti
943 4044 1072 4083 esse
1094 4026 1422 4094 voluerunt,
1440 4025 1733 4098 siquidem
1758 4026 1925 4098 impii

271 4116 549 4171 manibus
578 4120 637 4171 et
666 4116 858 4171 verbis
879 4115 1277 4172 aecersierunt
1296 4115 1927 4188 illam,congregantur

273 4205 442 4277 quasi
490 4220 630 4277 grex
678 4203 1044 4276 perditionis,
1082 4208 1140 4259 et
1190 4203 1653 4271 sanctiﬁcantur,
1707 4203 1765 4258 id
1814 4208 1922 4271 est,

271 4292 708 4364 quodammodo
727 4293 1157 4364 separanturad
1174 4292 1327 4347 diem
1343 4291 1588 4360 malum,
1604 4296 1662 4348 et
1681 4293 1751 4347 ad
1768 4291 1923 4348 diem

271 4380 601 4438 occisionis.
639 4380 751 4436 Sed
784 4385 841 4435 et
869 4380 1037 4453 impii
1070 4380 1176 4435 filii
1210 4380 1428 4447 Heli,et
1456 4380 1676 4453 impius
1708 4398 1808 4457 rex
1830 4381 1926 4437 ille

269 4470 560 4537 Amasias,
593 4468 820 4541 indigni
854 4469 1034 4525 habiti
1057 4475 1197 4525 sunt
1220 4470 1446 4541 judicio
1478 4469 1924 4542 Dei,quieonsi-

269 4558 415 4614 lium
450 4558 660 4614 salutis
692 4576 810 4614 suae
831 4558 1217 4631 susciperent,
1233 4564 1290 4615 et
1311 4559 1466 4614 Deus
1494 4559 1625 4613 illos
1648 4559 1924 4615 occisieni

2044 3426 2064 3453 α
2101 3420 2281 3476 prope
2315 3408 2424 3459 est.
2458 3404 2839 3476 Derelinquat
2861 3405 3081 3477 impius
3112 3405 3269 3461 viam
3294 3422 3486 3474 suam,
3519 3411 3579 3462 et
3606 3406 3693 3462 vir

2039 3514 2065 3542 ‹‹
2097 3492 2339 3563 iniquus
2370 3493 2755 3565 cogitationes
2787 3510 2950 3562 suas,
2971 3499 3027 3549 et
3057 3498 3379 3550 revertatur
3407 3496 3478 3550 ad
3500 3495 3691 3550 Domi-

2039 3603 2067 3632 ‹‹
2102 3599 2266 3651 num,
2302 3587 2358 3637 et
2388 3582 2766 3637 miserebitur
2795 3584 2944 3654 ejus,
2978 3588 3034 3638 et
3077 3583 3151 3639 ad
3183 3584 3367 3640 Deum
3395 3588 3689 3655 nostrum,

2039 3694 2066 3721 ‹‹
2100 3671 2377 3742 quoniam
2400 3670 2624 3727 multus
2646 3676 2735 3726 est
2751 3673 2821 3726 ad
2837 3672 3282 3744 ignoscendum.
3298 3694 3326 3723 »
3348 3674 3417 3728 Et
3438 3674 3685 3729 iterum:

2039 3780 2067 3810 ‹‹
2098 3759 2239 3825 Quis
2270 3759 2598 3815 ambulabit
2632 3760 2689 3814 in
2721 3759 3075 3829 tenebris,et
3107 3778 3222 3816 non
3254 3767 3344 3817 est
3369 3762 3569 3817 lumen
3592 3762 3690 3818 ei?

2037 3869 2067 3899 «
2099 3851 2293 3920 speret
2322 3846 2381 3901 in
2400 3848 2635 3904 nomine
2654 3847 2907 3917 Domini,
2922 3854 2979 3904 et
2998 3848 3288 3905 innitatur
3310 3867 3487 3922 super
3501 3851 3685 3907 Deum

2039 3959 2067 3988 ‹‹
2098 3953 2339 3992 suum.»
2376 3938 2446 3992 Et
2476 3938 2600 4009 ipse
2631 3937 2919 3993 Dominus
2948 3956 3051 4010 per
3082 3955 3175 3994 se:
3213 3959 3234 3988 ι
3268 3938 3686 3995 Convertimini

2038 4048 2067 4077 «
2099 4027 2170 4081 ad
2204 4030 2391 4095 me,et
2420 4031 2724 4081 convertar
2755 4026 2827 4082 ad
2859 4028 3142 4095 vos,dicit
3161 4028 3446 4084 Dominus
3466 4029 3687 4085 exerci-

2040 4137 2062 4165 ι
2095 4119 2330 4170 tuum.»
2364 4117 2434 4170 Et
2464 4115 2576 4170 alio
2607 4115 2762 4171 loco:
2800 4138 2827 4167 «
2862 4116 3381 4185 Revertimini,ﬁlii
3404 4122 3690 4174 reverten-

2039 4225 2067 4254 «
2100 4209 2210 4273 tes,
2239 4208 2296 4260 et
2328 4204 2549 4259 sanabo
2581 4204 2915 4260 aversiones
2945 4209 3170 4260 vestras
3196 4222 3209 4259 :
3242 4227 3271 4257 »
3307 4207 3379 4261 Et
3425 4205 3640 4261 iterum
3669 4224 3685 4261 :

2039 4315 2066 4345 ‹‹
2099 4293 2374 4365 Impietas
2406 4292 2574 4365 impii
2604 4309 2721 4348 non
2755 4293 2988 4349 nocebit
3016 4295 3090 4360 ei,
3124 4295 3184 4350 in
3216 4311 3564 4367 quacunque
3595 4295 3689 4351 die

2040 4404 2067 4432 ‹‹
2100 4399 2417 4437 conversus
2448 4382 2624 4437 fuerit
2654 4383 2726 4437 ab
2750 4382 3049 4454 impietate
3080 4399 3251 4438 sua.»
3286 4383 3405 4439 Ista
3434 4388 3523 4438 est
3542 4384 3690 4440 fides

2035 4475 2092 4526 et
2122 4470 2307 4542 pietas
2338 4469 2606 4525 Ecclesia
2642 4486 2654 4524 :
2692 4470 2832 4542 quia
2862 4470 3162 4527 diabolum
3202 4471 3363 4527 novit
3408 4470 3469 4526 in
3517 4471 3691 4529 malis

2037 4560 2164 4621 suis
2181 4559 2308 4614 sine
2332 4558 2678 4630 poenitentia
2690 4576 3170 4631 permansurum,
3187 4576 3291 4615 nec
3306 4560 3486 4616 ullam
3504 4558 3693 4615 indul-

271 4651 329 4703 et
358 4648 670 4719 perditioni
705 4647 1373 4736 praeparavit.Sedjuste
1393 4647 1595 4719 utique
1625 4648 1697 4703 ob
1719 4648 1928 4703 merita
1963 4672 2006 4736 ο
2037 4648 2299 4721 gentiam
2329 4651 2709 4736 accepturum
2744 4665 2757 4702 :
2793 4654 2851 4704 et
2883 4648 3222 4705 hominibus
3252 4649 3325 4705 ad
3356 4649 3541 4705 Deum
3563 4666 3698 4705 con—

273 4736 666 4808 impietatum,
687 4754 814 4808 qua:
833 4737 903 4792 de
921 4736 1036 4791 illis
1068 4737 1232 4808 prius
1254 4735 1556 4807 Scriptura
1578 4753 1929 4792 commemo-

273 4830 382 4893 rat,
416 4830 474 4880 et
503 4825 777 4880 excmcari
808 4830 866 4880 et
904 4825 1141 4882 interire
1190 4829 1551 4880 meruerunt.
1608 4826 1703 4879 Ait
1749 4826 1927 4881 etiam

273 4912 609 4986 Scriptura:
649 4937 670 4964 ι
706 4914 775 4969 Et
805 4914 905 4986 qui
936 4912 1367 4986 transgreditur
1396 4930 1430 4968 a
1451 4912 1688 4985 justitia
1708 4914 1778 4969 ad
1803 4930 1929 4985 pee-

276 5024 304 5051 ‹‹
336 5006 555 5070 catum,
590 5002 745 5058 Deus
772 5002 1118 5075 praeparavit
1145 5001 1315 5057 illum
1356 5002 1429 5057 ad
1481 5002 1863 5074 romphzeam.
1896 5025 1923 5054 ››

274 5091 504 5146 Paravit
531 5108 669 5163 ergo
699 5096 757 5147 et
786 5091 1198 5163 przeordinavit
1228 5091 1562 5147 istiusmodi
1594 5095 1928 5164 transgres-

274 5197 465 5235 sorem
497 5180 567 5235 ad
600 5179 982 5252 rompbzeam,
1015 5180 1070 5234 id
1105 5183 1215 5245 est,
1249 5180 1321 5234 ad
1355 5183 1604 5235 mortem
1635 5183 1693 5234 et
1721 5179 1927 5235 interi-

275 5272 403 5323 tum
430 5287 442 5336 ;
480 5269 579 5324 sed
607 5271 786 5341 juste,
820 5269 961 5340 quia
992 5269 1118 5341 ipse
1149 5268 1303 5323 ultro
1338 5273 1747 5340 transgressus
1777 5274 1866 5326 est
1896 5288 1929 5326 a

266 5356 502 5427 justitia
532 5358 604 5412 ad
636 5362 963 5429 peccatum.
995 5359 1175 5413 Juxta
1201 5357 1359 5413 hunc
1391 5356 1574 5429 igitur
1592 5357 1800 5413 divinae
1832 5376 1930 5415 au-

276 5443 564 5499 ctoritalis
577 5462 838 5513 sensum,
854 5447 1226 5517 omnipotens
1238 5446 1392 5500 Deus
1406 5447 1569 5517 justo
1583 5446 1808 5517 judicio
1822 5466 1927 5504 suo

278 5531 657 5599 praedestinat
685 5551 887 5605 poenas
908 5534 1102 5602 malis,
1118 5535 1497 5605 prmdestinat
1518 5535 1704 5590 malos
1717 5538 1926 5608 pmnis,

278 5617 513 5670 nullum
562 5625 759 5675 tamen
806 5622 1187 5693 prazdestinat
1218 5627 1282 5677 ut
1311 5623 1361 5677 si
1394 5623 1607 5691 malus,
1643 5627 1781 5695 quia
1814 5645 1928 5682 non

279 5702 596 5770 malorum,
629 5708 730 5762 sed
760 5709 1050 5764 bonorum
1081 5714 1283 5766 auctor
1311 5716 1402 5767 est
1431 5712 1716 5781 bonus,et
1746 5714 1928 5771 malo-

2038 4738 2222 4793 versis
2252 4753 2354 4808 per
2375 4735 2731 4792 inell‘abilem
2754 4738 2882 4808 ejus
2903 4738 3246 4805 bonitatem,
3262 4741 3319 4793 et
3338 4736 3693 4809 pmnitentize

2038 4825 2363 4881 remedium
2413 4824 2676 4891 concedi,
2710 4829 2768 4881 et
2810 4825 3024 4882 salutis
3072 4825 3299 4881 aditum
3344 4842 3460 4882 non
3491 4827 3692 4899 negari

2039 4914 2171 4982 Oro,
2206 4914 2347 4986 quid
2379 4913 2487 4969 tibi
2514 4913 2780 4986 peccavit
2809 4913 3139 4970 humanum
3170 4930 3384 4987 genus;
3411 4915 3552 4987 quid
3584 4914 3691 4970 tibi

2038 5002 2297 5076 peccavit
2326 5001 2622 5058 Ecclesia?
2642 5002 2783 5074 quid
2815 5003 2874 5057 in
2904 5002 3035 5075 ipsa
3061 5003 3321 5059 Ecclesia
3344 5008 3428 5058 tot
3463 5002 3689 5074 proxim

2038 5096 2096 5146 et
2126 5091 2340 5147 fratres
2374 5091 2481 5159 tui,
2506 5095 2574 5147 ut
2603 5091 2689 5148 eis
2733 5096 2855 5147 tam
2905 5108 3206 5165 magnam,
3240 5096 3361 5148 tam
3393 5095 3689 5163 patentem

2030 5182 2279 5253 januam
2311 5180 2544 5252 pietatis
2574 5181 2675 5236 Dei
2703 5182 3008 5237 obstruere
3040 5184 3099 5237 et
3130 5182 3400 5237 abserare
3439 5182 3688 5237 coneris.

2040 5270 2183 5335 Quis
2197 5286 2454 5341 unquam
2478 5270 2670 5326 ﬁdelis
2691 5269 3322 5326 eeolesiasticusvirita
3334 5269 3688 5343 praedicavit,

2042 5362 2105 5413 ut
2135 5358 2256 5413 haec
2288 5363 2406 5413 tam
2438 5362 2658 5414 attente
2686 5364 2745 5415 et
2774 5358 3066 5417 obstinate
3096 5359 3379 5416 incultare
3401 5362 3457 5415 et
3473 5360 3689 5416 confir-

2041 5464 2202 5502 maro
2235 5464 2351 5503 non
2383 5448 2699 5504 erubescas
2721 5448 2748 5503 ‘2
2775 5448 2923 5504 Vere
2954 5465 3069 5504 non
3102 5454 3192 5505 est
3222 5447 3687 5517 Christiana,sed

2041 5553 2289 5609 pagana,
2324 5536 2442 5592 imo
2473 5537 2762 5594 diabolica
2790 5538 2905 5594 ista
2936 5538 3153 5594 duritia
3184 5555 3197 5592 :
3232 5554 3409 5609 quam
3456 5537 3507 5593 si
3545 5538 3693 5593 bene

2041 5626 2297 5696 cogitare
2328 5628 2385 5680 et
2415 5642 2763 5698 cognoscere
2795 5644 3019 5698 posses,
3040 5627 3293 5699 perfecto
3316 5627 3581 5699 signares
3597 5642 3695 5683 cor

2040 5718 2233 5782 tuum,
2249 5719 2308 5769 et
2329 5731 2572 5770 manum
2590 5720 2753 5771 tuam
2778 5732 3026 5788 poneres
3045 5732 3221 5789 super
3236 5733 3301 5773 es
3314 5719 3503 5771 tuum.
3530 5715 3691 5787 Legi-
