3900 6376
197 419 280 483 93
1122 370 1129 375 ’
1702 412 2128 477 EPISTOL/E.
3541 419 3621 485 94

204 573 344 613 mus
364 553 606 629 quidem
627 552 686 611 in
712 556 1023 630 Evangelio
1045 558 1284 616 beatum
1300 560 1587 617 Joannem
1601 560 1853 631 Evange-
1884 546 1942 613 Α
1972 557 2091 615 listi
2124 559 2385 632 quidem,
2416 558 2575 616 velut
2604 561 2674 617 ad
2714 557 3100 617 muniendum
3135 574 3377 617 sensum
3426 562 3619 629 tuum,

202 646 404 703 listam
428 648 500 702 de
523 647 741 702 Juilmis
760 648 975 703 dixisse
999 666 1011 703 :
1041 672 1066 699 α
1093 651 1403 721 Propterea
1440 668 1554 706 non
1597 655 1867 723 poterant

207 758 235 789 ‹‹
269 738 525 807 credere,
559 737 699 809 quia
737 738 884 793 dixit
914 739 1096 795 Isaias
1129 756 1142 794 ε
1180 740 1496 796 Excmeavit
1535 741 1735 797 oculos
1769 758 1862 796 co-

206 848 232 878 ‹‹
266 843 398 881 rum
432 830 491 881 et
524 826 818 881 induravit
847 844 947 882 cor
971 846 1197 884 eorum.
1234 851 1261 879 ››
1298 832 1409 886 Sed
1451 831 1605 886 sicut
1657 831 1863 886 beatus

201 915 571 989 Augustinus
602 916 658 971 in
684 918 1175 990 quinquagesimo
1207 921 1471 990 ejusdem
1496 921 1862 991 evangelista:

202 1010 460 1061 tractatu
486 1005 734 1061 fideliter
763 1011 820 1062 et
841 1007 1123 1063 catholico
1146 1009 1410 1081 exponit‘I
1437 1028 1449 1065 :
1481 1036 1500 1059 α
1523 1010 1616 1067 Sic
1639 1010 1860 1065 dictum

203 1099 346 1161 est,au
368 1113 482 1151 non
500 1100 821 1167 poterant,»
850 1097 947 1152 ubi
972 1097 1417 1170 intelligendum
1442 1100 1696 1171 estquod
1714 1099 1865 1154 nole-

203 1186 877 1257 bant,quemadmodum
902 1189 1127 1243 dictum
1151 1191 1329 1244 estde
1351 1190 1597 1245 Domino
1621 1190 1735 1245 Deo
1761 1207 1861 1244 no-

203 1278 348 1345 stro,
375 1297 402 1325 ‹‹
429 1276 487 1330 Si
512 1291 627 1330 non
652 1275 968 1347 credimus,
986 1276 1083 1332 ille
1108 1277 1296 1333 fidelis
1322 1282 1863 1351 permanet,negare

206 1386 234 1414 κ
258 1362 521 1435 seipsum
545 1381 659 1419 non
684 1367 896 1435 potest.
921 1388 948 1414 ν»
975 1366 1054 1420 De
1087 1366 1486 1437 omnipotente
1507 1366 1730 1421 dictum
1752 1369 1860 1431 est,

207 1475 235 1504 ‹‹
258 1470 375 1507 non
404 1456 612 1524 potest.
642 1475 662 1501 ιο
694 1453 859 1508 Sicut
880 1470 1015 1527 ergo
1035 1455 1190 1526 quod
1214 1455 1499 1510 Dominus
1525 1472 1737 1527 negare
1768 1470 1862 1509 se-

203 1543 404 1615 ipsum
419 1560 533 1598 non
550 1543 900 1615 potest,laus
913 1549 1001 1600 est
1012 1545 1333 1601 voluntatis
1350 1545 1556 1601 divinae
1579 1561 1592 1600 :
1613 1544 1694 1600 ita
1707 1545 1863 1617 quod

200 1631 284 1687 illi
310 1649 428 1687 non
454 1636 723 1704 poterant
742 1635 999 1705 credere,
1020 1634 1192 1707 culpa
1214 1639 1304 1691 est
1321 1635 1639 1691 voluntatis
1661 1635 1865 1690 huma-

201 1739 346 1777 nae.»
363 1722 492 1777 Non
506 1721 646 1793 quia
657 1723 870 1777 mutari
885 1723 1155 1780 homines
1168 1723 1225 1778 in
1238 1724 1450 1780 melius
1463 1742 1578 1779 non
1593 1727 1861 1796 possunt,

201 1809 301 1864 sed
336 1807 604 1880 quandiu
639 1810 894 1881 superba
923 1810 1310 1882 sapiunt,non
1336 1816 1584 1885 possunt
1608 1812 1860 1868 credere.

1975 651 2315 707 testimonia
2367 652 2438 706 de
2497 652 2837 724 Scripturis,
2888 654 2988 707 sed
3051 652 3523 724 incongruenter,
3568 655 3626 708 et

1976 759 2089 797 non
2118 760 2183 797 eo
2217 733 2392 797 sensu
2426 760 2541 813 quo
2576 744 2649 797 ibi
2686 741 2872 814 posita
2904 747 3061 797 sunt.
3094 742 3267 797 Velut
3297 746 3386 797 est
3426 742 3571 798 illud
3609 758 3621 797 ε

1978 855 2005 882 «ι
2038 834 2155 901 Ego
2188 850 2418 904 quoque
2452 833 2507 887 in
2541 833 2779 887 interitu
2814 837 3005 888 vestro
3040 832 3239 889 ridebo
3270 837 3328 887 et
3374 833 3623 888 subsan-

1978 944 2005 970 ‹‹
2038 923 2208 976 nabo.
2234 944 2261 971 »ι
2287 924 2355 977 Et
2386 921 2552 993 illud,
2578 924 2730 994 quod
2767 940 2880 977 non
2913 924 2983 977 de
3015 921 3271 993 generali
3306 922 3627 994 perditione

1973 1010 2313 1082 impiorum,
2340 1017 2401 1066 ut
2429 1017 2490 1066 tu
2526 1012 2915 1083 posuisti,sed
2951 1012 3180 1084 proprie
3211 1013 3281 1067 de
3311 1012 3549 1067 miseria
3570 1008 3628 1067 et

1973 1100 2309 1157 calamitate
2342 1102 2663 1156 infidelium
2696 1103 3033 1157 Judzeorum
3068 1103 3125 1157 in
3177 1102 3627 1157 Deuteronomio

1973 1191 2189 1246 dicitur
2222 1208 2234 1245 :
2274 1214 2300 1239 ‹‹
2324 1192 2393 1245 Et
2424 1192 2577 1246 sicut
2607 1192 2835 1245 lzetatus
2867 1195 2956 1245 est
2986 1192 3271 1246 Dominus
3305 1208 3481 1262 super
3502 1208 3624 1261 vos,

1976 1302 2003 1328 ‹‹
2038 1279 2406 1334 benefaciens
2427 1280 2834 1350 vobis,vosquc
2858 1278 3286 1350 multiplicans;
3313 1279 3629 1335 siclaztabi-

1976 1391 2005 1417 α
2037 1372 2134 1423 tur
2154 1368 2500 1440 disperdens
2520 1386 2623 1423 vos
2644 1373 2819 1439 atque
2842 1368 3206 1423 subvertens.
3232 1390 3259 1419 »
3285 1370 3394 1424 Sed
3419 1369 3627 1440 grandi

1971 1460 2030 1511 et
2062 1457 2157 1528 pia
2188 1457 2655 1512 consideratione
2688 1456 2933 1526 indiget,
2955 1461 3019 1509 ut
3039 1456 3523 1527 qualitercumque
3540 1472 3630 1512 co-

1974 1545 2191 1618 gitetur
2210 1547 2365 1602 risus
2387 1550 2445 1601 et
2477 1546 2860 1602 subsannatio
2893 1544 2993 1600 Dei
3028 1545 3087 1599 in
3112 1544 3350 1600 interitu
3375 1545 3629 1617 perdito-

1945 1640 2201 1709 .rum,et
2230 1634 2432 1690 laetitia
2463 1635 2581 1691 sive
2611 1634 2943 1701 exsultatio,
2979 1652 3094 1690 non
3124 1633 3317 1689 solum
3349 1634 3406 1688 in
3441 1635 3629 1706 profe-

1975 1729 2071 1780 ctu
2104 1726 2535 1795 rectorum,sed
2573 1725 2751 1779 etiam
2784 1723 2842 1778 in
2874 1723 3253 1779 subversione
3293 1740 3630 1795 pravorum,

1973 1815 2096 1886 qui,
2114 1819 2181 1870 ut
2211 1831 2391 1885 supra
2411 1818 2715 1869 ostensum
2735 1817 2845 1883 est,
2863 1813 2921 1867 in
2947 1812 3170 1868 nullius
3196 1816 3402 1879 morte,
3424 1812 3484 1867 in
3508 1813 3633 1867 nul-

202 1895 320 1951 Hoc
352 1897 428 1951 de
458 1896 819 1969 Judzeis,qui
846 1900 1112 1954 exczecati
1146 1904 1203 1955 et
1233 1901 1492 1955 indurati
1526 1905 1685 1971 sunt,
1709 1901 1863 1955 Deus
1895 1916 1947 1983 Β
1974 1903 2091 1958 lius
2123 1902 2451 1975 perditione
2482 1903 2731 1971 lmtatur,
2758 1918 2863 1956 nec
2895 1901 3151 1973 aliquem
3183 1901 3369 1972 perire
3398 1901 3543 1957 velle
3569 1919 3632 1958 se

201 1985 709 2058 przescivit,atque
740 1985 800 2041 in
827 1987 957 2058 ejus
988 1988 1199 2061 spiritu
1233 1990 1518 2061 propheta
1551 1989 1715 2044 dixit.
1736 1990 1861 2045 Non

199 2091 337 2148 ergo
364 2077 644 2147 poterant
672 2075 927 2147 credere,
934 2077 1105 2147 juxta
1136 2094 1376 2134 sensum
1401 2077 1726 2133 fidelissimi
1760 2079 1863 2134 do-

202 2163 407 2234 ctoris,
428 2164 569 2236 quia
598 2163 751 2219 hanc
781 2181 983 2220 eorum
1018 2167 1277 2223 futuram
1300 2167 1860 2239 impossibilitatem,

203 2253 261 2307 id
294 2257 408 2324 est,
423 2254 741 2325 superbam
775 2253 1158 2327 impietatem,
1179 2273 1281 2327 per
1303 2274 1481 2329 quam
1505 2256 1735 2311 Domini
1760 2256 1862 2311 hu-

204 2341 520 2396 militatem
554 2346 1059 2416 contempserunt,
1075 2350 1131 2400 et
1161 2346 1317 2402 Deus
1346 2362 1476 2401 vere
1507 2346 1791 2418 praevidit,
1809 2350 1867 2401 et

204 2448 308 2503 per
334 2431 437 2487 Dei
471 2431 759 2503 Spiritum
788 2434 1072 2506 prepheta
1115 2452 1247 2491 vere
1294 2436 1581 2507 praedixit.
1613 2435 1863 2491 Clauda-

206 2536 341 2575 mus
360 2520 562 2592 itaque
575 2537 747 2577 aures
759 2523 1039 2577 adversus
1053 2524 1204 2579 hanc
1218 2524 1544 2580 inauditam
1559 2524 1862 2594 duritiam,

207 2612 267 2664 et
313 2609 493 2664 verba
543 2609 1041 2682 praecipitationis,
1077 2616 1133 2667 ct
1180 2614 1497 2669 audiamus
1556 2615 1861 2685 przefatum

204 2698 502 2753 doctorem
536 2698 785 2755 dulciter
814 2706 1173 2771 or_antem,et
1194 2702 1443 2757 dulciter
1463 2703 1863 2774 disputantem

209 2786 493 2842 adversus
511 2788 767 2859 profana)
791 2789 1153 2862 inaniloquia
1168 2790 1464 2845 vanitatis.
1493 2785 1532 2841 (ἶ
1542 2792 1861 2858 Quosdam,

210 2876 426 2947 inquit,
444 2875 627 2931 nimia
647 2894 764 2932 sua:
785 2877 1102 2933 voluntatis
1122 2878 1337 2934 fiducia
1358 2878 1563 2933 extulit
1586 2880 1641 2933 in
1667 2894 1865 2949 super-

210 2964 468 3035 biam,et
495 2966 781 3038 quosdam
814 2966 1009 3022 nimim
1044 2985 1162 3022 sua:
1193 2966 1510 3022 voluntatis
1532 2967 1863 3021 difﬁdentia

207 3053 420 3123 dejecit
440 3053 499 3107 in
522 3052 961 3125 negligentiam.
979 3054 1284 3110 Illidicunt
1309 3072 1321 3108 :
1347 3054 1570 3126 thuid
1586 3071 1863 3125 rogamus

207 3140 395 3196 Deum
426 3158 497 3196 ne
526 3141 832 3197 vincamus
864 3143 1202 3213 tentatione,
1237 3144 1392 3215 quod
1423 3142 1484 3197 in
1535 3147 1737 3198 nostra
1773 3147 1865 3197 est

210 3229 536 3301 potestate?
564 3230 662 3284 Isti
693 3229 896 3285 dicunt
929 3248 942 3285 :
980 3231 1052 3286 Ut
1080 3232 1220 3303 quid
1254 3249 1537 3287 conamur
1584 3232 1730 3286 bene
1776 3232 1860 3285 vi-

205 3335 362 3388 vere,
383 3318 542 3388 quod
566 3317 624 3371 in
648 3318 745 3372 Dei
782 3324 872 3373 est
912 3321 1242 3389 potestate?
1269 3321 1313 3376 Ο
1336 3320 1613 3376 Domine!
1640 3338 1672 3375 ο
1696 3320 1862 3375 Pater

206 3406 307 3477 qui
342 3422 406 3461 es
440 3405 496 3460 in
529 3405 719 3461 ccelisl
756 3424 828 3461 ne
860 3426 967 3463 nos
995 3407 1212 3465 inferas
1244 3410 1303 3464 in
1353 3408 1678 3481 quamlibet
1723 3395 1866 3464 ista-

164 3487 173 3495 ’
206 3511 339 3549 rum
373 3494 784 3567 tentationum,
801 3497 902 3551 sed
935 3495 1119 3552 libera
1149 3516 1255 3553 nos
1286 3517 1320 3553 a
1341 3497 1514 3553 male.
1538 3496 1864 3553 Audiamus

206 3582 526 3639 Dominum
558 3583 846 3640 dicentem
872 3601 885 3639 :
917 3608 943 3635 ‹‹
969 3585 1184 3658 Rogavi
1215 3604 1317 3658 pro
1349 3590 1423 3657 te,
1449 3587 1633 3657 Petre,
1653 3591 1717 3641 ut
1747 3604 1863 3642 non

209 3695 236 3723 «
271 3672 506 3728 deficiat
534 3674 683 3729 fides
717 3678 855 3729 tua:
893 3692 964 3730 ne
996 3675 1079 3731 sic
1111 3677 1518 3731 existimemus
1550 3677 1727 3732 finem
1760 3694 1861 3731 no-

208 3765 393 3817 stram
425 3780 554 3818 esse
586 3761 643 3816 in
678 3761 859 3819 libero
892 3764 1156 3836 arbitrio,
1193 3770 1256 3821 ut
1285 3765 1482 3821 divino
1533 3782 1648 3819 non
1698 3768 1865 3837 egeat

208 3850 524 3922 adjutorio.
557 3852 886 3907 Audiamus
946 3857 1003 3908 et
1053 3853 1473 3925 evangelistam
1525 3854 1859 3909 dicentem:

212 3959 240 3987 «
270 3938 444 3995 Dedit
473 3941 558 3996 eis
589 3944 938 4012 potestatem
970 3941 1122 3999 filios
1154 3942 1252 3998 Dei
1278 3943 1403 3997 ﬁeri
1428 3960 1440 3997 :
1471 3965 1498 3992 «
1522 3959 1593 3997 ne
1622 3942 1863 3997 omnino

208 4027 641 4086 extistimcmus
662 4029 721 4085 in
745 4036 947 4086 nostra
966 4035 1249 4103 potestate
1274 4050 1388 4087 non
1409 4048 1537 4087 esse
1559 4032 1713 4103 quod
1743 4046 1865 4086 cre-

210 4115 428 4174 dimus.
451 4118 872 4175 Verumtamen
904 4120 963 4175 in
997 4125 1247 4192 utroque
1278 4120 1437 4175 illius
1469 4120 1752 4175 beneficia
1774 4136 1865 4173 co-

209 4221 588 4276 gnoscamus.
623 4208 769 4263 Nam
797 4214 854 4265 et
883 4210 1120 4282 agendae
1153 4214 1293 4264 sunt
1324 4208 1704 4281 gratiw,quia
1726 4208 1864 4263 data

184 4294 306 4361 _est'
320 4301 600 4369 potestas,
615 4301 672 4353 et
691 4299 981 4354 orandum
1004 4317 1075 4355 ne
1096 4299 1446 4354 succumbat
1472 4298 1804 4354 inﬁrmitas.
1834 4320 1856 4346 η

278 4382 451 4441 Sexto
481 4384 607 4441 loco
637 4386 912 4442 similiter
933 4388 1202 4444 detestati
1239 4404 1448 4443 sumus
1469 4388 1625 4459 quod
1650 4387 1859 4457 Deum,

207 4472 264 4523 et
292 4477 527 4528 sanctos
559 4474 787 4545 ejus,in
827 4474 1155 4546 perditione
1201 4492 1427 4546 eorum,
1451 4491 1599 4546 quos
1635 4478 1859 4528 eterna:

208 4556 571 4617 damnationi
596 4563 1040 4634 prmdestinatos
1063 4563 1297 4619 assidue
1330 4563 1561 4635 repetis,
1593 4563 1740 4618 dicis
1772 4580 1861 4618 ex-

1966 1991 2309 2063 jurat,quia
2339 1990 2562 2046 nullius
2594 1990 2899 2045 interitum
2928 1989 3090 2045 velut
3113 1988 3390 2044 inimicus
3410 1994 3632 2046 creatu-

1975 2099 2049 2136 rze
2083 2099 2201 2136 sum
2233 2081 2546 2149 desiderat,
2581 2080 2680 2134 sed
2715 2079 2771 2133 in
2805 2079 2891 2134 eis
2921 2079 3019 2151 qui
3064 2083 3327 2151 pereunt,
3363 2082 3630 2134 tantum-

1973 2170 2148 2224 modo
2171 2171 2346 2224 ﬁnem
2370 2167 2609 2223 malitia:
2632 2172 2689 2222 et
2710 2168 2975 2222 ordinem
2995 2185 3060 2222 ae
3084 2166 3633 2239 retributionemju—

1975 2258 2146 2313 stitia;
2178 2257 2388 2330 diligit.
2411 2257 2504 2313 Sic
2527 2258 2724 2329 itaque
2755 2256 2813 2310 in
2840 2255 3080 2311 interitu
3100 2256 3415 2327 impiorum
3441 2260 3500 2311 et
3520 2256 3629 2311 ini-

1974 2364 2224 2419 quorum
2259 2347 2471 2402 ridebit
2499 2351 2557 2401 et
2587 2345 2999 2411 subsannabit,
3034 2361 3169 2400 cum
3200 2361 3403 2399 eorum
3427 2362 3630 2416 super-

1974 2436 2132 2491 biam
2165 2440 2223 2491 et
2271 2438 2681 2506 contemptum
2732 2433 2911 2505 digna
2958 2432 3264 2506 punitione
3309 2434 3631 2489 humilians

1974 2530 2150 2596 atque
2182 2525 2602 2593 condemnans,
2637 2539 2869 2577 omnem
2904 2526 3183 2577 creaturae
3224 2522 3543 2578 vanitatem
3576 2527 3634 2579 et

1973 2611 2286 2667 elationem
2319 2614 2599 2667 adversus
2625 2614 2950 2667 Creatorem
2986 2609 3258 2666 irrisione
3290 2615 3347 2666 et
3377 2612 3628 2668 subsan-

1974 2702 2207 2756 natione
2232 2702 2470 2772 dignam
2495 2717 2622 2755 esse
2647 2698 3015 2755 monstrabit.
3034 2700 3197 2755 Unde
3230 2704 3287 2754 et
3320 2700 3516 2755 divina
3531 2717 3626 2755 ea-

1974 2791 2105 2844 dem
2139 2791 2314 2845 verba
2345 2789 2536 2860 posita
2566 2793 2729 2851 sunt,
2756 2794 2820 2842 ut
2852 2805 2966 2842 non
3020 2787 3256 2853 diceret,
3280 2788 3350 2842 dc
3390 2788 3632 2844 interitu

1970 2882 2162 2932 vestro
2194 2895 2206 2931 :
2243 2877 2467 2932 scilicet
2498 2894 2611 2933 non
2642 2893 2743 2947 pro
2775 2875 2895 2945 illo,
2921 2876 3021 2930 sed
3056 2876 3114 2930 in
3148 2875 3274 2942 illo;
3301 2875 3357 2930 id
3389 2866 3497 2943 est,
3513 2893 3629 2931 non

1974 2983 2076 3037 pro
2109 2966 2224 3021 illis
2250 2965 2349 3036 qui
2381 2983 2490 3019 sua
2521 2964 2694 3035 culpa
2717 2964 3036 3035 perierunt,
3055 2964 3156 3017 sed
3180 2963 3321 3034 quia
3341 2962 3401 3017 in
3423 2981 3630 3020 eorum

1962 3054 2130 3123 justa
2178 3053 2524 3124 perditione,
2560 3054 2618 3106 in
2669 3050 3167 3122 contemplatione
3216 3051 3523 3108 rationalis
3572 3057 3632 3108 et

1972 3142 2151 3197 beatae
2178 3145 2478 3211 creaturie,
2515 3141 2643 3196 laus
2675 3143 2968 3194 accrescet
2998 3142 3055 3194 et
3083 3138 3269 3210 gloria
3317 3141 3626 3210 Creatoris,

1974 3229 2267 3286 exultante
2299 3229 2457 3285 omni
2489 3229 2673 3285 electa
2720 3232 3009 3295 creatura,
3042 3244 3159 3283 non
3211 3229 3270 3283 in
3317 3230 3628 3285 tormentis

1977 3319 2349 3384 miscrorum,
2385 3319 2488 3372 sed
2518 3317 2577 3371 in
2612 3317 2887 3388 mquitate
2916 3321 2973 3371 et
3001 3316 3243 3371 veritate
3265 3315 3629 3387 judiciorum

1976 3406 2509 3471 divinorum.Quod
2541 3406 2718 3461 etiam
2752 3404 2811 3458 in
2844 3405 3112 3476 praesenti
3164 3404 3376 3460 saeculo
3408 3404 3629 3461 anima—
3732 3444 3737 3448 ι

1976 3497 2087 3551 bus
2109 3499 2450 3550 sanctorum
2472 3493 2831 3559 conceditur,
2848 3492 3078 3548 dicente
3110 3492 3455 3548 Psalmista:
3482 3517 3502 3541 α
3520 3494 3627 3548 Ex-

1981 3608 2001 3633 .
2039 3584 2406 3639 sultaverunt
2438 3582 2567 3636 filiae
2599 3582 2762 3638 Juda:
2814 3586 3049 3653 propter
3087 3580 3316 3652 judicia
3363 3585 3485 3646 tua,
3516 3581 3626 3637 Do-

1978 3697 2004 3724 ‹‹
2041 3674 2256 3728 mine.»
2286 3673 2409 3727 Non
2434 3688 2570 3743 ergo
2590 3676 2826 3742 propter
2845 3670 3231 3741 perditionem
3250 3670 3626 3741 cujusquam,

1974 3762 2076 3817 sed
2109 3765 2343 3833 propter
2374 3760 2581 3814 divinae
2612 3758 2907 3830 aequitatis
2942 3757 3262 3828 justitiam.
3289 3758 3406 3812 Hoc
3436 3775 3627 3831 .sensu

1974 3850 2155 3921 accipi
2190 3854 2381 3922 potest
2410 3852 2467 3903 ct
2494 3848 2638 3902 illud
2668 3864 2679 3900 :
2709 3870 2735 3895 ‹‹
2759 3845 3291 3915 Laztabiturjustus
3312 3862 3447 3899 eum
3468 3845 3627 3901 vide-

1977 3962 2004 3990 «
2036 3940 2113 3993 rit
2132 3938 2471 3993 vindictam.
2494 3958 2521 3986 »
2544 3934 2779 3991 Etillud
2813 3934 2868 3987 in
2895 3932 3204 3988 Salomone
3228 3948 3241 3987 :
3272 3952 3300 3981 ‹‹
3320 3932 3390 3985 Et
3408 3931 3469 3986 in
3492 3950 3626 4003 per-

1976 4050 2003 4078 ‹‹
2034 4026 2253 4081 ditione
2282 4024 2597 4095 impiorum
2631 4022 2742 4078 erit
2773 4021 3053 4076 laudatio.
3088 4043 3115 4069 ››
3152 4020 3408 4076 Laetatur
3428 4024 3627 4076 autem

1971 4115 2344 4184 omnipotens
2372 4113 2548 4177 Deus,
2581 4110 2669 4165 vel
2715 4109 3090 4165 benefacicns
3114 4107 3421 4181 justis,vel
3471 4107 3630 4163 mala

1973 4203 2303 4257 retribuens
2326 4200 2538 4272 pravis.
2554 4200 2678 4255 Non
2698 4199 2855 4271 quod
2882 4198 2895 4252 i
2905 4214 3008 4269 pse
3021 4198 3249 4253 diversa
3262 4196 3628 4251 affectatione

1972 4295 2235 4347 mutetur
2255 4295 2430 4362 atque
2450 4289 2725 4355 varietur,
2743 4289 2913 4359 cujus
2936 4285 3373 4361 gaudere,sicut
3393 4290 3451 4341 et
3474 4302 3627 4353 esse,

1971 4384 2254 4435 mternum
2286 4383 2462 4449 atque
2486 4377 2968 4432 incommutabile
2991 4380 3099 4443 est,
3116 4376 3272 4446 apud
3305 4392 3482 4446 quem
3509 4391 3625 4428 non

1971 4467 2549 4531 est’transmutatio,
2584 4482 2689 4521 nec
2747 4464 3176 4520 vicissitudinis
3230 4460 3623 4517 obumbratio.

1972 4559 2083 4614 Sed
2116 4558 2270 4613 sicut
2300 4555 2556 4627 Spiritus
2609 4552 2796 4608 Patris
2836 4553 3053 4607 dicitur
3084 4551 3240 4622 loqui
3275 4551 3333 4605 in
3366 4551 3451 4606 eis
3478 4567 3626 4621 quos

208 4645 526 4706 sultaturos
543 4655 599 4706 et
614 4651 969 4724 gravisuros,
986 4670 1119 4708 cum
1139 4670 1169 4709 e
1186 4652 1473 4709 contrario
1496 4652 1863 4725 apertissime
1893 4655 1941 4720 Ι)
1972 4647 2278 4719 loquentes
2310 4644 2467 4711 facit,
2483 4660 2631 4715 quos
2662 4642 2733 4696 ad
2770 4639 3199 4695 testiﬁcationis
3221 4638 3482 4694 veritatis
3506 4638 3624 4694 ins-

209 4733 511 4809 Scriptura
539 4740 698 4796 dicat
738 4758 750 4796 :
789 4742 994 4798 «Deus
1027 4747 1276 4798 mortem
1300 4760 1413 4798 non
1447 4742 1742 4810 fecit,nec,
1771 4740 1863 4796 la:-

211 4844 239 4871 «
272 4826 504 4883 taturin
528 4828 854 4902 perditione
874 4832 1200 4888 vivorum.»
1236 4833 1305 4888 Et
1334 4831 1446 4887 alio
1477 4830 1602 4886 loco
1628 4846 1640 4883 :
1671 4854 1691 4879 α
1717 4830 1859 4885 Vivo

213 4931 239 4958 «
270 4915 553 4985 ego,dicit
572 4918 860 4975 Dominus
890 4921 1046 4977 Deus
1075 4920 1215 4993 quia
1243 4920 1378 4977 nolo
1399 4924 1646 4976 mortem
1669 4918 1858 4991 impii,

213 5019 240 5046 α
273 5002 372 5057 sed
404 5009 471 5060 ut
499 5011 872 5064 convertatur
888 5014 959 5065 .et
987 5010 1160 5066 vivat.
1196 5032 1224 5061 ››
1258 5011 1329 5065 Et
1368 5009 1582 5065 iterum
1609 5025 1622 5064 :
1652 5032 1672 5058 ι
1698 5008 1859 5063 Nun-

217 5107 243 5135 ι(
274 5090 413 5159 quid
446 5093 768 5152 voluntatis
798 5115 940 5154 meae
970 5104 1060 5155 est
1088 5117 1246 5155 mors
1277 5098 1466 5171 impii,
1490 5098 1633 5153 dicit
1662 5096 1858 5152 Domi-

216 5194 242 5222 «
275 5193 385 5235 nus
414 5181 588 5252 Deus,
618 5190 677 5241 et
699 5204 815 5242 non
848 5189 1038 5261 magis
1071 5194 1136 5244 ut
1163 5193 1537 5245 convertatur
1565 5205 1599 5243 a
1637 5187 1729 5242 via
1754 5204 1864 5242 sua

217 5284 243 5311 α
276 5268 445 5339 mala,
466 5277 525 5328 et
555 5274 749 5331 vivat?
780 5298 807 5326 ››
842 5279 1141 5343 Quomodo
1171 5297 1307 5353 ergo
1342 5278 1570 5334 lzetatur
1591 5277 1650 5332 in
1673 5281 1860 5331 morte

212 5356 269 5441 et
297 5354 355 5410 in
388 5358 764 5419 damnatione
782 5362 969 5438 impii,
992 5384 1127 5423 cum
1159 5369 1461 5441 ipsejurat
1482 5384 1596 5422 non
1621 5383 1750 5422 esse
1770 5382 1863 5421 vo-

213 5437 455 5530 luntatis
485 5467 605 5506 sua:
625 5452 654 5507 ?
675 5458 780 5509 aut
810 5437 1105 5527 quomodo
1136 5437 1354 5530 gaudet
1383 5457 1455 5514 ad
1489 5456 1723 5512 ruinam
1760 5471 1861 5510 cu-

202 5527 508 5617 jusquam,
522 5540 623 5612 qui
656 5546 721 5596 ut
740 5544 962 5601 nullius
985 5527 1249 5617 bono;ita
1268 5548 1446 5602 etiam
1470 5544 1692 5601 nullius
1709 5543 1863 5600 male

210 5614 448 5692 indiget,
480 5632 548 5683 ut
578 5631 745 5701 quasi
780 5633 1071 5702 potentior
1100 5614 1189 5691 vel
1224 5636 1448 5691 beatior
1496 5634 1634 5689 fiat?
1668 5633 1866 5689 Protu-

279 5716 299 5741 ⁸
329 5709 522 5770 Tract.
554 5718 625 5773 53
651 5717 711 5773 in
742 5718 910 5775 Joan.

1972 4737 2115 4792 truit
2142 4740 2201 4790 et
2225 4735 2538 4790 informat:
2569 4729 2669 4803 qui
2701 4730 2877 4786 etiam
2920 4727 3215 4801 postulare
3246 4744 3349 4799 pro
3383 4727 3625 4796 sanctis,

1969 4830 2027 4882 et
2055 4841 2287 4897 gemere
2315 4840 2381 4878 ac
2415 4822 2746 4877 desiderare
2778 4818 3012 4885 dicitur,
3038 4817 3178 4888 quia
3215 4817 3300 4871 eis
3349 4832 3497 4888 quos
3538 4833 3624 4872 re-

1968 4913 2209 4988 pleverit
2239 4913 2511 4967 allectum
2543 4907 2878 4981 postulandi
2910 4910 2968 4961 et
2998 4904 3267 4978 gemendi
3299 4908 3358 4960 et
3398 4903 3624 4959 deside-

1969 5003 2137 5059 randi
2172 5000 2438 5073 inspirat.
2464 4999 2549 5054 Ita
2570 5002 2627 5053 et
2657 4997 2780 5069 ipse
2810 4996 3040 5050 laetatur
3070 4994 3127 5049 in
3162 4992 3385 5049 sanctis
3415 4992 3475 5047 in
3503 4992 3629 5063 qui-

1970 5091 2081 5147 bus
2112 5090 2376 5145 habitare
2405 5086 2701 5159 dignatur,
2728 5084 2870 5156 quia
2901 5100 3000 5139 eos
3022 5080 3409 5154 proculdubio
3430 5079 3625 5135 lzetan-

1969 5185 2058 5237 tes
2082 5177 2374 5246 facit,sive
2406 5176 2463 5231 in
2483 5175 2653 5230 donis
2676 5173 2877 5245 gratiae
2901 5189 3029 5243 quas
3067 5170 3317 5243 largitur
3348 5169 3480 5241 piis,
3507 5168 3626 5223 sive

1972 5268 2260 5341 injudicii
2293 5271 2349 5323 et
2380 5264 2776 5337 mquitatibus,
2804 5262 3019 5333 quibus
3050 5260 3264 5331 impios
3291 5257 3482 5330 punit.
3520 5256 3625 5312 Pro

1973 5359 2190 5432 quibus
2219 5357 2325 5412 etsi
2357 5355 2617 5410 humano
2640 5352 2871 5417 affectu,
2890 5349 3044 5406 sicut
3064 5346 3378 5419 Apostolus
3399 5344 3626 5432 dicitde

1973 5431 2376 5517 Se,tamquam
2407 5441 2678 5497 homines
2710 5439 3156 5503 contristantur,
3188 5440 3385 5490 tamen
3430 5431 3625 5488 divino

1973 5536 2192 5609 Spiritu
2225 5537 2459 5607 regente
2490 5534 2664 5599 atque
2697 5526 3261 5596 illustrantes,justa
3283 5521 3628 5594 Deijudieia

1975 5626 2214 5682 laudare
2248 5628 2305 5679 et
2335 5619 2661 5695 gloriﬁcare
2693 5634 2807 5673 non
2840 5619 3092 5671 cessant.
3117 5614 3264 5670 Cum
3297 5611 3476 5685 igitur
3504 5613 3625 5665 tam
