3900 6378
313 437 396 509 95
1536 437 1945 504 AMULONIS
1988 432 2235 507 EPISC.
2281 421 2546 510 LUGD.’
3649 439 3727 506 96

316 599 536 659 magna
549 587 607 639 et
627 580 998 638 ineﬂ‘abiliter
1019 579 1223 654 majori
1247 579 1567 650 cautela,ut
1587 579 1958 653 aliquatenus
1987 576 2044 644 Α
2074 581 2647 650 Ecclesiae,restituas
2669 585 2725 636 te
2747 579 3088 638 obedientize
3101 576 3335 637 Domini
3357 576 3726 636 sacerdotum

316 674 564 746 intelligi
596 670 844 744 possint,
879 670 1076 726 divina
1103 671 1279 726 verba
1311 669 1763 742 indigeant,non
1799 671 1964 728 facile

316 783 351 820 a
379 776 673 835 quoquam
701 760 1045 836 proferenda
1066 761 1378 816 suntvelut
1397 778 1500 833 pro
1525 777 1696 829 se,ne
1721 761 1962 817 forsitan

313 853 460 908 bene
491 851 739 906 tractata
767 848 1143 906 inveniantur
1172 856 1376 906 contra
1406 867 1486 906 se.

384 940 642 1012 Septimo
671 935 819 1006 loco,
855 941 970 994 duo
1004 958 1244 1012 prorsus
1293 939 1490 1011 gravia
1543 939 1698 995 mala
1747 942 1804 996 in
1845 939 1964 995 tuis

311 1030 479 1085 nobis
502 1026 768 1083 moribus
789 1029 1112 1100 plurimum
1129 1029 1574 1102 displicuerunt.
1591 1030 1783 1085 Unum
1807 1030 1963 1101 quod

311 1119 643 1174 sacerdotes
664 1116 790 1188 Dei,
809 1123 866 1174 et
900 1123 1149 1176 rectores
1171 1120 1588 1188 Ecclesiarum,
1603 1119 1783 1175 tantis
1807 1119 1959 1190 inju-

310 1207 414 1263 riis
445 1212 502 1263 et
533 1205 812 1262 conviciis
843 1212 898 1263 et
944 1209 1274 1266 maledictis
1303 1209 1721 1278 laceras,tanto
1757 1211 1966 1282 despc—

311 1302 412 1353 ctu
445 1299 503 1352 et
533 1297 908 1352 contumacia
939 1298 1269 1366 conculcas,
1295 1298 1496 1370 utique
1517 1299 1727 1370 spiritu
1753 1299 1966 1354 erroris

307 1389 368 1442 et
394 1385 680 1458 superbiae
699 1386 1113 1442 miserabiliter
1141 1388 1522 1460 deccptus,ut
1551 1388 1792 1442 omnino
1819 1386 1964 1442 nihil

306 1475 658 1532 Christianis
699 1475 1010 1546 potientire,
1049 1475 1194 1532 nihil
1241 1475 1584 1532 Christianae
1635 1475 1965 1532 reverentia:

307 1563 528 1620 habere
557 1562 794 1620 videris.
829 1565 975 1621 Nam
1007 1566 1162 1620 inter
1191 1569 1414 1633 caetera,
1434 1582 1638 1622 omnes
1677 1565 1774 1636 qui
1809 1565 1965 1620 insa-

303 1654 418 1708 nia:
451 1669 736 1709 sensuum
769 1656 1006 1709 tuorum
1029 1653 1150 1710 zelo
1183 1655 1315 1710 ﬁdei
1347 1656 1650 1721 resistunt,
1665 1653 1968 1710 haereticos

302 1740 602 1814 appellare
633 1758 750 1797 non
783 1743 1024 1809 metuis,
1047 1761 1265 1816 eosque
1283 1761 1316 1798 a
1338 1745 1490 1799 bono
1512 1747 1570 1798 et
1595 1743 1824 1798 erudito
1846 1742 1968 1798 viro

302 1835 482 1903 atque
540 1829 828 1886 catholico
879 1832 1154 1904 episcopo
1208 1831 1580 1888 Rbabanicos
1629 1848 1970 1904 nuncupare

302 1920 638 2012 praesumis.
674 1919 790 1974 Nec
821 1919 996 1976 times
1029 1921 1408 1993 Deum,quod
1431 1921 1489 1976 in
1515 1919 1660 1976 tales
1690 1924 1748 1976 et
1775 1924 1972 1977 tantos
2000 1948 2047 2012 Β

301 2006 524 2064 diaboli
549 2009 814 2082 laqueos,
831 2026 936 2080 per
961 2027 1175 2067 vanam
1196 2009 1646 2066 instabilitatcm
1671 2009 1886 2066 mentis
1909 2014 1968 2066 et

301 2099 586 2170 corporis,
611 2101 668 2153 et
695 2099 995 2154 vaniorem
1039 2099 1444 2156 curiositatem
1479 2104 1653 2171 atque
1684 2116 1966 2170 arrogan-

299 2187 448 2243 tiam
479 2185 760 2244 incidisti.
782 2187 898 2242 Ncc
927 2187 1248 2255 erubescis,
1273 2188 1428 2260 quod
1462 2187 1521 2242 in
1555 2189 1639 2242 tot
1668 2186 1966 2243 erroribus

301 2278 364 2332 et
395 2275 720 2330 mendaciis
753 2275 828 2330 ab
867 2276 1144 2332 omnibus
1175 2275 1393 2347 ubique
1425 2275 1880 2346 deprehenderis
1909 2278 1968 2330 et.

303 2361 651 2419 confutaris.
675 2362 792 2418 Nec
815 2363 998 2434 doles,
1015 2364 1171 2434 quod
1207 2380 1338 2419 ecce
1359 2367 1446 2418 tot
1477 2362 1646 2417 annis
1671 2380 1706 2418 a
1727 2379 1965 2433 corpore

303 2449 576 2508 Ecclesize
592 2451 769 2522 justa:
801 2451 1130 2507 severitatis
1162 2451 1544 2506 damnatione
1568 2451 1966 2520 prmcisus,at-

305 2555 422 2612 quc
452 2539 613 2596 omni
645 2540 936 2596 bonorum
969 2540 1350 2595 contubernio
1383 2555 1450 2594 ac
1482 2537 1689 2594 solatio
1731 2537 1960 2592 defrau-

305 2629 500 2698 datus,
535 2627 871 2684 remansisti
923 2627 1082 2684 velut
1125 2625 1306 2699 stirps
1356 2625 1603 2696 inutilis,
1635 2630 1691 2681 et
1737 2623 1962 2698 palmes

308 2717 514 2774 aridus
543 2716 665 2790 igni
697 2711 1050 2774 destinatus.
1075 2717 1186 2772 Sed
1219 2715 1411 2771 adhuc
1442 2715 1686 2787 insuper
1705 2731 1770 2770 os
1792 2719 1960 2769 tuum

305 2804 718 2862 maledictione
738 2809 794 2861 et
815 2803 1210 2860 amaritudine
1232 2803 1470 2876 plenum
1501 2807 1591 2860 est
1615 2820 1628 2858 :
1653 2807 1711 2860 et
1731 2820 1964 2859 convcr-

307 2911 412 2951 sus
444 2895 504 2950 in
535 2911 738 2950 arcum
769 2910 1038 2966 pravum,
1071 2910 1187 2949 non
1217 2910 1322 2966 pro
1365 2891 1634 2960 Domino,
1658 2897 1726 2948 ut
1763 2895 1956 2964 putas,

308 2983 411 3040 sed
433 2981 752 3038 Ecclesium
784 2985 1032 3038 matrem
1065 2985 1252 3054 tuam,
1275 2982 1325 3054 ej
1338 2998 1521 3054 usque
1555 2981 1834 3054 praesules
1867 2997 1962 3052 pa-

307 3075 428 3127 tres
459 3074 612 3138 tuos,
645 3070 931 3144 sacrilega
959 3070 1207 3126 audacia
1251 3075 1652 3136 contemnens,
1677 3071 1959 3125 adversus

310 3159 627 3215 Dominum
651 3158 1230 3230 jacularis.Alterum
1249 3176 1380 3215 vero
1404 3158 1626 3215 malum
1650 3158 1816 3214 estin
1841 3174 1956 3212 mo-

309 3248 474 3304 ribus
506 3246 646 3316 tuis,
679 3249 834 3320 quod
885 3249 944 3303 in
993 3247 1269 3304 omnibus
1315 3265 1441 3320 qua:
1487 3247 1634 3303 dicis
1665 3253 1722 3302 et
1750 3245 1954 3313 sentis,

309 3335 463 3394 sicut
491 3335 796 3408 Scriptura
815 3341 917 3393 tua
937 3337 1214 3405 declarat,
1231 3336 1460 3392 nullum
1485 3336 1746 3402 omnino,
1765 3333 1954 3390 homi-

308 3443 452 3482 num
486 3441 647 3482 more
677 3426 988 3494 bonorum,
1024 3425 1117 3498 pie
1153 3429 1212 3482 et
1252 3425 1558 3481 humiliter
1605 3426 1957 3498 doprecuris,

309 3513 534 3571 nullius
565 3519 618 3570 te
647 3515 850 3570 sensui
879 3518 937 3570 et
967 3513 1298 3570 auctoritati
1332 3513 1777 3580 submittis,ncc
1813 3514 1960 3569 dicis

308 3602 464 3677 quod
497 3619 650 3676 saepe
680 3603 828 3660 solet
855 3607 914 3658 et
961 3603 1133 3658 debet
1181 3603 1371 3674 pietas
1412 3604 1604 3658 dicere
1637 3619 1650 3656 :
1685 3603 1957 3670 Obsecro,

309 3691 458 3748 bone
472 3691 560 3746 vir
580 3696 684 3748 aut
712 3692 863 3748 bone
886 3691 1084 3758 frater,
1107 3693 1155 3746 si
1189 3691 1247 3746 in
1281 3691 1376 3747 his
1407 3708 1534 3763 quae
1567 3691 1696 3747 dico
1730 3691 1960 3763 aliqua-

307 3786 484 3837 tenus
512 3781 826 3849 erro,t‘erto
855 3781 1261 3836 infirmitatem
1285 3779 1782 3846 meam,instruito
1803 3781 1962 3852 igno-

309 3870 562 3926 rantiam
581 3873 868 3938 meam,et
888 3869 1164 3941 probabis
1185 3868 1576 3924 obedientiam
1601 3867 1962 3940 meam,quia

309 3963 548 4032 paratus
576 3976 672 4014 ero
702 3957 952 4014 libenter
981 3957 1279 4028 suscipere
1310 3955 1595 4028 quidquid
1617 3955 1841 4011 Veritas
1874 3955 1960 4009 di-

307 4047 586 4121 gnabitur
613 4047 928 4102 declarare.
965 4046 1073 4101 Sed
1109 4045 1189 4100 ita
1217 4049 1272 4100 te
1304 4043 1501 4100 sensui
1533 4048 1633 4100 tuo
1665 4043 1872 4112 credis,
1907 4048 1963 4100 et

308 4137 368 4191 in
398 4135 528 4208 ipsa
555 4136 797 4192 veritate
827 4134 1116 4208 speculari
1147 4138 1206 4190 et
1235 4133 1617 4205 contemplari
1666 4133 1960 4206 gloriaris,

307 4227 374 4280 u’t
402 4223 462 4280 in
482 4225 716 4296 scriptis
736 4223 856 4279 tuis
873 4241 979 4279 nec
1000 4223 1117 4279 Deo
1138 4223 1249 4295 ipsi
1268 4221 1656 4295 supplices,ut
1675 4222 1780 4278 tibi
1804 4224 1960 4294 quod

307 4313 522 4370 melius
551 4316 642 4368 est
673 4313 902 4368 revolet.
936 4314 1302 4384 Quapropter
1332 4311 1586 4366 multum
1631 4311 1960 4368 fraternita-

305 4408 424 4460 tem
460 4407 625 4458 tuam
655 4401 928 4458 exhortor
954 4405 1012 4456 et
1041 4417 1270 4468 moneo,
1290 4404 1348 4456 et
1372 4392 1616 4473 pater'na
1653 4399 1866 4472 pietate
1897 4417 1964 4457 ac

305 4494 567 4550 fraterna
583 4491 866 4548 charitatc
882 4490 1226 4564 persuadeo,
1243 4493 1310 4545 ut
1329 4489 1636 4546 revertaris
1656 4490 1716 4545 in
1749 4494 1962 4546 temet-

307 4581 524 4654 ipsum,
560 4579 918 4638 convcrtaris
949 4581 1018 4636 ad
1051 4597 1150 4636 cor
1175 4584 1368 4647 tuum,
1402 4583 1462 4635 et
1481 4579 1741 4636 excutias
1763 4581 1964 4652 procul

2074 677 2131 728 et
2162 677 2394 745 patrum
2428 677 2686 743 tuorum,
2719 671 2997 726 restituas
3042 674 3097 726 te
3147 671 3415 726 fraternm
3463 666 3724 724 omnium

2055 762 2375 818 ‘charitari.
2410 763 2483 817 Ut
2536 762 2632 834 qui
2687 761 2859 815 modo
2906 761 3070 832 jaces
3121 764 3400 830 tanquam
3451 775 3552 814 vas
3601 773 3725 828 per-

2074 853 2285 920 ditum,
2316 856 2665 923 cooperante
2721 850 2822 906 Dei
2881 847 3090 922 gratia,
3125 847 3400 902 cfficiaris
3445 847 3502 901 in
3554 846 3725 902 domo

2073 941 2202 1011 ejus
2261 958 2361 995 vas
2419 939 2579 1007 utile,
2616 940 2685 994 ad
2749 955 2922 993 omne
2975 955 3123 1010 opus
3172 937 3390 991 bonum
3435 938 3723 1011 paratum.

2074 1031 2189 1086 Nec
2221 1031 2492 1085 terrearis
2533 1028 3020 1098 consideratione,
3049 1026 3141 1081 vel
3189 1026 3404 1082 erroris
3434 1041 3608 1096 quem
3641 1024 3724 1077 in-

2075 1119 2432 1185 curristi,vel
2467 1119 2819 1189 injuriarum
2853 1134 3001 1188 quas
3032 1115 3092 1170 in
3126 1115 3226 1171 Dei
3267 1113 3597 1170 sacerdotes
3647 1112 3728 1166 in-

2075 1208 2286 1278 tulisti,
2350 1227 2422 1264 ne
2475 1226 2542 1264 ex
2604 1208 2710 1263 hoc
2769 1207 2926 1262 velut
2997 1203 3402 1278 implacabiles
3463 1203 3723 1276 patiaris.

2075 1298 2292 1354 Omnes
2322 1297 2768 1370 deprecabimur
2807 1313 2910 1368 pro
2943 1299 3016 1363 te,
3048 1299 3106 1350 et
3139 1294 3249 1367 ipsi
3299 1293 3451 1348 ultro
3496 1296 3729 1364 propter

2075 1403 2334 1443 amorem
2387 1386 2600 1442 Christi
2651 1384 3071 1441 obliviscentur
3120 1401 3202 1452 se,
3237 1385 3524 1454 eruntque
3573 1379 3726 1452 apud

2077 1493 2281 1533 omnes
2313 1481 2367 1532 et
2389 1476 2681 1548 praeterita
2699 1477 2892 1530 errata
2922 1474 2978 1528 in
3003 1471 3378 1540 oblivionem,
3396 1475 3454 1526 et
3475 1486 3728 1543 przescns

2078 1564 2476 1620 conversionis
2506 1570 2619 1620 tua:
2651 1565 2872 1618 bonum
2904 1563 2963 1617 in
2995 1561 3279 1636 gaudium
3312 1565 3370 1616 et
3417 1556 3729 1615 exultatio-

2080 1670 2234 1710 nem.
2271 1655 2525 1710 Tantum
2559 1671 2630 1709 ne
2664 1651 2917 1718 dubites,
2952 1667 3057 1706 nec
3091 1649 3422 1717 remorcris,
3457 1648 3558 1704 sed
3598 1663 3735 1702 erue

2079 1748 2134 1799 te
2163 1743 2333 1815 quasi
2363 1743 2602 1799 damula
2634 1743 2703 1797 de
2737 1758 2936 1808 manu,
2959 1745 3015 1796 et
3045 1739 3214 1812 quasi
3245 1738 3368 1794 avis
3397 1738 3468 1794 de
3500 1735 3733 1792 insidiis

2079 1833 2346 1904 aucupis,
2383 1849 2454 1888 ne
2501 1831 2560 1887 in
2610 1831 2710 1888 tali
2761 1830 3138 1886 damnatione
3187 1827 3494 1900 repentina
3549 1825 3738 1880 morte

2080 1920 2712 1992 prtevcntus,Ecclcsia3
2747 1918 2938 1982 matri,
2973 1917 3066 1974 cui
3099 1935 3257 1973 nunc
3289 1931 3596 1972 mcerorem
3649 1909 3736 1966 fa-

2079 2009 2163 2065 cis
2194 2011 2522 2080 assiduum,
2555 2009 2803 2072 luctum,
2827 2009 2980 2080 quod
3015 2005 3187 2073 absit,
3212 2004 3588 2077 derelinquas
3609 2015 3734 2072 per-

2075 2103 2340 2170 petuum.
2375 2099 2555 2154 Crede
2587 2095 2990 2152 indubitanter
3037 2091 3176 2163 quia
3225 2091 3347 2146 haec
3396 2109 3466 2148 ex
3515 2107 3656 2148 vera
3683 2089 3740 2143 et

2076 2187 2304 2242 sincera
2333 2202 2472 2256 erga
2500 2190 2553 2240 te
2581 2183 2864 2238 charitatc
2895 2185 2952 2234 et
2982 2179 3104 2235 solo
3137 2196 3333 2234 amore
3364 2179 3576 2236 salutis
3622 2183 3738 2234 tute

2021 2309 2024 2314 ι
2073 2274 2300 2346 loquor.
2336 2275 2451 2328 Nec
2477 2271 2715 2327 omnino
2746 2270 3022 2335 aestimes,
3057 2268 3213 2342 quod
3241 2267 3509 2340 quaedam
3552 2287 3743 2342 supe-

2074 2363 2218 2429 rius,
2249 2360 2409 2416 velut
2439 2361 2648 2416 durius
2668 2363 2726 2415 et
2755 2359 3050 2414 austerius
3089 2361 3436 2429 prosccutus
3465 2375 3627 2428 sum,
3663 2361 3736 2416 ad

2071 2449 2475 2506 confusionem
2535 2449 2622 2504 vel
2673 2447 3225 2504 condemnationem
3273 2450 3438 2502 tuam
3478 2447 3734 2518 prolata.

2073 2538 2184 2594 Sed
2217 2539 2362 2594 scito
2393 2537 2720 2594 certissime
2742 2537 2881 2609 quia
2901 2537 2974 2592 ad
3007 2535 3116 2592 hoc
3139 2539 3372 2591 tantum
3389 2534 3546 2591 dicta
3566 2541 3733 2606 sunt,

2072 2633 2138 2682 ut
2165 2645 2233 2683 ea
2265 2644 2461 2684 coram
2482 2627 2668 2684 oculis
2690 2641 2968 2700 ponerem
2986 2630 3270 2697 tanquam
3293 2623 3352 2680 in
3380 2625 3621 2696 speculo
3643 2644 3732 2682 ve-

2071 2714 2280 2772 raciter
2309 2715 2706 2788 diiudicanda,
2741 2719 2798 2772 et
2829 2715 3144 2786 adjuvante
3175 2712 3277 2770 Dei
3309 2713 3520 2784 gratia,
3538 2730 3730 2786 quan-

2069 2803 2257 2860 tocius
2290 2809 2346 2861 et
2377 2805 2678 2861 studiosus
2709 2804 3094 2861 emendanda.
3131 2802 3456 2874 Siquidem,
3482 2806 3548 2858 ut
3577 2804 3728 2860 bene

2069 2893 2195 2966 ipse
2225 2895 2401 2966 nosti,
2425 2893 2668 2950 meliora
2699 2898 2839 2949 sunt
2867 2891 3112 2948 vulnera
3149 2891 3320 2948 amici
3355 2907 3534 2964 quam
3565 2893 3727 2948 frau-

2069 2982 2310 3039 dulenta
2337 2983 2538 3039 oscula
2566 2983 2810 3038 inimici.
2841 2983 2926 3038 Ad
2957 2987 3305 3051 extremum,
3332 2979 3579 3036 breviter
3611 2986 3724 3038 tuae

2066 3071 2277 3127 intimo
2302 3072 2594 3139 charitati,
2611 3077 2844 3146 gestum
2875 3088 3004 3128 esse
3025 3071 3179 3126 intra
3202 3069 3723 3142 Gallias,tempori-

2070 3161 2180 3217 bus
2203 3179 2350 3234 pene
2380 3162 2533 3218 beati
2567 3179 2728 3234 papa:
2755 3159 3124 3228 Leonis,sive
3145 3158 3722 3232 Agapiti,concilium

2069 3251 2398 3308 venerabile
2446 3256 2503 3307 et
2547 3249 2814 3307 Ecclesiae
2855 3249 2955 3306 Dei
2985 3248 3150 3305 valde
3183 3247 3348 3319 utile,
3381 3265 3416 3302 a
3455 3247 3724 3320 pluribus

2070 3339 2612 3412 cpiscopis,quibus
2646 3340 2880 3412 praefuit
2911 3337 3270 3394 admiranda;
3303 3335 3727 3404 sanctitatis,et

2067 3425 2219 3480 virtu
2229 3431 2354 3482 tum
2377 3443 2442 3482 ac
2457 3426 2896 3492 miraculorum,
2907 3426 3116 3482 beatus
3127 3423 3414 3480 Caesarius
3427 3424 3720 3480 Arelaten-

2070 3515 2152 3570 sis
2185 3516 2498 3588 episcopus
2525 3533 2538 3570 :
2564 3516 2665 3571 ubi
2696 3515 3007 3589 diligenter
3027 3515 3098 3570 dc
3118 3514 3308 3587 gratia
3336 3513 3436 3570 Dei
3461 3517 3517 3569 et
3537 3513 3722 3570 libero

2071 3604 2328 3660 hominis
2359 3605 2622 3671 arbitrio,
2646 3606 2718 3660 de
2743 3603 3110 3676 praescientia
3130 3607 3188 3658 et
3216 3601 3726 3674 praedestinatione

2069 3693 2268 3749 divina
2298 3697 2529 3748 constat
2559 3711 2686 3750 esse
2719 3691 3052 3760 deﬁnitum,
3085 3691 3340 3764 qualiter
3377 3689 3726 3746 moderatis-

2071 3783 2223 3837 sima
2254 3782 2477 3838 ratione
2506 3781 2903 3852 sentiendum,
2935 3781 3254 3836 tenendum
3289 3785 3347 3836 et
3394 3779 3724 3835 docendum

2071 3871 2168 3926 sit.
2203 3871 2366 3926 Unde
2413 3871 2536 3926 haec
2595 3871 2667 3926 ad
2727 3870 3180 3949 commotionem
3239 3869 3562 3941 prudentia:
3614 3873 3724 3924 tuac

2071 3959 2430 4032 paucissima
2471 3961 2648 4016 verba
2696 3961 2999 4030 subnecte,
3033 3958 3249 4031 quibus
3291 3958 3500 4014 aiunt:
3539 3981 3560 4008 α
3611 3958 3726 4014 Hoc

2071 4048 2246 4105 etiam
2279 4050 2605 4104 secundum
2639 4049 2814 4104 ﬁdem
2847 4047 3195 4105 catholicam
3227 4047 3544 4116 credimus,
3565 4047 3722 4119 quod

2071 4143 2206 4210 post
2237 4142 2534 4210 acceptam
2564 4137 2844 4210 baptismi
2873 4137 3144 4210 gratiam,
3174 4153 3378 4192 omnes
3419 4134 3720 4208 baptizati,

2073 4227 2302 4283 Christo
2336 4227 2652 4286 auxiliante
2681 4231 2738 4282 et
2768 4231 3143 4299 coeperante,
3174 4242 3302 4298 quae
3350 4225 3423 4281 ad
3471 4223 3720 4281 salutem

2074 4317 2282 4372 animae
2315 4317 2628 4390 pertinent,
2653 4315 2882 4389 possint
2909 4319 2968 4372 et
2995 4315 3262 4382 debeant,
3288 4315 3336 4371 si
3369 4313 3627 4371 ﬁdeliter
3645 4313 3721 4370 la-

2073 4405 2282 4461 borare
2311 4404 2620 4472 voluerint,
2645 4404 2990 4477 adimplere.
3024 4403 3267 4475 Aliquos
3311 4419 3446 4458 vero
3494 4403 3568 4458 ad
3605 4419 3722 4458 ma-

2073 4494 2199 4551 lum
2230 4494 2426 4551 divina
2456 4499 2744 4567 potestate
2775 4493 3223 4566 praedestinatos
3243 4509 3360 4548 non
3392 4491 3588 4548 solum
3611 4507 3721 4548 non

2075 4585 2392 4651 credimus,
2409 4584 2508 4640 sed
2531 4583 2732 4650 etiam,
2747 4585 2795 4640 si
2827 4583 2947 4638 sint
2968 4582 3068 4656 qui
3090 4585 3320 4640 tantum
3342 4579 3482 4638 mali
3494 4583 3724 4638 credere

307 4689 342 4726 a
370 4675 426 4727 te
447 4671 629 4727 istum
661 4687 918 4726 errorem
949 4687 1190 4737 vanum,
1225 4673 1284 4724 ct
1324 4667 1584 4725 laborem
1635 4669 1963 4726 infructuo-
1997 4679 2044 4745 ι)
2073 4674 2273 4742 velint,
2308 4691 2442 4730 cum
2485 4673 2644 4730 omni
2677 4672 3060 4730 detestatione
3092 4672 3208 4728 illis
3239 4671 3554 4728 anathema
3585 4670 3719 4728 dici-

308 4775 441 4816 sum
473 4775 538 4816 ac
571 4759 987 4834 perniciosum,
1013 4757 1408 4830 restituasque
1436 4761 1494 4813 te
1524 4763 1740 4815 sancta:
1792 4763 1968 4822 matri

2078 4781 2230 4820 IDUS.
2270 4787 2296 4814 ))
