3900 6364
193 423 265 487 97
984 426 1086 491 DE
1129 427 1675 493 PRIESCIENTIA
1717 428 1849 495 DEI
1893 435 1993 496 ET
2038 432 2830 506 PILEDESTINATIONE.
3532 452 3610 516 98

1797 578 3611 607 Ἦ

1451 722 2359 837 ΑΜυιοΝιε

1044 937 2164 1098 OPUSCULA
2333 949 2757 1104 DUO

1446 1179 1807 1240 EJUSDEM
1850 1182 2341 1254 ARGUMENT],

708 1308 1037 1368 Amulenis
1068 1310 1144 1369 ad
1182 1312 1663 1372 (iothesealeum
1708 1313 1991 1391 epistola)
2033 1315 2335 1393 adjuncta
2369 1317 2430 1376 in
2464 1318 2677 1378 codice
2708 1322 3080 1382 'l‘revirensi.

1273 1551 1995 1645 OPUSCULUM
2061 1555 2532 1647 PRIMUM

289 1700 580 1773 Responsio
610 1718 683 1756 (ιη
713 1704 1194 1773 interrogationem
1225 1705 1514 1776 cujusdam
1544 1705 1610 1762 de
1638 1706 1999 1762 Praescienlia
2028 1706 2115 1762 vel
2140 1708 2624 1766 Pra‘destinatione
2649 1712 2860 1781 divina,
2892 1721 2945 1769 et
2970 1713 3035 1769 de
3066 1715 3206 1772 libro
3236 1717 3494 1774 Arbitrio.

1789 1840 2004 1850 ——-—

252 1905 637 1979 Omnipotens
669 1907 846 1976 Deus,
879 1910 1019 1981 quia
1055 1910 1358 1965 verissime
1388 1928 1557 1967 verus
1589 1914 1645 1967 et
1676 1910 1837 1966 solus
1869 1912 1922 1978 Α
1954 1935 1982 1962 ‹‹
2015 1913 2189 1969 homo
2220 1914 2335 1970 ille.
2364 1937 2391 1966 ››
2426 1916 2521 1971 Sic
2552 1921 2607 1971 et
2637 1917 2708 1971 de
2759 1918 2957 1991 impiis
2994 1919 3235 1990 Judaeis,
3262 1925 3604 1994 praesciebat

182 1994 335 2050 Deus
367 1998 477 2062 est,
512 1996 749 2050 omnino
789 1996 847 2051 in
881 2015 988 2052 sua
1017 2003 1233 2054 interna
1272 2004 1328 2053 et
1367 1998 1834 2054 incommutabili

180 2082 429 2138 scientia
466 2084 756 2155 prazscivit
809 2086 1009 2141 omnia
1057 2092 1373 2158 antequam
1426 2089 1651 2155 ﬁerent,
1684 2088 1837 2142 sicut

180 2172 485 2244 Scriptura
510 2176 781 2241 testatur,
814 2174 1014 2229 dicens
1039 2190 1049 2228 :
1072 2197 1099 2224 «
1128 2175 1282 2231 Deus
1315 2180 1560 2243 ictorum,
1586 2177 1685 2249 qui
1710 2178 1839 2233 abs-

181 2283 209 2311 ‹‹
240 2262 611 2318 conditorum
631 2279 692 2317 es
711 2264 994 2336 cognitor,
1009 2265 1109 2336 qui
1134 2266 1285 2320 nosti
1306 2266 1503 2321 omnia
1520 2270 1834 2344 antequam

182 2372 207 2399 ι(
241 2352 407 2407 fiant.
435 2374 462 2402 ››
498 2351 790 2407 l’rtescivit
817 2369 953 2425 ergo
1004 2354 1132 2409 sine
1181 2355 1381 2423 dubio,
1417 2361 1474 2409 et
1523 2356 1674 2411 bona
1706 2374 1833 2427 qum

178 2439 309 2495 boni
344 2445 516 2495 erant
546 2440 775 2513 facturi,
798 2447 858 2496 et
895 2442 1049 2497 mala
1076 2460 1203 2515 qua)
1232 2444 1370 2499 mali
1392 2448 1558 2499 erant
1586 2446 1831 2517 gesturi.

176 2528 283 2584 Sed
310 2529 370 2585 in
398 2530 567 2585 bonis
594 2530 719 2601 ipse
741 2531 877 2586 fecit
906 2548 1015 2586 sua
1046 2533 1238 2605 gratia
1259 2539 1322 2588 ut
1347 2534 1484 2588 boni
1508 2540 1705 2590 essent
1730 2551 1742 2588 :
1775 2534 1833 2589 in

174 2618 347 2689 malis
380 2636 539 2689 vero,
576 2637 690 2698 non
724 2620 847 2692 ipse
880 2621 1014 2676 fecit
1043 2627 1108 2676 ut
1138 2628 1336 2680 essent
1366 2623 1526 2693 mali,
1553 2625 1705 2697 quod
1740 2624 1837 2678 ab-

176 2708 273 2776 sit,
298 2709 403 2763 sed
436 2713 668 2763 tantum
697 2709 985 2781 przeseivit
1015 2727 1113 2765 eos
1143 2713 1377 2784 proprio
1395 2713 1534 2767 vitio
1564 2712 1711 2768 tales
1742 2714 1832 2768 Γυ-

178 2801 361 2853 turos.
386 2798 587 2870 Neque
609 2798 766 2852 enim
797 2799 1163 2870 praescientia
1189 2800 1289 2855 Dei
1317 2800 1599 2873 imposuit
1627 2802 1711 2856 eis
1742 2818 1835 2857 nc-

176 2887 534 2954 cessitatem,
560 2891 625 2943 ut
653 2885 813 2942 aliud
845 2904 973 2942 esse
1012 2905 1128 2943 non
1172 2895 1430 2960 possent,
1466 2891 1566 2944 sed
1601 2894 1831 2945 tantum

176 2977 332 3048 quod
365 2976 447 3030 illi
482 2976 661 3030 futuri
703 2981 869 3031 erant
911 2993 979 3031 ex
1027 2978 1263 3048 propria
1290 2978 1608 3044 voluntate,
1642 2977 1736 3032 ille
1770 2983 1834 3032 ut

175 3065 330 3121 Deus
364 3064 628 3138 prievidit
656 3082 723 3119 ex
755 3082 864 3119 sua
893 3065 1278 3136 omnipotenti
1317 3068 1643 3137 majestate.
1669 3066 1831 3121 Unde

173 3155 481 3226 Scriptura
521 3153 1107 3221 incentaminabilem.
1139 3154 1436 3225 justitiam
1484 3156 1613 3225 ejus
1660 3156 1830 3210 nobis

1947 2002 2074 2058 sine
2095 2004 2275 2059 dubio
2298 2022 2498 2059 eorum
2530 2006 2894 2077 impietatem
2922 2009 3202 2078 futuram,
3226 2011 3296 2067 de
3318 2028 3436 2084 qua
3464 2031 3604 2085 prae-

1946 2091 2093 2145 dixit
2121 2091 2179 2146 in
2214 2092 2481 2148 Psalmo:
2512 2117 2539 2144 ‹‹
2564 2095 2859 2151 Dcderunt
2891 2096 2949 2152 in
2974 2114 3169 2154 escam
3200 2116 3393 2157 meam
3426 2102 3523 2170 fel,
3545 2106 3604 2159 et

1949 2203 1975 2228 ‹‹
2007 2180 2066 2234 in
2099 2182 2194 2235 siti
2229 2199 2358 2237 mea
2388 2188 2735 2256 petaverunt
2767 2202 2860 2239 me
2904 2192 3085 2241 aceto.
3112 2209 3139 2237 »
3178 2188 3522 2246 Prmscicbat
3546 2195 3603 2247 et

1945 2270 2404 2341 subsequentem
2430 2273 2692 2345 ipsorum
2717 2275 3257 2346 damnationem,de
3279 2295 3398 2350 qua
3419 2279 3479 2333 in
3513 2297 3603 2336 eo-

1945 2358 2076 2411 dem
2112 2358 2341 2415 Psalme
2373 2361 2682 2433 subjunxit
2710 2379 2721 2417 :
2748 2385 2773 2411 α
2797 2362 3113 2419 Deleantur
3133 2366 3205 2420 de
3236 2365 3384 2422 libre
3413 2367 3603 2425 viven-

1949 2466 1975 2495 ‹‹
2008 2446 2175 2516 tium,
2208 2454 2266 2502 et
2297 2465 2432 2503 cum
2454 2450 2637 2520 justis
2670 2468 2784 2505 non
2818 2452 3220 2509 scribantur.»
3247 2455 3359 2510 Sed
3392 2456 3450 2510 in
3483 2456 3596 2525 his,

1944 2539 2000 2589 et
2032 2535 2089 2589 in
2120 2538 2396 2591 omnibus
2442 2537 2683 2610 iniquis,
2716 2538 2861 2593 illud
2916 2541 3083 2613 prius
3129 2558 3198 2599 ex
3245 2544 3483 2615 propria
3512 2549 3601 2601 est

1944 2623 2245 2695 pravitate,
2282 2626 2437 2681 istud
2494 2643 2748 2698 sequens
2796 2644 2864 2684 ex
2915 2628 3111 2684 divina
3154 2631 3448 2704 equitate.
3484 2634 3599 2688 llec

1944 2713 2117 2767 modo
2139 2718 2194 2769 et
2216 2714 2285 2769 de
2308 2715 2815 2786 praidestinatione
2838 2716 2939 2771 Dei
2959 2717 3199 2775 omnino
3222 2720 3596 2777 sentiendum

1943 2806 2031 2854 est
2062 2802 2200 2873 quia
2230 2802 2288 2857 in
2341 2803 2509 2857 benis
2557 2803 3012 2875 praedestinavit,
3044 2810 3103 2861 et
3151 2805 3341 2878 ipsam
3393 2825 3595 2864 eorum

1943 2889 2263 2944 bonitatem
2297 2892 2559 2946 futuram
2589 2910 2658 2948 ex
2689 2893 2841 2947 done
2870 2892 3072 2965 gratiae
3103 2911 3245 2962 suae,
3276 2900 3335 2950 et
3364 2912 3469 2970 pro
3499 2913 3594 2953 ea-

1941 2976 2073 3030 dem
2109 2977 2366 3033 bonitatc
2404 2983 2682 3035 aeternam
2725 2980 2989 3053 ipsorum
3034 2983 3591 3054 remunerationem,

1943 3068 2006 3117 ut
2028 3064 2213 3136 ipsius
2235 3066 2389 3120 done
2412 3067 2619 3122 tierent
2638 3067 2798 3135 boni,
2814 3067 3002 3141 ipsius
3017 3069 3168 3125 done
3189 3075 3387 3125 essent
3405 3089 3597 3128 remu-

1940 3153 2149 3207 nerati.
2174 3153 2336 3209 Uude
2359 3154 2438 3209 ait
2455 3155 2770 3228 Apostolus
2795 3172 2808 3210 :
2836 3178 2864 3207 κ
2886 3156 2992 3221 Qui
3018 3157 3456 3229 praedestinavit
3486 3178 3593 3217 nos

171 3243 513 3308 insinuans,
545 3241 627 3298 ait
675 3242 747 3296 de
790 3241 888 3296 illo
922 3258 935 3295 :
965 3264 992 3291 ‹‹
1024 3242 1255 3297 Nemini
1303 3244 1603 3299 mandavit
1651 3243 1830 3317 impie
1860 3279 1908 3343 B
1943 3264 1969 3291 ‹‹
2006 3242 2062 3296 in
2094 3242 2466 3314 adoptionem
2516 3243 2772 3300 filiorum
2827 3261 2930 3316 per
2978 3245 3151 3301 Jesus
3181 3246 3480 3311 Christum
3532 3250 3591 3304 in

175 3355 203 3382 ι(
236 3349 432 3405 agere,
458 3335 515 3387 et
544 3330 764 3386 nemini
796 3330 957 3386 dedit
1000 3332 1257 3405 spatium
1302 3334 1636 3405 peccandi.»
1666 3335 1827 3399 Quod

169 3439 310 3495 ergo
344 3419 524 3494 impie
546 3423 730 3493 agunt
760 3419 925 3492 impii
947 3425 1003 3477 et
1022 3421 1233 3493 iniqui,
1257 3427 1313 3477 et
1333 3421 1590 3494 spatium
1613 3426 1831 3496 tempo-

171 3514 254 3570 ris
284 3513 416 3568 vitze
445 3511 646 3584 hujus,
672 3511 826 3582 quod
857 3509 941 3567 eis
972 3510 1133 3567 dedit
1172 3512 1325 3567 Deus
1356 3513 1428 3568 ad
1471 3512 1617 3569 bene
1661 3528 1831 3587 agen-

165 3603 332 3669 dum,
369 3600 486 3675 ipsi
519 3617 550 3655 e
580 3599 873 3656 contrarie
913 3604 1259 3656 convertunt
1301 3601 1373 3656 ad
1422 3601 1646 3657 malum
1676 3620 1831 3659 exer-

165 3693 445 3760 cendum,
481 3708 595 3746 non
647 3689 771 3757 Dei,
805 3690 907 3745 sed
956 3690 1218 3763 ipsorum
1252 3697 1341 3747 est
1369 3691 1561 3765 culpa,
1595 3698 1651 3748 et
1698 3693 1827 3749 ideo

167 3786 318 3837 recte
352 3782 715 3836 damnantur
764 3778 954 3852 ipsius
994 3780 1251 3852 justitia.
1287 3781 1579 3842 Przescivit
1627 3788 1824 3839 autem

164 3869 319 3924 idem
344 3870 719 3943 omnipotens
739 3869 894 3924 Deus
915 3869 1093 3924 etiam
1112 3875 1387 3925 aiternam
1408 3871 1642 3926 illorum
1665 3873 1823 3928 dam-

165 3959 491 4026 nationem,
515 3958 617 4014 sed
649 3976 718 4013 ex
749 3957 957 4013 merito
1003 3958 1290 4031 ipsorum,
1323 3977 1472 4031 quos
1501 3960 1558 4014 in
1588 3963 1826 4034 propria

164 4046 392 4102 malitia
421 4052 895 4120 perseveraturos
940 4047 1224 4119 praevidit,
1249 4066 1365 4104 non
1406 4064 1475 4102 ex
1506 4067 1632 4118 sua,
1668 4050 1821 4121 quod

162 4136 336 4204 absit,
368 4137 706 4209 iniquitate,
728 4136 827 4208 qui
862 4135 1005 4189 nihil
1040 4136 1256 4207 injuste
1286 4137 1609 4205 constituit,
1635 4144 1691 4192 et
1721 4139 1821 4211 qui

166 4226 360 4280 reddit
392 4226 715 4296 unicuique
759 4224 1085 4279 secundum
1137 4241 1312 4297 opera
1358 4242 1485 4291 sua,
1519 4224 1575 4281 id
1626 4232 1733 4295 est,
1765 4233 1823 4283 et

161 4312 307 4370 bene
331 4314 647 4387 agentibus
665 4314 818 4369 bona
834 4318 1067 4381 aeterna,
1085 4318 1142 4367 et
1164 4313 1315 4368 male
1336 4315 1646 4386 agentibus
1667 4315 1823 4372 mala

161 4407 465 4475 perpetua.
491 4403 639 4475 Ergo
666 4402 849 4457 bones
882 4401 1171 4474 praescivit
1191 4402 1450 4470 omnino,
1469 4408 1523 4459 et
1552 4420 1655 4476 per
1683 4422 1820 4478 gra-

156 4489 296 4548 tiam
330 4509 508 4550 suam
540 4493 727 4548 bonos
756 4492 1008 4561 futuros,
1042 4495 1098 4546 et
1136 4508 1238 4563 per
1267 4493 1533 4547 eamdem
1566 4494 1818 4566 gratiam

158 4583 375 4637 aeterna
406 4581 650 4655 praemia
698 4584 1058 4652 accepturos,
1094 4579 1151 4634 id
1184 4585 1293 4648 est,
1327 4585 1385 4636 et
1412 4580 1491 4636 'in
1549 4584 1816 4654 praesenti

1942 3353 1968 3380 α
2002 3330 2218 3402 ipsum.
2246 3355 2273 3381 ››
2300 3333 2369 3387 Et
2400 3331 2513 3388 alio
2542 3331 2668 3389 loco
2692 3350 2704 3389 :
2733 3355 2760 3384 ‹‹
2788 3335 2943 3399 Quos
2966 3336 3255 3407 prmscivit
3284 3341 3340 3393 et
3371 3339 3590 3409 praede-

1943 3442 1970 3469 ‹‹
2003 3419 2241 3475 stinavit
2272 3422 2600 3477 cont'ermes
2632 3421 2754 3477 fieri
2788 3421 3064 3495 imaginis
3098 3424 3227 3479 Filii
3259 3425 3408 3480 sui.»
3439 3427 3592 3482 Prae-

1939 3508 2251 3565 destinavit
2280 3509 2483 3583 utique
2513 3511 2728 3567 electos
2768 3529 2930 3583 suos,
2956 3516 3022 3567 ut
3049 3517 3108 3569 et
3138 3531 3294 3570 nunc
3326 3532 3591 3572 assume-

1937 3604 2142 3655 rentur
2170 3598 2229 3654 in
2262 3599 2635 3672 adeptionem
2667 3600 2921 3656 ﬁliorum
2952 3600 3053 3656 Dei
3083 3618 3187 3674 per
3214 3604 3464 3676 gratiam
3496 3605 3595 3663 ba-

1937 3688 2160 3760 ptismi,
2185 3692 2240 3744 et
2269 3689 2327 3743 in
2360 3690 2557 3745 future
2588 3688 2922 3745 efficiantur
2950 3690 3280 3746 confermes
3313 3692 3590 3766 imaginis

1938 3778 2065 3833 Filii
2090 3778 2212 3846 Dei,
2230 3796 2331 3849 per
2349 3780 2618 3834 eamdem
2640 3778 2741 3834 Dei
2765 3779 3014 3851 gratiam
3040 3781 3255 3836 secund
3268 3798 3365 3836 um
3387 3782 3592 3856 imagi-

1934 3884 2066 3939 gem
2100 3868 2229 3938 ejus
2260 3867 2518 3924 renovati
2551 3872 2607 3922 et
2634 3866 2965 3939 gloriﬁcati.
3001 3868 3440 3925 Priedestinavit
3469 3887 3590 3925 em-

1935 3956 2093 4022 nino,
2129 3961 2193 4011 ut
2224 3962 2280 4010 et
2310 3956 2369 4010 hi
2401 3960 2598 4012 essent
2630 3955 2787 4023 boni,
2812 3972 2925 4009 non
2951 3972 3020 4011 ex
3044 3972 3125 4024 se,
3150 3957 3252 4011 sed
3284 3973 3352 4015 ex
3383 3957 3504 4030 illo,
3529 3963 3588 4014 et

1932 4045 2015 4100 illi
2050 4044 2223 4112 beati,
2256 4062 2367 4100 non
2402 4062 2503 4117 per
2525 4062 2605 4111 se,
2632 4045 2731 4100 sed
2758 4062 2859 4117 per
2879 4044 3069 4099 illum.
3096 4045 3158 4099 In
3179 4049 3427 4119 utroque
3446 4064 3585 4120 ergo

1932 4134 2085 4189 bona
2117 4150 2224 4188 sua
2264 4133 2321 4187 in
2353 4134 2438 4189 eis
2469 4138 2526 4188 et
2556 4133 2627 4188 de
2658 4133 2741 4188 eis
2771 4134 2968 4189 futura
2997 4134 3285 4206 prmscivit
3334 4140 3392 4193 et
3438 4154 3583 4209 pra:-

1931 4222 2263 4277 destinavit.
2282 4223 2342 4277 In
2364 4221 2537 4277 malis
2552 4239 2684 4278 vero
2706 4227 2763 4277 et
2783 4223 3132 4295 impiis,non
3155 4225 3587 4295 prmdestinavit

1931 4311 2086 4367 omni
2095 4315 2301 4383 petens
2323 4311 2477 4366 Deus
2500 4310 2785 4367 malitiam
2809 4316 2865 4368 et
2891 4312 3276 4385 impietatem,
3304 4314 3361 4370 id
3385 4319 3496 4385 est,
3519 4318 3585 4371 ut

1931 4401 2070 4455 mali
2103 4405 2160 4456 et
2189 4400 2354 4472 impii
2377 4404 2595 4467 essent,
2620 4404 2675 4454 et
2696 4400 2857 4456 aliud
2878 4418 3006 4461 esse
3034 4419 3146 4458 non
3171 4407 3446 4477 possent:
3480 4404 3582 4459 sed

1930 4507 2076 4562 quos
2109 4487 2398 4563 prmscivit
2418 4492 2474 4545 et
2494 4487 2758 4561 praevidit
2781 4488 2967 4545 malos
2994 4494 3167 4563 atque
3188 4490 3402 4563 impios
3424 4492 3582 4546 futu-

1930 4596 2025 4635 ros
2048 4579 2281 4650 proprie
2304 4576 2462 4644 vitio,
2488 4577 2612 4649 ipse
2634 4593 2731 4632 eos
2753 4579 3189 4650 praedestinavit
3211 4579 3283 4633 ad
3306 4582 3581 4642 aeternam

157 4671 370 4726 saeculo
402 4648 554 4727 bene
583 4668 862 4737 victuros,
887 4673 944 4725 et
972 4668 1031 4723 in
1059 4669 1254 4724 future
1286 4668 1529 4726 feliciter
1558 4688 1822 4727 remune-
1851 4648 1895 4715 (ἶ
1929 4668 2368 4724 damnationem
2385 4668 2550 4738 justo
2564 4666 2810 4739 judicio.
2831 4668 2957 4722 Non
2976 4665 3114 4738 quia
3133 4665 3293 4722 aliud
3316 4685 3443 4724 esse
3466 4686 3581 4724 non

158 4760 393 4815 randes.
415 4760 744 4831 Utrumque
771 4762 966 4813 tamen
989 4775 1057 4813 ex
1078 4758 1230 4814 dono
1254 4758 1666 4816 misericordiae
1691 4762 1814 4817 Dei.

157 4845 317 4903 Unde
348 4848 669 4922 Apostolus
700 4865 840 4903 vasa
869 4847 1283 4903 misericordiae
1314 4865 1412 4904 cos
1443 4849 1699 4921 appellat
1729 4851 1817 4906 di-

156 4952 294 4991 cens
329 4954 341 4993 :
371 4960 399 4989 ‹‹
424 4938 498 4993 Ut
530 4938 864 4993 ostenderet
911 4937 1145 4993 divitias
1193 4937 1391 5010 gratiae
1440 4956 1557 4993 suae
1590 4939 1648 4994 in
1680 4957 1819 4995 vasa

160 5047 186 5074 ‹‹
225 5027 665 5097 misericordiae,
709 5045 836 5099 qum
887 5028 1232 5099 praeparavit
1284 5027 1343 5081 in
1402 5027 1669 5100 gloriam.
1712 5055 1738 5080 ››
1774 5031 1815 5085 Ε

155 5118 447 5172 contrarie
480 5121 681 5173 autem
723 5116 931 5184 malos,
964 5122 1021 5171 et
1049 5116 1339 5189 praescivit
1387 5135 1488 5190 per
1519 5119 1814 5191 propriam

157 5204 443 5264 malitiam
482 5205 669 5261 malos
703 5206 952 5274 futuros,
989 5212 1044 5261 et
1082 5207 1371 5278 prazscivit
1402 5224 1504 5279 per
1534 5225 1700 5263 suam
1725 5209 1818 5280 ju-

156 5291 376 5347 stitiam
405 5298 626 5348 aeterna
646 5293 868 5348 ultione
886 5295 1274 5350 damnandos.
1291 5294 1453 5349 Sicut
1476 5296 1817 5368 przeseiebat

155 5379 224 5433 de
255 5379 409 5435 Juda
440 5382 735 5454 proditore
755 5384 908 5454 queri
941 5400 1074 5438 eum
1107 5388 1261 5439 esset.
1293 5385 1635 5450 traditurus,
1660 5386 1816 5440 sicut

154 5468 537 5543 Evangelium
569 5471 710 5527 dicit
734 5489 783 5527 zu
809 5473 955 5527 Cum
979 5478 1134 5528 esset
1158 5491 1310 5527 unus
1331 5475 1402 5527 de
1433 5474 1809 5543 duodecim,»

154 5558 499 5628 praesciebat
531 5561 706 5616 etiam
740 5566 1016 5617 mternam
1040 5563 1168 5633 ejus
1191 5561 1652 5627 damnationem,
1677 5581 1813 5620 cum

154 5645 373 5703 diceret
403 5664 415 5702 :
445 5670 473 5698 «
495 5648 591 5704 Va)
623 5649 846 5707 homini
880 5652 964 5706 illi
995 5669 1099 5724 per
1130 5668 1304 5724 quem
1340 5651 1523 5707 Filius
1555 5652 1812 5710 hominis

154 5737 504 5795 «tradetur.
534 5737 762 5799 Bonum
805 5745 931 5801 erat
977 5741 1049 5814 ei,
1084 5742 1134 5799 si
1191 5745 1365 5799 natus
1424 5759 1539 5800 non
1602 5742 1813 5804 fuisset

1929 4757 2375 4830 potuerunt,st
2404 4756 2543 4828 quia
2564 4755 2721 4811 aliud
2751 4772 2879 4811 esse
2906 4756 3239 4814 noluerunt.
3264 4757 3379 4829 Ipsi
3405 4758 3584 4832 igitur

1929 4847 2315 4923 sibimetipsis
2336 4846 2682 4902 exstiterunt
2704 4861 2883 4899 causa
2903 4844 3249 4917 perditionis
3272 4862 3285 4900 :
3309 4846 3465 4905 Deus
3485 4864 3583 4907 au-

1927 4942 2044 4993 tem
2067 4938 2272 5008 justus
2295 4936 2479 5006 judex
2500 4939 2557 4990 et
2588 4932 2890 4988 ordinater
2910 4935 3112 5005 justus
3138 4933 3325 5005 ipsius
3346 4936 3585 4991 damna-

1927 5026 2124 5083 tionis.
2159 5025 2282 5080 Nen
2316 5023 2470 5079 enim
2504 5022 2938 5096 praedestinavit
2977 5023 3217 5092 injuste,
3252 5025 3351 5078 sed
3393 5026 3577 5097 justa.

1929 5114 2309 5169 Przedestinat
2332 5118 2527 5167 tamen
2552 5116 2609 5166 et
2629 5128 2874 5167 coronas
2898 5112 3101 5184 justis,
3126 5116 3183 5165 et
3205 5129 3405 5184 pmnas
3433 5114 3582 5183 inju-

1929 5204 2164 5277 stis,qui
2186 5221 2219 5257 a
2238 5208 2555 5273 utrumque
2577 5203 3117 5272 estjustum.Quam
3136 5201 3431 5272 justitiam
3454 5203 3583 5272 ejus

1927 5293 2347 5350 commendans
2380 5290 2548 5345 nobis
2589 5289 2925 5361 Apostplns,
2960 5289 3040 5344 ait
3070 5306 3131 5344 :«
3155 5290 3431 5362 Nunquid
3458 5290 3576 5344 ini-

1932 5409 1952 5432 «ι
1989 5400 2142 5455 quus
2174 5382 2346 5448 Deus,
2374 5379 2469 5450 qui
2496 5379 2667 5434 infert
2691 5379 2883 5433 iram?
2906 5378 3130 5433 Absit.»
3156 5380 3225 5433 Et
3246 5379 3383 5450 quia
3406 5380 3578 5435 modo

1925 5473 2200 5528 omnibus
2232 5473 2517 5542 praerogat
2568 5467 2932 5539 patientiam,
2960 5473 3023 5522 ut
3063 5472 3475 5523 convertantur
3504 5469 3575 5524 ad

1924 5560 2349 5635 pwnitentiam,
2376 5562 2433 5612 et
2453 5556 2548 5627 qui
2582 5559 2846 5629 pereunt,
2874 5574 2979 5611 suo
3010 5560 3350 5626 contemptu
3382 5562 3440 5612 et
3467 5558 3576 5613 du-

1924 5653 2060 5708 ritia
2087 5652 2355 5724 pereunt,
2388 5646 2527 5719 quia
2556 5649 2781 5701 tantam
2814 5644 2915 5701 Dei
2946 5644 3292 5718 patientiam
3323 5650 3579 5704 contem-

1921 5746 2186 5823 pserunt,
2212 5740 2427 5798 iterum
2449 5736 2562 5796 alio
2582 5734 2709 5793 loco
2730 5733 2874 5791 dicit
2895 5750 2949 5792 :«
2968 5736 3055 5793 An
3088 5734 3324 5795 divitias
3354 5736 3578 5801 bonita-
