3900 6378
272 503 349 563 99
1487 493 1891 557 AMUIDNIS
1936 482 2185 554 EPISC.
2235 487 2463 556 LUGD.

3567 486 3686 551 100

274 658 303 689 ‹‹
333 638 411 692 tis
441 641 498 692 et
528 634 820 708 patientia:
844 636 901 687 et
930 628 1398 701 longanimitatis
1419 630 1547 701 ejus
1570 627 1920 696 contemnis,
1951 625 2009 695 Α
2038 627 2312 683 nationis.
2338 628 2463 683 Non
2496 625 2653 685 enim
2676 624 3052 699 prmdestinat
3078 622 3253 691 Deus,
3278 623 3392 680 nisi
3413 640 3540 697 quae
3562 623 3689 697 ipse

276 749 297 775 α
332 725 607 798 ignorans
629 720 908 793 quoniam
942 716 1277 789 benignitas
1299 716 1401 773 Dei
1423 717 1494 772 ad
1518 716 1924 789 paenitentiam

274 836 303 864 «
335 818 390 869 te
421 810 730 868 adducit.»
762 808 1103 865 Secundum
1137 805 1417 862 duritiam
1440 809 1639 862 autem
1670 823 1839 861 suam
1871 809 1929 861 et

270 919 369 957 cor
398 898 791 971 impaenitens,
822 896 1184 952 thesaurizat
1213 894 1326 951 sibi
1358 895 1507 950 iram
1538 896 1598 951 in
1631 894 1724 950 die
1744 894 1841 949 irae
1869 898 1928 950 et

268 985 634 1044 revelationis
656 986 806 1056 justi
839 982 1051 1057 judicii
1084 983 1210 1049 Dei,
1243 982 1343 1054 qui
1376 983 1578 1038 reddet
1608 981 1926 1053 unicuique

267 1077 590 1132 secundum
610 1092 785 1147 opera
801 1091 928 1129 sua.
945 1073 1091 1128 Hinc
1110 1072 1285 1127 etiam
1305 1071 1421 1127 alia
1438 1072 1741 1144 Scriptura
1757 1074 1928 1126 testa-

262 1171 380 1233 tur,
408 1166 607 1220 dicens
632 1182 681 1219 ;‹‹
706 1166 861 1220 Deus
895 1166 1143 1219 mortem
1167 1179 1282 1216 non
1306 1162 1461 1231 fecit,
1487 1178 1592 1216 nec
1616 1161 1845 1215 laetatur
1866 1160 1924 1213 in

266 1276 295 1303 ‹‹
328 1253 926 1327 perditioncvivorum
943 1270 957 1306 :
973 1251 1140 1323 impii
1160 1256 1353 1306 autem
1374 1250 1651 1306 manibus
1667 1254 1724 1305 et
1736 1250 1927 1305 verbis

263 1365 293 1392 ‹‹
327 1342 724 1399 accersierunt
743 1342 1001 1408 illam,et
1021 1341 1380 1397 aestimantes
1405 1341 1655 1396 amicam
1679 1340 1924 1394 deﬂexe-

261 1454 293 1480 «
329 1437 467 1488 runt
486 1436 543 1487 et
558 1431 907 1505 sponsiones
924 1434 1249 1504 posuerunt
1265 1431 1338 1485 ad
1357 1430 1828 1502 illam,quoniam
1848 1429 1928 1484 di-

256 1543 293 1573 ‹‹
325 1522 426 1596 gni
456 1526 595 1577 sunt
617 1521 717 1593 qui
742 1521 861 1575 sint
880 1537 949 1576 ex
978 1523 1141 1592 parte
1170 1519 1386 1574 illius.»
1417 1519 1541 1575 Non
1572 1536 1709 1592 ergo
1735 1517 1927 1574 omni-

252 1616 468 1683 potens
490 1611 645 1666 Deus
662 1608 766 1665 ulli
790 1608 1097 1664 hominum
1122 1626 1303 1665 causa
1322 1609 1527 1663 mortis
1543 1607 1630 1663 vel
1649 1607 1925 1681 perditio-

253 1699 356 1754 nis
379 1699 604 1767 existit;
630 1699 731 1754 sed
759 1698 948 1770 ipsam
973 1702 1223 1752 mortem
1248 1702 1306 1752 et
1330 1697 1723 1769 perditionem
1745 1696 1928 1751 mani-

253 1789 375 1843 bus
408 1793 467 1843 et
485 1788 678 1844 verbis
701 1786 815 1860 ipsi
838 1787 1004 1859 impii
1039 1786 1149 1841 sibi
1183 1791 1516 1856 accersunt,
1553 1786 1694 1841 dum
1728 1786 1929 1858 nequi-

253 1882 353 1933 ter
370 1877 685 1949 operando,
711 1880 770 1931 et
791 1875 1044 1948 nequius
1066 1874 1198 1931 aliis
1221 1876 1546 1943 suadendo,
1572 1879 1631 1929 et
1654 1874 1767 1929 sibi
1789 1880 1845 1930 et
1864 1874 1927 1929 il-

250 1965 333 2022 lis
357 1966 794 2021 damnationem
814 1965 1147 2031 adducunt;
1176 1964 1318 2019 dum
1337 1966 1491 2019 viam
1512 1963 1845 2035 iniquitatis
1869 1968 1925 2019 et

254 2054 604 2128 perditionis
635 2060 923 2121 amantes,
959 2072 992 2108 a
1036 2057 1190 2109 recto
1238 2054 1445 2108 itinere
1495 2054 1832 2120 deflectunt,
1868 2057 1925 2108 ct

255 2144 333 2200 ad
357 2149 695 2216 perpetuam
721 2143 1183 2209 damnationem,
1200 2146 1484 2213 tanquam
1509 2142 1663 2196 datis
1690 2141 1843 2195 inter
1863 2158 1925 2196 se

264 2232 513 2303 dextris,
547 2232 672 2303 pari
724 2248 1015 2287 consensu
1066 2230 1360 2301 nequitiae,
1394 2230 1562 2301 quasi
1612 2247 1680 2285 ex
1710 2234 1838 2284 voto
1870 2233 1927 2284 et

263 2319 587 2394 sponsione
611 2318 916 2384 festinant,
940 2317 1202 2372 fmderati
1228 2317 1435 2371 mortis
1456 2320 1514 2371 et
1533 2317 1662 2370 vita:
1697 2320 1923 2372 (eterna:

257 2408 488 2466 inimici
515 2424 527 2461 :
555 2406 666 2478 ipsi
693 2407 1019 2462 secundum
1041 2405 1319 2459 duritiam
1343 2421 1513 2459 suam
1535 2408 1591 2459 et
1607 2421 1705 2458 cor
1726 2404 1925 2476 impae-

259 2497 480 2564 nitens,
503 2494 909 2550 thesaurizant
940 2493 1054 2548 sibi
1079 2492 1228 2547 iram
1259 2491 1317 2546 in
1341 2491 1434 2547 die
1460 2492 1578 2547 ira»
1607 2493 1668 2547 In
1694 2509 1809 2563 qua
1829 2491 1921 2546 die

250 2584 403 2658 justi
422 2583 631 2656 judicii
658 2582 782 2648 Dei,
806 2581 945 2654 quia
967 2581 1375 2651 unusquisque
1396 2580 1722 2635 secundum
1747 2596 1923 2652 opera

260 2691 371 2731 sua
404 2673 628 2745 recipit,
664 2689 834 2727 nemo
867 2688 935 2725 ex
967 2668 1066 2725 Dei
1098 2668 1457 2740 prmjudicio,
1484 2670 1581 2723 sed
1614 2686 1681 2723 ex
1715 2669 1920 2724 merito

261 2761 497 2835 proprio
528 2760 878 2832 iniquitatis,
904 2759 1345 2813 condemnatur.
1373 2758 1496 2812 Non
1523 2758 1679 2812 enim
1704 2758 1799 2812 ille
1824 2757 1923 2812 ali-

261 2868 438 2924 quem
461 2847 898 2925 prcedestinavit
918 2850 984 2902 ut
1006 2846 1197 2902 malus
1219 2851 1394 2917 esset,
1410 2847 1509 2901 sed
1535 2864 1664 2902 vere
1684 2863 1918 2902 omnem

263 2939 487 2996 malum
520 2936 953 3011 praedestinavit
977 2940 1039 2990 ut
1067 2934 1399 3007 impunitus
1433 2953 1549 2990 non
1576 2941 1751 2991 esset.
1774 2936 1921 3000 Quia

263 3034 321 3085 et
343 3044 707 3101 unaquaeque
736 3025 827 3081 lex
849 3026 1013 3096 justa
1036 3025 1255 3079 crimen
1291 3043 1406 3079 non
1432 3025 1628 3096 jubet,
1652 3043 1721 3080 ne
1742 3025 1819 3080 sit
1839 3026 1923 3080 in-

256 3120 441 3190 justa,
467 3122 523 3173 et
540 3122 734 3171 tamen
759 3113 1143 3169 criminosum
1178 3113 1367 3185 punit,
1396 3119 1459 3168 ut
1479 3130 1609 3169 vere
1631 3116 1702 3170 sit
1730 3116 1915 3185 justa.

264 3207 373 3274 Qui
417 3222 553 3279 ergo
583 3204 745 3272 dicit,
778 3203 934 3275 quod
987 3202 1044 3256 hi
1077 3202 1178 3275 qui
1231 3206 1476 3273 pereunt
1522 3204 1916 3275 praedestinati

264 3300 405 3353 sunt
436 3295 506 3349 ad
537 3292 944 3366 perditionem,
976 3296 1032 3346 et
1058 3291 1186 3346 ideo
1220 3290 1389 3346 aliter
1416 3293 1644 3347 evenire
1675 3310 1789 3348 non
1824 3310 1916 3365 po-

261 3390 407 3453 test;
441 3362 711 3438 siniiliter
736 3396 971 3452 quoque
1001 3384 1058 3435 et
1085 3381 1156 3435 de
1178 3380 1381 3451 justis,
1409 3384 1688 3451 tanquam
1719 3386 1776 3435 et
1808 3362 1917 3452 ipsi
1949 3362 1992 3429 C

264 3474 394 3528 ideo
427 3469 745 3536 salvantur,
769 3469 906 3540 quia
938 3468 1335 3540 prmdestinati
1373 3471 1443 3524 ad
1477 3470 1724 3525 salutem
1761 3469 1920 3525 aliud

264 3578 393 3618 esse
425 3576 538 3615 non
561 3562 894 3631 potuerunt.
920 3557 1027 3624 Qui
1050 3574 1186 3630 ergo
1208 3557 1328 3613 haec
1352 3562 1471 3613 tam
1495 3559 1736 3613 confuse
1761 3562 1817 3614 et
1841 3559 1923 3613 in-

265 3649 444 3718 sulse,
460 3653 518 3704 et
542 3647 659 3703 illis
682 3647 835 3703 tollit
855 3647 1130 3702 meritum
1150 3647 1568 3713 damnationis,
1586 3652 1641 3703 et
1656 3648 1785 3704 istis
1808 3665 1921 3704 mo-

265 3739 445 3794 ritum
466 3737 674 3793 salutis
699 3754 711 3792 :
739 3755 805 3792 ac
827 3754 930 3808 per
960 3736 1068 3791 hoc
1094 3735 1233 3808 quid
1258 3735 1418 3791 aliud
1452 3737 1590 3809 agit,
1626 3738 1737 3792 nisi
1771 3742 1835 3793 ut
1866 3743 1923 3793 et

265 3827 649 3901 pereuntibus
670 3827 993 3881 secundum
1016 3825 1183 3880 illum
1203 3824 1281 3881 sit
1304 3826 1582 3896 imposita
1604 3826 1924 3883 necessitas

267 3915 631 3990 perditionis,
647 3919 704 3970 et
728 3915 818 3970 bis
841 3914 939 3986 qui
968 3914 1269 3970 salvantur
1285 3914 1361 3969 sit
1383 3914 1657 3986 imposita
1679 3916 1925 3972 necessi-

267 4010 360 4061 tas
384 4004 632 4061 salutis?
654 4007 828 4076 atque
852 4005 980 4059 ideo
1004 4022 1107 4059 nec
1138 4003 1220 4057 illi
1245 4004 1405 4075 juste
1427 4006 1799 4074 damnentur,
1823 4004 1923 4078 qui

259 4094 408 4166 justi
439 4110 566 4151 esse
600 4111 712 4148 non
745 4096 1082 4165 potuerunt,
1107 4110 1212 4148 nec
1240 4092 1335 4148 isti
1360 4094 1523 4164 juste
1554 4111 1924 4149 remuneren-

268 4190 383 4253 tur,
419 4183 519 4256 qui
552 4182 712 4239 aliud
746 4200 921 4255 quam
971 4184 1110 4253 justi
1143 4199 1272 4237 esse
1323 4183 1727 4254 nequiverunt,
1764 4188 1831 4239 ut
1863 4184 1921 4239 in

269 4279 518 4346 utraque
543 4278 706 4345 parte
736 4278 794 4327 et
823 4272 1070 4343 perditio
1092 4276 1148 4327 et
1171 4271 1332 4326 salus
1364 4289 1478 4327 non
1501 4272 1579 4328 sit
1609 4290 1676 4328 cx
1696 4272 1922 4344 judicio

266 4363 513 4435 propria:
546 4360 814 4429 actionis,
840 4361 939 4416 sed
966 4378 1033 4415 ex
1058 4360 1394 4433 thDjlldlClO
1418 4360 1623 4416 divina:
1656 4363 1924 4434 praeordi-

267 4451 563 4508 nationis?
585 4452 654 4506 Et
685 4451 785 4505 ubi
819 4450 929 4505 erit
961 4449 1105 4505 illud
1132 4466 1144 4504 :
1174 4473 1200 4499 ‹‹
1232 4449 1339 4515 Qui
1376 4450 1578 4505 reddet
1606 4450 1924 4522 unicuique

270 4564 298 4591 ‹‹
330 4541 657 4597 secundum
710 4557 884 4611 opera
933 4542 1134 4595 sua?»
1174 4539 1243 4594 Et
1292 4538 1594 4595 iterumza
1644 4539 1921 4612 Nunquid

271 4629 571 4702 «iniquus
611 4629 768 4684 Deus
812 4628 912 4700 qui
966 4628 1141 4683 infert
1196 4627 1390 4683 iram?
1438 4628 1623 4684 Absit.
1651 4618 1678 4678 ἦ
1710 4631 1923 4701 Aperte

2037 716 2298 771 facturus
2328 721 2419 772 est
2447 732 2459 770 :
2495 715 2727 788 prmscit
2743 730 2876 770 vero
2907 712 3095 769 multa
3115 730 3241 785 qua:
3272 713 3397 786 ipse
3428 713 3690 769 facturus

2036 823 2153 860 non
2180 809 2288 872 est,
2312 806 2465 861 sicut
2484 805 2684 861 omnia
2707 803 2881 873 mala,
2906 820 3034 875 quae
3060 802 3264 875 utique
3285 801 3424 858 mali
3446 802 3691 871 faciunt,

2038 912 2153 951 non
2185 894 2303 950 ille.
2338 895 2503 967 Ipsos
2531 911 2764 967 quoque
2796 892 2985 949 malos
3015 910 3132 949 non
3163 892 3293 948 ideo
3322 890 3532 966 perire,
3554 891 3692 965 quia

2037 983 2173 1039 boni
2205 1001 2334 1039 esse
2367 1001 2481 1039 non
2515 987 2833 1056 potuerunt
2858 1000 2871 1039 :
2898 984 2999 1039 sed
3023 982 3164 1054 quia
3191 981 3327 1037 boni
3351 998 3478 1037 esse
3498 980 3691 1036 nolue-

2036 1078 2198 1142 runt,
2223 1078 2279 1128 et
2309 1090 2416 1129 suo
2448 1073 2587 1128 vitio
2620 1073 2741 1128 visa
2771 1073 2867 1127 ira:
2901 1076 3038 1144 apta
3068 1072 3128 1126 in
3160 1070 3463 1126 interitum
3495 1086 3688 1142 persc-

2034 1168 2398 1231 veraverunt,
2429 1166 2485 1217 et
2514 1162 2573 1218 in
2608 1180 2808 1218 massa
2837 1159 3255 1229 damnationis,
3277 1159 3366 1216 vel
3397 1159 3690 1233 originali-

2035 1251 2123 1308 vel
2156 1252 2371 1308 actuali
2422 1252 2629 1307 merito
2670 1253 3139 1323 permanserunt.
3174 1251 3237 1305 In
3270 1247 3438 1305 bonis
3470 1252 3684 1317 autem,

2036 1342 2409 1414 omnipotens
2441 1342 2616 1408 Deus,
2648 1341 2804 1397 sicut
2848 1356 3029 1413 supra
3058 1339 3203 1396 satis
3250 1343 3550 1394 ostensum
3576 1341 3684 1405 est,

2038 1433 2357 1500 utrumque
2388 1428 2676 1501 prmscivit
2705 1433 2762 1483 et
2791 1427 3248 1500 praedestinavit,
3274 1430 3339 1481 ut
3368 1432 3426 1481 et
3454 1426 3514 1481 in
3544 1442 3685 1497 prae-

2037 1516 2191 1572 senti
2226 1516 2343 1571 vita
2373 1532 2476 1588 per
2507 1531 2677 1571 suam
2709 1514 2959 1587 gratiam
3000 1515 3312 1571 existerent
3352 1514 3511 1583 boni,
3544 1518 3601 1569 et
3626 1512 3688 1569 in

2036 1606 2235 1661 futura
2265 1605 2442 1661 etiam
2475 1606 2649 1661 beati.
2672 1605 2988 1676 Utriusque
3017 1603 3175 1660 enim
3205 1602 3341 1659 boni
3374 1619 3596 1672 eorum,
3628 1602 3688 1657 id

2037 1700 2146 1764 est,
2179 1694 2483 1766 prmscntis
2515 1699 2571 1749 et
2602 1694 2804 1760 futuri,
2832 1693 2959 1766 ipse
3003 1696 3093 1749 est
3134 1696 3360 1759 auctor,
3388 1696 3448 1748 et
3476 1691 3689 1747 idcirco

2037 1784 2164 1840 sine
2196 1783 2374 1840 dubio
2406 1785 2715 1855 utriusque
2736 1782 3123 1855 praecognitor
3142 1786 3199 1837 et
3227 1781 3687 1855 praedestinator.

2038 1876 2225 1939 Quare
2257 1878 2312 1929 et
2344 1874 2455 1945 ipsi
2483 1890 2549 1929 ex
2574 1873 2785 1944 seipsis
2811 1890 2926 1928 non
2950 1856 3140 1927 solum
3163 1871 3320 1927 aliud
3343 1887 3470 1927 esse
3491 1874 3689 1944 potue-
3748 1918 3752 1922 .

2038 1969 2193 2031 runt,
2212 1964 2311 2018 sed
2335 1963 2510 2018 etiam
2535 1962 2694 2017 aliud
2720 1963 2959 2017 fuerunt
2975 1965 3286 2033 antequam
3311 1977 3414 2033 per
3433 1977 3567 2015 eum
3588 1958 3691 2031 qui

2028 2052 2317 2122 justiticat
2350 2050 2621 2124 impium,
2647 2068 2716 2106 cx
2748 2050 2944 2123 impiis
2967 2049 3115 2121 justi
3146 2049 3534 2104 efficerentur.
3560 2048 3690 2104 Sive

2037 2145 2232 2196 autem
2266 2141 2326 2195 in
2360 2140 2475 2196 illis
2507 2140 2607 2212 qui
2658 2138 2979 2205 salvantur,
3013 2135 3132 2191 sive
3180 2135 3240 2189 in
3292 2134 3411 2191 illis
3457 2138 3560 2209 qui
3593 2154 3692 2209 pe-

2035 2233 2227 2296 reunt,
2250 2229 2522 2284 voluntas
2552 2227 2789 2300 propria
2812 2228 3241 2295 remuneratur,
3263 2223 3534 2280 voluntas
3565 2243 3697 2299 pro-

2034 2315 2160 2385 pria
2190 2316 2525 2372 damnatur.
2561 2317 2672 2372 Sed
2717 2315 2777 2369 in
2822 2314 2961 2381 illis,
2994 2312 3135 2384 quia
3163 2329 3268 2384 per
3294 2313 3545 2386 gratiam
3578 2314 3697 2372 Do-

2033 2403 2177 2457 mini
2210 2404 2528 2461 Salvatoris
2558 2409 2648 2460 est
2679 2407 2906 2471 sanata,
2936 2406 3001 2457 ut
3027 2418 3098 2457 ex
3126 2400 3283 2458 mala
3306 2405 3363 2458 et
3391 2420 3569 2475 prava
3598 2404 3697 2460 ﬁe-

2033 2496 2121 2547 ret
2149 2492 2302 2548 bona
2332 2498 2390 2548 et
2420 2498 2598 2561 recta,
2621 2497 2709 2548 est
2739 2490 2941 2565 procul
2965 2490 3142 2547 dubio
3167 2490 3513 2563 dignissime
3536 2509 3697 2548 coro-

2032 2584 2167 2637 nata
2196 2598 2207 2636 :
2232 2580 2292 2635 in
2327 2581 2459 2637 istis
2485 2586 2706 2647 autem,
2732 2579 2873 2653 quia
2898 2598 3011 2636 non
3038 2580 3360 2652 acquiescit
3379 2597 3482 2653 per
3500 2580 3696 2637 Salva-

2032 2676 2215 2725 torem
2249 2671 2502 2743 recipere
2534 2671 2870 2739 sanitatem,
2896 2669 3235 2741 justissime
3282 2685 3385 2742 per
3414 2671 3688 2726 eumdem

2022 2759 2286 2832 judicem
2310 2760 2519 2815 sentiet
2543 2764 2885 2831 perpetuam
2909 2759 3368 2814 damnationem.
3384 2759 3453 2813 Et
3472 2759 3580 2815 hoc
3596 2765 3690 2815 est

2030 2850 2279 2905 breviter
2308 2853 2517 2917 totum,
2543 2850 2699 2920 quod
2745 2849 2816 2903 de
2863 2847 3044 2903 libero
3076 2846 3317 2903 arbitrio
3337 2847 3509 2919 juxta
3537 2850 3684 2903 veri-

2030 2943 2205 2994 tatem
2238 2938 2537 2994 catholica)
2592 2937 2726 2993 fidei
2756 2941 2845 2993 est
2874 2937 3215 2992 tenendum.
3244 2938 3411 3003 Quod
3462 2937 3687 2993 scilicet

2029 3045 2263 3083 omnem
2293 3027 2592 3082 hominem
2638 3026 2804 3082 liberi
2855 3026 3079 3082 arbitrii
3126 3026 3457 3083 condiderit
3505 3028 3679 3083 Deus.

2030 3118 2141 3174 Sed
2173 3117 2312 3189 quia
2342 3132 2445 3187 per
2474 3133 2659 3172 unum
2690 3115 2987 3172 hominem
3021 3120 3323 3187 peccatum
3355 3115 3588 3171 intravit
3620 3117 3679 3170 in

2029 3207 2343 3274 mundum,
2375 3210 2431 3261 et
2470 3223 2572 3277 per
2618 3210 2920 3277 peccatum
2972 3222 3155 3272 mors,
3186 3210 3243 3260 et
3274 3206 3353 3260 ita
3385 3205 3443 3260 in
3476 3222 3681 3261 omnes

2032 3297 2298 3351 homines
2332 3295 2688 3367 pertransiit,
2712 3294 2771 3348 in
2794 3311 2908 3366 quo
2932 3312 3137 3350 omnes
3160 3298 3575 3366 peccaverunt:
3602 3296 3686 3350 ita

2034 3386 2188 3441 istud
2240 3384 2491 3439 liberum
2541 3383 2871 3451 arbitrium,
2905 3383 2964 3437 in
2998 3384 3269 3439 universo
3317 3401 3524 3457 genere
3569 3383 3682 3438 hu-

2033 3491 2229 3541 mano,
2251 3473 2390 3528 illus
2424 3471 2915 3545 przevaricationis
2948 3471 3456 3541 merito,vitiatum
3480 3476 3535 3527 et
3556 3489 3682 3528 cor-

2033 3567 2298 3636 ruptum,
2318 3561 2402 3616 ita
2432 3562 2785 3617 obcaecatum
2819 3563 2908 3615 est
2937 3564 2993 3618 et
3020 3560 3405 3630 infirmatum,
3433 3566 3496 3616 ut
3525 3563 3685 3617 suffi-

2032 3652 2147 3709 ciat
2167 3649 2391 3706 homini
2415 3651 2487 3706 ad
2511 3649 2661 3706 male
2683 3651 3000 3723 agendum,
3022 3650 3078 3705 id
3102 3655 3209 3720 est,
3231 3652 3301 3706 ad
3326 3651 3554 3706 ruinam
3579 3650 3687 3705 ini-

2032 3740 2294 3813 quitatis,
2318 3743 2375 3794 et
2403 3739 2473 3794 ad
2506 3738 2614 3794 hoc
2659 3738 2851 3795 solum
2883 3738 3070 3811 possit
3114 3756 3244 3796 esse
3290 3739 3576 3795 liberum:
3609 3740 3683 3795 ad

2033 3831 2180 3884 bene
2210 3828 2527 3900 agendum,
2548 3826 2606 3882 id
2633 3832 2742 3896 est,
2767 3828 2839 3883 ad
2875 3828 3212 3884 exercitium
3235 3828 3466 3885 virtutis
3485 3832 3543 3884 et
3562 3828 3683 3883 fru-

2032 3922 2192 3972 ctum
2226 3916 2361 3973 boni
2394 3916 2607 3989 operis,
2633 3916 2795 3972 nullo
2846 3918 3020 3973 modo
3050 3921 3323 3991 assurgat
3368 3923 3425 3974 et
3469 3934 3685 3974 conva-

2033 4007 2231 4074 lescat,
2266 4006 2378 4060 nisi
2408 4023 2511 4078 per
2542 4006 2711 4061 {idem
2742 4005 2920 4061 unius
2942 4006 3282 4062 mediatoris
3304 4006 3404 4062 Dei
3424 4010 3481 4062 et
3501 4006 3687 4062 homi-

2035 4113 2175 4151 num
2200 4095 2457 4151 hominis
2479 4094 2693 4150 Christi
2718 4096 2878 4164 Jesu,
2904 4100 2961 4151 et
2981 4097 3200 4152 donum
3224 4096 3477 4168 Spiritus
3498 4095 3683 4151 sancti

2032 4186 2412 4252 instauratur,
2449 4183 2815 4240 illuminetur
2846 4190 3020 4257 atque
3060 4189 3299 4241 sanetur
3332 4201 3344 4239 :
3379 4184 3530 4241 sicut
3557 4183 3684 4256 ipse

2034 4274 2298 4333 Salvator
2327 4274 2385 4329 in
2431 4273 2741 4346 Evangelio
2792 4272 3099 4346 promittit,
3152 4274 3352 4330 dicens
3385 4290 3397 4329 :
3427 4274 3533 4329 «Si
3581 4290 3682 4329 vos

2037 4388 2064 4415 ‹‹
2100 4364 2280 4420 Filius
2312 4362 2663 4430 liberaverit,
2690 4367 2830 4418 tunc
2851 4380 2982 4418 vere
3002 4362 3170 4419 liberi
3193 4362 3376 4419 eritis.
3399 4386 3426 4415 ››
3451 4364 3521 4419 Et
3538 4366 3683 4435 Apo-

2033 4452 2222 4511 stolus
2252 4452 2335 4507 ait
2377 4469 2387 4507 :
2417 4474 2445 4501 ‹‹
2466 4450 2575 4507 Ubi
2599 4451 2853 4524 Spiritus
2884 4452 3142 4521 Domini,
3172 4451 3234 4507 ili
3267 4452 3576 4508 libertas.»
3615 4452 3686 4508 Ut

2033 4561 2136 4617 per
2165 4542 2317 4598 hanc
2349 4541 2597 4614 gratiam
2619 4541 2834 4597 Christi
2865 4546 2923 4596 et
2953 4542 3198 4613 spiritus
3222 4540 3457 4611 Christi,
3480 4541 3686 4598 huma-

2034 4649 2177 4688 num
2210 4630 2460 4686 liberum
2505 4629 2813 4686 arbitrium
2854 4629 3252 4687 illuminatum
3295 4636 3470 4703 atque
3506 4648 3684 4686 sana-

267 4736 522 4790 namque
553 4735 731 4774 causa
763 4717 1110 4790 perditionis
1163 4717 1398 4773 illorum
1432 4718 1532 4789 qui
1584 4724 1830 4790 pereunt
1859 4719 1917 4774 in
1953 4735 2001 4799 Ι)
2034 4727 2183 4793 tum,
2207 4720 2361 4775 dicat
2382 4718 2686 4792 gratulans
2709 4717 2852 4774 illud
2880 4718 3200 4776 Psalmistaz
3226 4737 3238 4775 :
3267 4742 3295 4771 ‹‹
3317 4720 3599 4776 Dominus
3622 4719 3686 4773 il~

266 4809 451 4864 Deum
486 4808 753 4875 refertur,
788 4807 835 4862 si
870 4806 996 4878 ipse
1026 4824 1124 4861 eos
1153 4806 1235 4861 ita
1266 4808 1338 4862 ad
1372 4807 1675 4862 interitum
1709 4811 1921 4880 praede-

268 4896 527 4964 stinavit,
552 4900 615 4951 ut
645 4896 807 4951 aliud
830 4913 957 4950 esse
984 4914 1097 4950 non
1132 4900 1390 4967 possent.
1412 4897 1575 4961 Quod
1599 4898 1815 4953 sentire
1838 4903 1922 4957 vel

268 4986 458 5041 dicere
482 4985 782 5041 horribilis
805 4985 1418 5056 blasphemiaest.Sed
1444 4986 1715 5041 Ecclesia:
1733 4991 1923 5046 catho-

268 5074 388 5131 licae
423 5076 587 5141 ﬁdes,
614 5076 786 5145 cujus
810 5074 911 5128 lilii
933 5079 992 5133 ,et
1017 5079 1332 5129 sectatores
1363 5092 1491 5129 esse
1523 5075 1823 5146 debemus,
1846 5079 1926 5137 ita

271 5165 437 5220 nobis
469 5164 807 5219 ﬁrmissime
853 5165 1168 5219 tenendum
1220 5163 1503 5233 insinuat,
1539 5170 1603 5220 ut
1653 5169 1926 5238 superius

260 5255 429 5325 juxta
462 5253 773 5324 Scriptura:
808 5258 1020 5309 sancta:
1052 5254 1455 5309 auctoritatem
1489 5255 1742 5311 breviter
1770 5257 1924 5312 desi-

269 5342 598 5416 gnavimus.
623 5342 1395 5414 Videlicetomnipotentem
1432 5345 1635 5413 Deum,
1662 5346 1719 5400 in
1753 5346 1924 5404 malis

267 5432 532 5504 ipsorum
566 5433 851 5489 malitiam
886 5434 1207 5506 prmscisse,
1234 5434 1371 5504 quia
1394 5435 1627 5506 cxipsis
1657 5442 1772 5505 est;
1808 5455 1922 5493 non

270 5522 966 5594 prazdestinasse,quiaex
992 5522 1089 5577 illo
1113 5540 1226 5577 non
1252 5529 1339 5578 est
1360 5540 1371 5577 :
1396 5542 1625 5594 pmnam
1648 5543 1780 5581 vero
1804 5526 1927 5582 illo-

272 5624 401 5663 rum
437 5614 493 5662 et
524 5612 845 5679 prmscissc,
870 5613 1009 5684 quia
1043 5613 1195 5667 Deus
1226 5618 1332 5679 est,
1369 5619 1426 5668 et
1458 5616 1923 5687 praedestinasse,

275 5693 413 5767 quia
434 5696 634 5763 justus
661 5703 784 5753 est:
812 5706 875 5755 ut
895 5707 951 5755 et
981 5701 1038 5757 in
1072 5700 1187 5756 illis
1210 5702 1286 5757 sit
1306 5703 1584 5758 meritum
1616 5721 1735 5760 suae
1766 5705 1928 5762 dam-

278 5780 557 5852 nationis,
588 5786 645 5837 et
675 5783 734 5839 in
765 5785 863 5845 illo
894 5792 1154 5866 potestas
1175 5796 1231 5848 et
1257 5790 1545 5863 judicium
1569 5793 1746 5869 justac
1768 5795 1928 5855 dam-

2038 4834 2064 4862 ‹‹
2092 4809 2402 4865 luminatio
2426 4826 2557 4865 mea
2586 4812 2642 4864 et
2671 4808 2832 4864 salus
2865 4826 3014 4877 mea,
3040 4826 3214 4881 quem
3238 4808 3493 4865 timebo?
3516 4832 3544 4860 «
3576 4808 3682 4875 Qui

2034 4901 2215 4972 igitur
2244 4899 2395 4954 hanc
2415 4899 2661 4971 gratiam
2695 4897 2982 4953 libertatis
3009 4898 3268 4971 accipere
3289 4899 3598 4963 desiderat,
3621 4902 3686 4953 ut

2036 4992 2106 5045 ad
2142 4991 2285 5045 bene
2320 4994 2377 5044 et
2411 4990 2503 5062 pie
2522 4988 2833 5043 vivendum
2854 4989 3134 5043 veraciter
3154 4988 3303 5044 liber
3325 4989 3444 5056 fiat,
3471 5006 3582 5043 non
3614 4988 3684 5043 de

2035 5080 2160 5137 suis
2180 5080 2403 5133 viribus
2420 5082 2755 5149 przesumat,
2772 5079 2870 5132 sed
2896 5078 2976 5132 illi
3002 5095 3064 5133 se
3088 5077 3335 5134 fideliter
3353 5078 3683 5134 sanandum

2036 5169 2651 5239 corroborandumque
2695 5168 3046 5232 committat,
3071 5167 3142 5222 de
3172 5185 3288 5239 quo
3338 5166 3491 5223 idem
3526 5165 3683 5221 Psal-

2038 5260 2214 5315 mista
2242 5258 2419 5313 dicit:
2448 5281 2467 5304 «
2495 5258 2659 5327 Apud
2683 5257 2998 5311 Dominum
3040 5274 3280 5328 gressus
3311 5256 3567 5313 hominis
3598 5256 3683 5311 di-

2039 5372 2066 5397 ‹‹
2100 5349 2362 5419 rigentur
2382 5351 2438 5401 et
2459 5346 2608 5401 viam
2639 5346 2766 5416 ejus
2794 5345 2977 5400 volet:
3010 5369 3030 5393 »
3060 5346 3346 5418 illumque
3368 5349 3492 5401 oret
3511 5349 3687 5417 atque

2034 5438 2325 5510 supplicet
2354 5435 2591 5491 dicens:
2622 5459 2647 5484 ‹‹
2672 5435 2920 5490 Gressus
2953 5452 3112 5489 meos
3146 5434 3329 5507 dirige
3361 5435 3686 5490 secundum

2038 5553 2065 5578 ‹‹
2097 5527 2398 5599 eloquium
2446 5530 2637 5591 tuum,
2681 5528 2737 5578 et
2784 5541 2898 5578 non
2947 5522 3284 5579 dominetur
3331 5523 3445 5578 mei
3494 5523 3688 5580 omnis

2038 5643 2066 5671 ‹‹
2099 5615 2411 5689 injustitia.
2437 5638 2463 5664 ››
2491 5615 2558 5669 Et
2588 5614 2798 5670 iterum
2830 5631 2842 5669 :
2872 5636 2899 5663 ‹‹
2935 5613 3132 5669 Deduc
3181 5630 3293 5681 me,
3327 5613 3595 5682 Domine,
3626 5612 3687 5668 in

2039 5732 2066 5759 ‹‹
2095 5708 2189 5763 via
2218 5711 2339 5779 tua,
2372 5710 2430 5763 et
2473 5703 2770 5779 ingrediar
2811 5704 2871 5761 in
2902 5703 3142 5763 veritate
3174 5706 3347 5777 tua,»
3380 5707 3439 5762 et
3484 5708 3691 5763 cetera

2034 5796 2275 5856 similia.
