3900 6376
164 477 272 540 {Ol

943 479 1045 544 DE
1089 476 1650 548 PII/ESCIENTIA'
1683 487 1811 548 DEI
1856 481 1959 550 ET
2005 485 2787 556 PRAEDESTINATIONE.

3466 484 3581 556 402

163 620 3580 650 ____________________________________________________

1407 739 2134 833 OPUSCULUM
2201 745 2324 834 ll.

221 885 296 941 De
322 888 503 957 gratia
531 895 583 942 et
606 889 955 958 praericntz’a
986 889 1101 956 Dci,
1137 889 1306 962 deque
1332 891 1816 968 praedamnatione
1838 901 1890 949 et
1919 895 2090 968 libero
2120 895 2374 964 arbitrio,
2407 896 2474 951 de
2502 913 2596 968 spe
2647 899 2775 952 item
2824 914 2888 952 ac
2935 897 3141 968 ﬁducia
3187 898 3406 968 salutis,
3438 907 3490 955 et
3516 899 3583 955 de

1451 967 1719 1020 sententia
1747 967 1926 1022 sancti
1955 966 2266 1037 Augustini.

155 1083 540 1156 (Opusrulum
575 1084 756 1139 hocin
775 1087 952 1140 veteri
973 1087 1170 1142 codice
1194 1088 1497 1144 Amulonis
1517 1088 1839 1161 Epistolam
1858 1091 2258 1162 subsequitur,
2281 1093 2406 1146 sine
2427 1090 2617 1160 titulo,
2634 1097 2710 1158 et,
2728 1097 2788 1147 ut
2807 1098 3065 1166 apparet,
3087 1094 3212 1150 sine
3238 1096 3582 1168 principio.)

227 1331 488 1388 Gratiam
526 1334 722 1406 itaque
753 1336 851 1391 Dei
885 1336 1120 1392 credere
1141 1338 1444 1409 debemus,
1469 1358 1587 1413 qua
1608 1341 1810 1398 huma—
1836 1342 1892 1408 Α
1922 1345 2144 1397 certum
2175 1358 2486 1396 numerum
2521 1345 2857 1398 sanctorum
2881 1345 3317 1401 suorum.Unde
3335 1347 3580 1419 mystice

159 1439 298 1478 num
321 1440 532 1495 genus,
552 1425 731 1480 nullis
749 1426 876 1482 suis
897 1425 1067 1482 bonis
1084 1428 1308 1484 meritis
1325 1431 1810 1502 przecedentibus,

159 1510 282 1566 sola
310 1511 412 1567 Dei
445 1513 702 1586 gratuita
733 1515 993 1571 bonitate
1023 1519 1079 1570 et
1109 1517 1513 1574 misericordia
1554 1517 1816 1574 salvatur

158 1616 259 1672 per
279 1617 466 1657 unum
491 1603 876 1659 mediatorcm
895 1603 998 1660 Dei
1017 1610 1074 1660 et
1098 1605 1404 1662 hominum
1428 1607 1460 1664 J
1467 1625 1632 1663 esum
1655 1607 1813 1664 Chri-

157 1693 335 1744 stum.
369 1691 558 1757 Quam
591 1692 842 1764 gratiam
874 1695 1251 1751 commendat
1281 1695 1406 1768 ipse
1437 1695 1724 1753 Dominus
1751 1697 1811 1752 in

155 1777 467 1852 Evangelio
491 1779 729 1836 dicens:
759 1803 788 1831 «
809 1781 981 1837 Venit
1002 1782 1160 1838 enim
1185 1783 1368 1839 Filius
1389 1784 1646 1842 hominis
1663 1801 1814 1856 quae-

159 1887 188 1917 ‹‹
221 1885 344 1924 rere
375 1872 434 1924 et
477 1869 702 1925 salvum
758 1870 947 1926 facere
997 1873 1166 1943 quod'
1199 1873 1468 1944 perierat.
1506 1898 1533 1924 υ
1569 1875 1724 1929 Hanc
1755 1879 1814 1930 et

153 1957 471 2029 Apostolus
502 1959 782 2032 praedicat
813 1959 1052 2016 dicens:
1082 1983 1108 2011 ‹‹
1137 1961 1208 2017 Ut
1226 1962 1414 2034 gratia
1436 1963 1536 2018 Dei
1561 1981 1662 2036 pro
1681 1981 1811 2020 om-

159 2069 184 2094 u
217 2045 394 2102 nibus
425 2051 690 2118 gustaret
715 2052 1033 2104 mortem.»
1059 2051 1128 2104 Et
1155 2051 1292 2106 alibi
1320 2067 1332 2104 :
1363 2073 1389 2101 «
1415 2051 1568 2108 Deus
1589 2057 1807 2119 autem,

157 2156 185 2184 «
215 2135 316 2206 qui
349 2135 513 2192 dives
538 2140 627 2192 est
648 2137 707 2192 in
731 2137 1152 2207 misericordia,
1163 2145 1398 2212 propter
1418 2141 1662 2197 nimiam
1681 2141 1814 2198 cha-

157 2245 185 2274 «
216 2224 452 2280 ritatem
485 2241 678 2290 suam,
711 2242 827 2298 qua
875 2225 1078 2283 dilexit
1125 2245 1252 2298 nos,
1285 2233 1342 2284 et
1371 2246 1506 2285 cum
1545 2247 1813 2287 essemus

157 2335 184 2362 ‹‹
215 2313 437 2370 mortui
465 2315 736 2386 peccatis,
757 2315 1179 2372 conviviﬁcavit
1201 2335 1306 2374 nos
1331 2318 1582 2374 Christo.
1603 2342 1632 2369 »
1653 2320 1814 2376 Hanc

153 2403 451 2476 signiﬁcat
479 2406 862 2478 gratiam,ubi
885 2406 1027 2462 dicit
1057 2407 1330 2464 ﬁdelibus
1353 2425 1366 2464 :
1393 2431 1422 2460 α
1445 2409 1644 2465 Gratia
1665 2408 1811 2465 salvi

158 2515 186 2544 «
217 2492 352 2549 facti
385 2493 530 2550 estis
560 2512 664 2566 per
710 2494 907 2562 ﬁdem,
943 2500 1000 2550 et
1047 2495 1156 2552 hoc
1209 2513 1326 2552 non
1372 2515 1442 2552 ex
1487 2497 1674 2554 vobis.
1709 2497 1810 2553 Dei

159 2573 376 2638 «'enim
407 2583 630 2637 donum
661 2585 770 2639 est.
803 2605 831 2633 »
858 2583 920 2638 Id
942 2588 1464 2656 cst,utrumque,et
1489 2587 1643 2658 quod
1667 2585 1811 2642 salvi

156 2670 287 2780 facti
315 2670 478 2738 estis,
495 2676 552 2726 et
569 2672 723 2743 quod
748 2689 852 2744 per
876 2672 1050 2742 ﬁdem
1074 2672 1281 2728 salvati
1305 2690 1317 2728 :
1341 2678 1397 2729 et
1415 2673 1576 2730 salus
1595 2679 1808 2745 vestra,
1840 2716 1888 2780 B

155 2763 211 2813 et
245 2759 388 2814 ﬁdes
420 2761 746 2816 vestra.Pcr
775 2761 928 2816 hanc
957 2761 1229 2832 gratiam,
1264 2763 1320 2816 id
1353 2767 1460 2832 est,
1485 2763 1810 2836 gratuitum

153 2849 373 2904 donum
407 2849 802 2918 suum,trahit
827 2854 976 2904 Deus
1001 2850 1168 2905 Pater
1187 2867 1336 2922 quos
1355 2851 1482 2907 vult
1501 2853 1572 2908 ad
1597 2852 1810 2907 Filium

151 2954 350 2992 suum.
374 2937 581 2993 Trahit
601 2942 817 3004 autem,
834 2954 950 2992 non
973 2938 1340 3007 necessitate,
1357 2940 1456 2994 sed
1479 2939 1811 2996 delectabili

149 3024 448 3080 voluntate
477 3029 534 3081 et
564 3041 762 3080 amore
787 3041 800 3078 :
827 3023 982 3080 sicut
1012 3024 1136 3096 ipse
1163 3023 1346 3080 Filius
1367 3025 1553 3080 dixit:
1579 3047 1607 3075 «
1629 3031 1810 3082 Nemo

151 3136 179 3164 ‹‹
211 3118 408 3186 potest
433 3113 630 3169 venire
656 3113 730 3168 ad
766 3129 880 3180 me,
915 3112 1028 3167 nisi
1065 3112 1359 3184 Pater,qui
1393 3113 1556 3169 misit
1578 3119 1810 3179 me,tra-

153 3224 173 3250 α
207 3201 357 3258 xerit
387 3217 544 3256 eum.
581 3223 608 3251 ››
643 3200 850 3256 Trahit
881 3199 1117 3254 eosdem
1151 3204 1209 3254 et
1239 3199 1366 3272 ipse
1397 3199 1580 3256 Filius
1622 3201 1694 3255 ad
1727 3219 1808 3269 se,

147 3290 304 3346 sicut
335 3291 465 3362 ipse
495 3288 676 3344 dicit:
707 3289 828 3344 «Et
857 3305 963 3361 ego
997 3288 1044 3342 si
1077 3287 1366 3344 exaltatus
1399 3289 1560 3344 fuero
1584 3294 1811 3360 atcrra,

155 3403 175 3430 α
211 3379 419 3436 omnia
451 3377 680 3434 traham
713 3378 786 3432 ad
820 3377 1133 3450 mcipsum.
1173 3401 1193 3426 υ
1228 3379 1386 3433 llanc
1426 3378 1723 3452 accipiunt
1753 3380 1811 3434 in

151 3467 452 3540 baptismo
483 3467 806 3540 regenerati
840 3467 1062 3539 parvuli
1095 3471 1152 3522 et
1182 3468 1521 3538 majores,ct
1553 3469 1814 3542 quotidie

155 3556 361 3613 ﬁdeles
393 3555 454 3611 in
485 3555 645 3612 omni
677 3557 957 3629 cogitatu,
981 3561 1038 3612 et
1059 3573 1251 3628 Opere,
1273 3561 1329 3612 et
1349 3573 1617 3614 sermone
1639 3559 1811 3614 bono.

157 3646 515 3702 Exhortatur
543 3645 827 3714 videlicet,
863 3647 1016 3718 quod
1051 3647 1270 3701 bonum
1301 3650 1391 3702 est
1419 3646 1762 3720 inspirando
1796 3665 1810 3704 :

154 3737 467 3791 conﬁrmat
494 3752 649 3805 vero,
683 3736 838 3808 quod
860 3734 1233 3806 inspiraverit
1255 3736 1817 3792 conscrvando.Nul-

151 3822 275 3879 lum
309 3829 402 3881 est
439 3824 597 3880 enim
648 3825 905 3881 hominis
955 3826 1197 3893 bonum,
1231 3827 1385 3897 quod
1440 3844 1555 3882 non
1608 3825 1684 3882 sit
1719 3827 1811 3882 Dei

149 3913 392 3969 donum.
429 3913 536 3969 Per
566 3913 719 3969 hanc
751 3914 1002 3986 gratiam
1035 3915 1228 3984 nobis,
1253 3915 1433 3971 etiam
1467 3915 1817 3987 quotidiana

149 4007 389 4074 peccata
421 4002 728 4058 humiliter
765 4003 1182 4058 conﬁtentibus
1230 4009 1289 4059 et
1337 4003 1813 4075 supplicantibus

149 4091 557 4160 remittuntur,
592 4095 846 4148 testante
879 4092 1047 4148 beato
1078 4095 1304 4148 Joanne
1333 4091 1617 4164 apostolo,
1642 4097 1704 4147 et
1719 4091 1804 4146 di-
1839 4079 1882 4144 C

147 4183 311 4237 conte
335 4197 386 4236 :«
413 4179 474 4238 Si
507 4181 893 4236 conﬁtcamur
923 4186 1163 4253 peccata
1193 4185 1412 4245 nostra,
1441 4180 1629 4236 ﬁdelis
1650 4185 1816 4236 estet

153 4291 174 4319 α
201 4271 426 4342 justus,
459 4273 526 4326 ut
559 4271 822 4326 remittat
848 4270 1022 4326 nobis
1054 4275 1376 4342 peccata,et
1404 4271 1684 4326 emundct
1706 4287 1812 4326 nos

152 4381 179 4409 (ι
210 4360 281 4415 ab
314 4359 478 4416 omni
511 4358 847 4432 iniqnitate.
883 4381 910 4409 »

219 4448 654 4506 Praascicntiam
687 4465 920 4521 quoque
954 4447 1054 4505 Dei
1087 4449 1320 4504 credere
1352 4449 1656 4517 debemus,
1695 4466 1812 4520 qua

150 4538 306 4594 omni
338 4539 398 4594 in
422 4541 640 4594 aeterna
657 4537 905 4594 scientia
923 4555 1030 4594 sua
1051 4537 1364 4609 praescivit,
1379 4541 1435 4594 et
1455 4537 1810 4610 prtecognita

149 4626 198 4680 ei
220 4631 361 4684 sunt
375 4643 744 4700 quascunque
763 4627 962 4682 futura
979 4631 1146 4684 sunt:
1164 4643 1276 4681 non
1301 4626 1493 4682 solum
1514 4627 1668 4682 bona
1681 4643 1810 4698 quae

149 4714 270 4787 ipse
299 4717 437 4773 facit
465 4720 526 4772 et
556 4721 894 4773 remunerat
925 4716 984 4771 in
1019 4715 1276 4784 suis,sed
1305 4715 1482 4772 etiam
1505 4715 1661 4771 mala
1683 4733 1810 4788 quae

147 4801 272 4875 ipse
303 4822 418 4861 non
472 4803 632 4876 facit,
665 4806 766 4861 sed
818 4809 1048 4860 tantum
1091 4805 1324 4876 judicat
1367 4807 1424 4858 et
1467 4804 1713 4860 damnat
1749 4803 1810 4860 in

150 4889 377 4948 alienis.
413 4891 581 4948 Unde
607 4897 664 4948 et
695 4892 1001 4965 Scriptura
1025 4891 1202 4948 dicit:
1235 4916 1255 4942 α
1283 4891 1389 4956 Qui
1424 4892 1579 4948 nosti
1611 4893 1811 4948 omnia

153 5001 180 5028 ‹‹
211 4986 527 5054 antequam
560 4983 725 5037 ﬁant.
761 5003 789 5032 »
827 4983 913 5037 Ita
945 4998 1198 5053 namque
1231 4981 1290 5036 in
1322 4981 1652 5036 illatetcrna
1674 5000 1814 5054 prte-

151 5068 414 5139 scientia,
447 5071 498 5126 ei
533 5067 888 5126 mternaliter
917 5075 974 5126 et
1007 5069 1572 5126 incommutabiliter
1610 5072 1810 5127 omnia

152 5160 506 5231 prmeognita
538 5165 702 5227 sunt,
733 5160 886 5216 sicut
916 5160 1156 5216 omnino
1181 5161 1376 5214 futura
1397 5163 1556 5216 sunt.
1584 5161 1651 5214 Et
1673 5160 1810 5231 quia

153 5246 454 5304 verissime
485 5253 542 5305 et
571 5249 899 5305 certissime
934 5247 1489 5322 praescivit,omnino
1512 5247 1593 5304 ita
1616 5254 1808 5316 erunt,

155 5335 305 5392 sicut
322 5355 388 5392 ea
406 5337 713 5410 praescivit.
730 5339 809 5393 De
826 5355 940 5410 qua
963 5337 1328 5410 prmscientia
1349 5339 1476 5409 ejus
1498 5337 1809 5411 Apostolus

157 5423 326 5480 dicit:
356 5448 382 5474 ‹‹
416 5427 560 5482 Nam
592 5445 740 5498 quos
775 5426 1062 5499 praeseivit
1099 5430 1156 5480 et
1206 5427 1640 5498 praedestinavit
1671 5443 1807 5480 eon-
1839 5448 1885 5512 Ι)

160 5512 187 5560 «ἱ
209 5513 423 5569 formes
439 5515 561 5570 ﬁeri
579 5513 852 5588 imaginis
869 5514 994 5569 Filii
1009 5514 1158 5570 sui.»
1177 5515 1807 5570 Praescivitcredituros

155 5603 210 5656 et
240 5619 352 5657 non
385 5605 742 5671 credituros;
764 5603 1051 5676 praescivit
1083 5603 1138 5658 in
1174 5604 1286 5657 lide
1312 5607 1801 5674 perseveraturos,

153 5693 208 5746 et
227 5707 340 5747 non
365 5698 869 5764 perseveraturos;
893 5692 1182 5764 praescivit
1200 5693 1257 5746 in
1277 5691 1393 5748 vita
1415 5695 1630 5748 aeterna
1655 5693 1804 5748 futu-

153 5795 266 5854 ros,
299 5785 356 5838 et
383 5781 444 5838 in
485 5781 616 5856 igne
666 5787 882 5841 aeterno
929 5798 1187 5840 arsuros.
1223 5779 1515 5840 Praescivit
1561 5797 1697 5861 ergo
1747 5785 1804 5842 et

1924 1430 1982 1484 in
2018 1430 2250 1486 Psalmo
2281 1431 2513 1486 canitur
2544 1447 2558 1484 :
2593 1453 2621 1480 «
2655 1431 2762 1498 Qui
2814 1437 3088 1488 numerat
3133 1433 3578 1491 multitudinem

1926 1519 2312 1589 «stellarum,
2366 1524 2423 1576 et
2473 1520 2750 1577 omnibus
2800 1521 2885 1576 eis
2937 1521 3178 1577 nomina
3217 1527 3402 1579 vocat.
3436 1545 3465 1574 »
3511 1525 3583 1581 Et

1920 1608 2236 1681 Apostolus
2271 1626 2284 1664 :
2322 1631 2350 1659 «
2379 1608 2548 1667 Novit
2579 1609 2867 1666 Dominus
2899 1610 3000 1683 qui
3034 1615 3175 1666 sunt
3206 1612 3357 1684 ejus.
3391 1634 3420 1662 ››

1993 1697 2288 1754 Debemus
2319 1698 2497 1754 etiam
2529 1699 2764 1755 credere
2795 1699 3371 1772 praadestinationem
3395 1705 3452 1758 et
3474 1700 3585 1758 ele-

1922 1785 2173 1841 ctionem
2206 1791 2545 1842 sanctorum
2578 1805 2596 1841 :
2629 1787 2770 1859 quia
2801 1805 2922 1856 eos,
2956 1805 3106 1860 quos
3136 1787 3426 1862 praescivit
3475 1807 3585 1846 sua

1921 1874 2108 1947 gratia
2139 1874 2450 1932 salvandos
2471 1879 2527 1931 ct
2547 1875 2903 1944 liberandos,
2921 1875 3441 1948 praedestinavitﬁd
3467 1882 3582 1947 est,

1923 1963 2350 2035 preeordinavit,
2376 1969 2434 2020 et
2463 1963 2656 2036 elegit,
2673 1964 2730 2020 id
2755 1969 2863 2032 est,
2881 1982 2915 2020 a
2935 1982 3134 2021 massa
3154 1967 3501 2038 perditionis
3525 1971 3584 2023 et

1921 2053 2196 2107 societate
2215 2053 2600 2124 reproborum
2620 2053 2912 2122 discrevit,
2929 2057 2994 2108 ut
3011 2055 3139 2125 ejus
3163 2054 3354 2126 gratia
3375 2055 3583 2111 ﬁerent

1920 2157 2061 2195 vasa
2090 2141 2526 2209 misericordiae,
2561 2159 2690 2213 qum
2722 2143 3070 2214 praeparavit
3094 2141 3152 2197 in
3177 2141 3582 2216 gloriam.Non

1921 2229 2118 2300 itaque
2148 2229 2364 2285 idcirco
2395 2248 2496 2285 eos
2521 2231 2958 2302 przedestinavit
2987 2235 3044 2287 et
3075 2231 3423 2304 elegit,quia
3443 2250 3585 2306 pree-

1921 2317 2091 2372 scivit
2119 2335 2218 2373 eos
2249 2335 2317 2372 ex
2348 2318 2683 2391 semetipsis
2707 2319 2906 2390 justos
2938 2320 3208 2376 futuros:
3244 2321 3348 2376 sed
3381 2321 3581 2392 potius

1921 2407 1995 2462 ad
2026 2406 2134 2462 hoc
2167 2423 2266 2462 eos
2295 2407 2586 2482 praescivit
2616 2411 2674 2462 et
2703 2407 3159 2480 praedestinavit,
3186 2412 3252 2462 ut
3273 2425 3374 2464 eos
3396 2409 3583 2482 gratis

1923 2513 2030 2552 sua
2059 2495 2248 2568 gratia
2267 2497 2646 2568 justiﬁcaret.
2681 2497 2845 2564 Quod
2899 2499 3091 2552 totum
3141 2496 3226 2552 ita
3271 2497 3584 2570 Apostolus

1921 2589 2170 2641 testatur
2196 2585 2396 2642 dicens
2421 2602 2432 2641 :
2463 2586 2659 2641 «Nam
2691 2602 2840 2658 quos
2871 2585 3162 2659 praescivit
3191 2590 3248 2642 et
3277 2586 3582 2660 praedesti-

1925 2695 1952 2724 «
1981 2673 2167 2744 navit,
2195 2697 2216 2722 ιο
2253 2679 2362 2729 etc.
2384 2675 2496 2728 lloe
2519 2673 2716 2746 itaque
2737 2675 2822 2730 eis
2843 2675 3115 2747 praestitit
3141 2675 3507 2748 praescientia
3526 2680 3584 2731 et

1919 2762 2354 2834 prmdestinatio
2373 2763 2494 2830 Dei,
2512 2767 2578 2818 ut
2596 2765 2801 2818 ﬁerent
2816 2764 2972 2834 quod
2990 2781 3104 2819 non
3121 2768 3310 2831 erant,
3329 2763 3386 2819 id
3401 2768 3588 2834 est,ut

1921 2851 2127 2906 ﬁerent
2147 2852 2476 2906 conformes
2490 2850 2768 2922 imaginis
2786 2850 2914 2906 Filii
2928 2851 3108 2918 sui,et
3119 2855 3468 2908 vocarentur
3481 2868 3579 2908 vo-

1921 2939 2148 2994 catione
2176 2956 2291 2993 non
2327 2939 2511 2994 solius
2536 2938 2696 2993 vocis
2713 2937 3102 3006 exterius,sed
3118 2942 3175 2993 et
3186 2937 3583 3011 gratiaeinspi-

1922 3026 2108 3081 rantis
2139 3031 2196 3081 et
2227 3026 2560 3100 adjuvantis
2581 3025 2988 3082 interius.llaec
3017 3027 3454 3098 praadestinatio
3476 3027 3582 3084 Dei

1921 3113 2252 3186 appellatur
2281 3131 2708 3186 nonnunquam
2741 3113 3108 3186 propositum
3149 3115 3273 3183 Dei,
3308 3115 3470 3171 sicut
3495 3117 3581 3171 ait

1920 3201 2986 3274 Apostolus:«Scimusenim,quonam
3000 3203 3380 3276 diligentibus
3394 3204 3578 3260 Deum

1926 3315 1953 3342 ι(
1987 3291 2186 3347 omnia
2217 3295 2605 3364 cooperantur
2632 3291 2690 3346 in
2724 3292 2944 3348 bonum
2978 3287 3091 3361 his,
3116 3292 3215 3365 qui
3250 3294 3576 3350 secundum

1929 3403 1950 3428 σι
1987 3379 2354 3452 propositum
2385 3379 2572 3434 vocati
2605 3383 2748 3435 sunt
2768 3379 2980 3435 sancti.
3003 3403 3028 3431 υ
3051 3380 3132 3436 De
3154 3380 3262 3436 hoc
3283 3383 3582 3455 proposito

1923 3473 1982 3524 et
2009 3468 2217 3540 gratia,
2251 3472 2386 3524 ante
2409 3469 2615 3524 mundi
2637 3467 3141 3538 constitutionem,
3157 3474 3293 3525 ante
3317 3475 3584 3542 tempora

1923 3562 2141 3612 mterna
2171 3557 2394 3613 sanctis
2425 3557 2716 3630 promissa
2745 3562 2804 3614 et
2851 3557 3086 3626 donata,
3121 3557 3336 3614 iterum
3385 3558 3530 3614 dicit
3563 3576 3578 3616 :

1927 3666 1955 3695 «
1991 3645 2051 3700 In
2083 3661 2249 3717 spem
2272 3644 2398 3700 vita:
2417 3648 2850 3718 aaternze,quam
2870 3645 3258 3718 promisitqui
3283 3665 3398 3702 non
3423 3664 3584 3704 men-

1929 3757 1951 3783 ι
1986 3733 2131 3788 titur
2159 3734 2314 3790 Deus
2345 3739 2478 3790 ante
2519 3739 2784 3806 tempora
2827 3733 3152 3804 saecularia,
3186 3735 3586 3792 manifestavit

1927 3847 1955 3874 «
1987 3827 2182 3880 autem
2218 3823 2582 3895 temporibus
2615 3822 2740 3878 suis
2768 3823 3012 3878 verbum
3045 3840 3288 3878 suum.»
3310 3825 3379 3879 Et
3398 3823 3538 3880 alibi
3565 3841 3578 3880 :

1929 3935 1950 3962 ι
1985 3913 2321 3968 Secundum
2345 3913 2620 3968 virtutem
2649 3911 2879 3983 Dei,qui
2905 3929 3010 3966 nos
3037 3909 3325 3979 liberavit,
3341 3915 3398 3966 et
3420 3929 3585 3968 voca-

1927 4023 1954 4050 ‹‹
1985 4001 2068 4056 vit
2096 4000 2394 4055 vocatione
2445 4016 2555 4055 sua
2603 4003 2828 4067 sancta,
2864 4015 2979 4054 non
3031 3998 3358 4054 secundum
3405 4016 3583 4073 opera

1927 4112 1948 4138 α
1983 4087 2311 4156 nostra,sed
2325 4087 2544 4144 secund
2555 4104 2650 4142 um
2667 4087 3032 4158 propositum
3047 4103 3224 4143 suum
3237 4091 3294 4144 et
3305 4087 3578 4160 gratiam,

1927 4198 1949 4228 ι
1986 4195 2112 4250 qua:
2146 4176 2284 4230 data
2316 4180 2405 4231 est
2435 4175 2604 4231 nobis
2635 4175 2696 4230 in
2727 4171 2960 4231 Christo
2987 4175 3294 4246 Jesu,ante
3313 4179 3580 4248 tempora

1925 4289 1952 4314 ‹‹
1985 4262 2314 4333 saecularia,
2348 4264 2721 4320 manifestata
2751 4268 2842 4320 est
2868 4268 3065 4320 autem
3099 4281 3280 4334 nunc,
3317 4281 3422 4338 per
3448 4264 3582 4322 illu-
3610 4260 3616 4265 ’

1927 4377 1947 4404 ιι
1985 4353 2364 4410 minationcm
2399 4353 2716 4410 Salvatoris
2747 4353 2930 4410 nostri
2972 4354 3114 4410 Jesu
3165 4353 3404 4411 Christi.
3436 4376 3464 4405 »
3498 4355 3580 4412 De

1921 4461 2038 4516 qua
2067 4443 2372 4500 vocatione
2402 4441 2628 4498 dictum
2659 4449 2750 4498 est
2775 4461 2786 4498 :
2816 4465 2844 4494 ‹‹
2877 4444 3015 4499 Sine
3047 4443 3390 4516 pmnitentia
3419 4443 3578 4499 enim

1923 4557 1952 4584 «
1983 4538 2143 4601 sunt,
2178 4555 2205 4582 »
2241 4533 2297 4588 id
2333 4537 2442 4600 est,
2475 4532 2602 4588 sine
2641 4532 2986 4598 mutatione,
3023 4554 3050 4581 ‹‹
3086 4532 3242 4588 dona
3271 4536 3330 4588 et
3357 4531 3580 4588 vocatio

1923 4646 1951 4674 ‹‹
1984 4625 2108 4680 Dei.
2143 4645 2172 4674 »
2210 4623 2454 4696 Oportet
2482 4622 2678 4694 itaque
2707 4624 2772 4676 ut
2793 4619 3334 4691 credamus,ipsum
3357 4620 3578 4674 bonum

1921 4712 2372 4787 perseverantia:
2403 4716 2766 4779 sanctorum,
2799 4727 2914 4765 non
2959 4707 3152 4764 solum
3199 4710 3442 4779 donum,
3477 4710 3578 4765 sed

1919 4804 2096 4858 etiam
2121 4818 2406 4875 magnum
2422 4805 2478 4856 et
2496 4800 2788 4874 przecipue
2803 4799 3195 4855 necessariam
3214 4799 3314 4855 Dei
3332 4799 3573 4855 donum.

1919 4891 2067 4958 Quid
2092 4891 2251 4947 enim
2286 4891 2524 4963 prodest
2554 4889 2612 4943 in
2640 4889 2734 4944 his
2765 4887 2934 4944 bonis
2965 4904 3093 4943 esse
3123 4887 3388 4960 coepisse,
3421 4891 3479 4942 et
3508 4905 3576 4944 ea

1919 4983 2053 5036 ante
2085 4980 2258 5034 ﬁnem
2291 4979 2420 5034 vitm
2453 4977 2538 5033 vel
2569 4977 2628 5032 in
2663 4979 2838 5032 ﬁnem
2875 4976 3241 5048 perdidisse?

1990 5069 2230 5140 Oportet
2269 5068 2448 5124 etiam
2501 5071 2563 5122 ut
2611 5067 2942 5134 credamus,
2979 5065 3198 5120 liberus
3247 5071 3305 5122 et
3354 5071 3575 5122 rectum

1917 5156 2240 5212 voluntatis
2265 5155 2677 5222 arbitrium,ab
2710 5153 2878 5209 initio
2901 5153 3124 5210 homini
3149 5171 3184 5210 a
3206 5155 3322 5210 Deo
3343 5159 3578 5210 natura-

1919 5245 2052 5301 liter
2083 5245 2350 5312 insitum,
2373 5245 2455 5298 ita
2470 5244 2672 5314 primm
2697 5242 3192 5316 praevaricationis
3217 5244 3424 5298 merito
3445 5259 3574 5300 esse

1917 5335 2208 5400 vitiatum,
2236 5333 2598 5388 inﬁrmatum
2631 5337 2688 5386 et
2707 5333 3102 5403 depravatem,
3129 5337 3194 5386 ut
3215 5332 3286 5386 ad
3312 5349 3571 5388 amorem

1917 5424 2179 5478 veritatis
2209 5421 2532 5494 etjustitize
2565 5438 2874 5494 assurgere
2907 5437 3020 5474 non
3069 5419 3275 5492 possit,
3308 5420 3421 5475 nisi
3473 5437 3574 5493 per

1917 5513 2136 5567 donum
2172 5511 2386 5566 Christi
2425 5510 2598 5565 fuerit
2627 5510 2966 5575 excitatum,
2991 5514 3290 5576 sanatum,
3325 5527 3390 5565 ac
3411 5527 3574 5583 vege-

1916 5605 2039 5657 tatu
2051 5618 2102 5654 m
2117 5605 2192 5664 ,et
2213 5619 2246 5653 a
2265 5617 2384 5654 suae
2417 5598 2720 5672 pravitatis
2742 5597 2880 5654 vitio
2904 5597 3388 5654 liberatum.llinc
3411 5599 3568 5655 enim

1915 5690 2217 5762 Scriptura
2246 5687 2426 5744 dicit:
2465 5687 2741 5743 «Creavit
2789 5687 2943 5743 Deus
2993 5686 3294 5744 hominem
3345 5692 3570 5746 rectum

1917 5803 1946 5835 ς(
1975 5783 2032 5837 et
2063 5779 2186 5856 ipse
2211 5795 2273 5836 se
2293 5776 2542 5835 inﬁnitis
2567 5777 2808 5834 miscuit
2829 5775 3276 5858 quaestionibus.
3301 5797 3330 5832 »
3353 5777 3423 5836 Et
3437 5784 3572 5856 post
