3900 6394
385 423 499 487 10⁸7

1601 401 2005 467 AMULONIS
2049 399 2295 463 EPISC.
2345 403 2573 464 LUGD.

3693 398 3825 460 {08

380 559 444 614 et
472 550 902 625 multiplicibus
932 544 1190 620 praedicti
1224 543 1408 598 Patris
1439 537 1937 611 disputationibus
1960 536 2037 590 fa-
2062 532 2124 602 Α
2153 554 2182 585 ‹‹
2214 536 2382 607 (Psal.
2420 540 2610 605 Lxxn).
2637 558 2663 585 ››
2698 537 3023 591 Audiamus
3054 535 3253 606 itaque
3285 532 3551 600 ﬁdeliter,
3582 536 3645 588 et
3675 532 3819 588 dili-

385 647 576 719 getur,
594 638 684 696 vel
712 637 891 694 etiam
924 633 1320 707 profunditate
1349 647 1415 686 ac
1446 625 1825 701 perplexitate
1853 626 2037 680 tanta-

386 712 520 790 rum
542 727 935 802 quaestionum
957 724 1321 778 deterreatur
1342 722 1444 774 aut
1465 717 1857 791 perturbetur,
1878 712 2037 769 brevi

388 816 734 892 compendio
748 815 935 870 discat
953 812 1107 867 unde
1125 811 1301 866 ﬁdem
1320 825 1487 863 suam
1508 805 1758 862 ﬁdeliter
1772 803 2036 869 aediﬁcet,

386 914 446 967 et
476 909 764 965 actionem
788 902 1104 961 salubriter
1132 899 1428 955 informet.
1454 898 1662 952 Sumat
1691 894 1887 964 itaque
1918 891 2040 945 haec

386 999 549 1056 velut
577 995 860 1052 alimenta
906 990 1140 1059 salutis,
1166 993 1224 1044 et
1272 990 1476 1042 utatur
1517 983 1677 1039 velut
1724 978 2041 1053 unguentis

388 1084 730 1152 suavitatis;
752 1085 1044 1156 quatenus
1067 1078 1195 1151 ipso
1213 1094 1324 1132 usu
1348 1072 1581 1147 pietatis
1597 1076 1654 1128 et
1670 1071 1886 1126 devotae
1910 1084 2044 1139 sup-

388 1173 730 1252 plicationis
789 1170 980 1244 magis
1040 1166 1348 1239 magisque
1395 1161 1656 1236 quotidie
1711 1157 2044 1231 experiatur

389 1246 572 1341 quam
587 1262 870 1322 veraciter
884 1258 1159 1317 omnibus
1175 1256 1359 1312 Deum
1384 1250 1631 1307 ﬁdeliter
1646 1246 2044 1322 quaerentibus

386 1337 447 1414 et
468 1352 877 1412 invocantibus
897 1348 1199 1421 Scriptura
1218 1344 1373 1400 dicat
1399 1357 1412 1395 ε
1436 1363 1464 1391 ‹‹
1485 1339 1734 1408 Quaerite
1756 1337 1965 1402 Deum,
1989 1337 2045 1389 et

392 1470 424 1501 ‹‹
452 1446 607 1504 vivet
650 1444 850 1501 anima
894 1444 1088 1497 vestra
1133 1436 1308 1507 (Psul.
1343 1430 1583 1502 vam).)
1610 1451 1637 1479 ››
1663 1429 1734 1483 Et
1779 1426 1993 1481 iterum
2027 1438 2041 1477 :

394 1561 418 1589 ιι
454 1535 706 1606 Quaerite
750 1534 996 1598 bonum,
1047 1533 1104 1584 et
1154 1543 1270 1582 non
1317 1522 1563 1588 malum,
1605 1523 1671 1574 ut
1717 1514 1953 1581 vivatis;
1988 1516 2046 1569 et

392 1653 423 1682 ‹‹
454 1628 566 1686 erit
595 1624 879 1684 Dominus
929 1618 1290 1675 exercituum
1335 1612 1661 1674 vobiscum,
1698 1606 1849 1661 sicut
1898 1603 2045 1657 dixi-

395 1743 418 1771 ι
455 1719 564 1776 stis
596 1716 825 1789 (Amov).
854 1736 881 1763 ››
918 1712 987 1767 Et
1034 1708 1146 1763 alio
1197 1705 1358 1759 loco:
1389 1724 1415 1751 ‹‹
1447 1702 1696 1756 Laetetur
1744 1712 1841 1751 cor
1889 1707 2047 1764 quaa-

393 1832 424 1860 ‹‹
456 1781 713 1865 νρῑιῐίυω
764 1781 1079 1860 Dominum
1127 1800 1181 1866 (Ι
1206 1796 1335 1849 Ραν.
1371 1795 1505 1859 xvx).
1534 1812 1559 1837 ››
1593 1811 1611 1836 ε
1650 1784 1897 1852 Quaerite
1945 1781 2050 1836 Do-

2147 622 2492 697 gentissime
2512 624 2814 680 discamus
2842 624 2901 679 in
2930 624 3024 680 his
3048 622 3413 680 brevissimis
3443 625 3501 678 et
3529 622 3821 678 suavissi-

2147 711 2264 768 mis
2284 713 2610 769 beatissimi
2641 714 2830 769 Patris
2850 713 3048 781 dictis,
3069 712 3340 767 videlicet
3369 711 3509 783 quid
3547 709 3817 767 sentien-

2148 802 2292 856 dum
2322 806 2379 857 et
2405 803 2726 858 tenendum
2776 803 2871 871 sit,
2900 803 3074 873 juxta
3102 801 3493 857 certissimam
3542 799 3684 855 ﬁdei
3718 816 3817 854 ea-

2146 889 2377 943 tholieze
2426 889 2712 962 regulam,
2744 891 2813 945 dc
2852 889 3121 962 originali
3151 889 3365 945 delicto
3411 905 3482 944 ex
3528 888 3725 943 Adam
3757 887 3819 942 in

2150 994 2323 1032 omne
2354 978 2684 1035 humanum
2707 995 2894 1052 genus
2917 978 3236 1046 transfuso,
3262 977 3536 1034 delibero
3564 975 3822 1031 arbitrio

2149 1066 2210 1121 in
2241 1068 2425 1123 Adam
2446 1068 2644 1124 vitiato
2673 1073 2731 1125 et
2759 1087 2862 1141 per
2880 1068 3182 1124 Christum
3213 1066 3587 1134 sanando,de
3618 1063 3824 1138 gratia

2152 1154 2254 1211 Dei
2286 1174 2403 1228 qua
2429 1174 2615 1230 genus
2646 1157 2907 1213 salvatur
2936 1157 3288 1224 humanum,
3322 1156 3394 1211 de
3420 1155 3596 1211 modo
3627 1151 3825 1224 justi-

2151 1244 2244 1300 tiaa
2276 1245 2540 1302 ﬁdelium
2589 1247 2649 1302 in
2699 1242 2808 1302 hac
2838 1246 2976 1313 vita,
3006 1247 3077 1301 de
3127 1244 3377 1300 utilitate
3423 1242 3826 1315 correptionis

2153 1338 2212 1390 et
2259 1334 2703 1402 exhortationis,
2744 1336 2814 1390 de
2863 1333 3392 1407 prsidestinatione,
3423 1330 3710 1388 electione
3766 1335 3827 1385 et

2152 1425 2455 1480 vocatione
2485 1429 2847 1492 sanctorum,
2868 1424 2938 1480 de
2969 1425 3121 1479 dono
3154 1421 3588 1496 perseverantiae
3622 1436 3828 1491 usque

2154 1513 2215 1570 in
2276 1514 2477 1582 ﬁnem,
2509 1531 2625 1587 quo
2685 1513 3019 1587 pervenitur
3075 1513 3147 1568 ad
3208 1514 3429 1569 bonum
3476 1511 3629 1583 quod
3694 1525 3826 1564 non

2155 1602 2332 1658 habet
2381 1603 2578 1658 ﬁnem.
2614 1605 2911 1669 Quantum
2944 1603 3118 1658 etiam
3153 1603 3303 1657 inter
3337 1601 3456 1656 hare
3501 1598 3829 1670 adjuvetur

2157 1691 2314 1764 apud
2347 1692 2551 1761 Deum,
2586 1697 2641 1746 et
2687 1692 2953 1763 proﬁciat
3003 1696 3179 1762 atque
3210 1691 3472 1744 ﬁrmetur
3499 1687 3621 1742 vita
3674 1686 3828 1740 ﬁde-

2155 1780 2301 1836 lium
2353 1781 2741 1849 orationibus,
2772 1779 3179 1851 eleemosynis,
3232 1784 3288 1833 et
3328 1776 3554 1833 caeteris
3602 1772 3829 1830 studiis

394 1922 423 1951 ι(
458 1897 709 1962 minum,
757 1897 814 1948 et
862 1883 1294 1947 conﬁrmamini
1327 1900 1339 1935 ε
1377 1878 1615 1952 quaerite
1664 1873 1871 1930 faciem
1921 1872 2049 1941 ejus
2081 1898 2130 1967 Β
2160 1869 2415 1941 pietatis,
2444 1873 2505 1922 ut
2553 1867 2878 1923 alleventur
2937 1867 3236 1938 prostrati,
3286 1868 3565 1920 curentur
3608 1860 3830 1929 saucii,

399 2010 429 2041 (ι
461 2000 693 2057 semper
715 1982 885 2053 (Psal.
911 1977 1088 2049 etv)»
1115 1976 1376 2044 Itemque
1400 1969 1536 2026 alibi
1569 1968 1692 2038 ipse
1724 1961 2050 2057 Dominus:

399 2099 431 2128 κ
460 2076 532 2132 Et
559 2051 743 2139 ibitis,
769 2068 980 2141 inquit,
1004 2070 1059 2122 et
1089 2061 1332 2119 orabitis
1365 2074 1478 2123 me,
1502 2060 1559 2112 et
1592 2051 1900 2141 exaudiam
1933 2064 2053 2141 vos.

401 2186 434 2216 κ
463 2159 746 2232 Ωιιωιοθιίε
767 2174 882 2226 me,
907 2160 966 2212 et
989 2151 1316 2215 invenietis,
1343 2164 1477 2204 cum
1503 2140 1851 2217 quaesieritis
1881 2154 1975 2194 me
1997 2136 2057 2191 in

415 2275 445 2305 ιι
469 2256 593 2309 toto
641 2249 814 2306 corde
842 2249 1054 2310 vestro,
1090 2245 1145 2298 et
1188 2237 1451 2295 inveniar
1477 2252 1510 2290 a
1539 2232 1725 2301 vobis,
1757 2228 1901 2285 dicit
1948 2226 2058 2282 Do-

414 2362 443 2393 «
475 2338 677 2396 minus
706 2337 836 2407 (Jer.
868 2333 1042 2403 xxxx).
1072 2354 1093 2379 ιι
1123 2327 1433 2398 Quoniam,
1465 2328 1529 2379 ut
1576 2318 1890 2377 Psalmista
1929 2316 2010 2372 ait
2043 2329 2057 2368 :

417 2450 440 2480 ι
476 2442 657 2501 prope
675 2405 767 2481 est
795 2421 1082 2480 Dominus
1104 2416 1381 2473 omnibus
1405 2409 1812 2468 invocantibus
1832 2422 1968 2463 eum
2001 2405 2059 2460 in

415 2540 443 2567 α
473 2495 716 2572 veritate
743 2515 858 2583 (Ps.
888 2511 1094 2576 cxmv).
1120 2531 1144 2557 n
1169 2504 1335 2561 Absit
1364 2503 1521 2558 enim
1555 2504 1621 2555 ut
1650 2499 1851 2553 doctor
1882 2495 2063 2568 pieta-

411 2607 489 2663 tis
518 2604 650 2661 ideo
678 2602 934 2675 aliquem
980 2600 1051 2655 ad
1091 2595 1519 2652 haesitationem
1551 2588 1638 2644 vel
1671 2585 2059 2643 difﬁdentiam

412 2692 711 2767 impellam
753 2691 1039 2756 videatur,
1083 2685 1221 2759 quia
1258 2684 1436 2755 juxta
1483 2678 1795 2767 Scriptura
1846 2678 2061 2731 sancta

409 2762 588 2840 fidem
619 2798 826 2839 omnes
846 2780 1031 2846 docet,
1056 2790 1262 2832 omnes
1288 2772 1580 2837 hortatur,
1605 2784 1721 2822 non
1745 2765 1805 2821 in
1827 2762 2061 2836 seipsis,

407 2873 512 2929 sed
542 2872 602 2941 in
636 2871 754 2927 Deo
781 2884 946 2942 spem
977 2880 1217 2939 ponere;
1240 2877 1374 2918 cum
1396 2857 1680 2931 scriptum
1712 2855 1791 2911 sit
1809 2871 1823 2909 :
1842 2875 1869 2905 ‹‹
1892 2852 2064 2910 Male-

410 2984 441 3014 ‹‹
472 2961 667 3018 dictus
696 2959 874 3016 homo
901 2956 1000 3030 qui
1025 2970 1190 3028 spem
1213 2966 1381 3007 suam
1400 2947 1567 3022 ponit
1586 2946 1646 3001 in
1669 2944 1908 3000 homine
1930 2943 2060 3015 (Jer.

412 3072 441 3102 α
470 3052 640 3122 xvn);
663 3070 691 3099 »
724 3052 784 3105 et
810 3056 948 3120 post
974 3058 1197 3118 pauca:
1226 3062 1255 3091 ‹‹
1276 3038 1403 3095 Erit
1432 3035 1600 3110 quasi
1634 3034 1868 3107 myricae
1891 3033 1950 3087 in
1971 3031 2065 3087 de-

413 3162 441 3192 ‹‹
471 3120 646 3209 serto,
668 3142 728 3195 et
756 3153 872 3193 non
892 3133 1113 3191 videbit
1138 3147 1272 3188 cum
1295 3128 1519 3185 venerit
1545 3127 1766 3181 bonum
1801 3120 2006 3194 (Ibid).
2031 3142 2060 3171 »

406 3230 450 3286 Ε
482 3227 774 3286 contrario
805 3230 1001 3282 autem
1027 3239 1039 3277 :
1068 3246 1095 3273 ‹‹
1120 3220 1468 3277 Benedictus
1490 3217 1576 3270 vir
1607 3214 1706 3286 qui
1740 3212 1982 3267 conﬁdit
2002 3211 2061 3266 in

410 3341 439 3372 κ
472 3317 741 3385 Domino,
756 3320 815 3372 et
835 3314 947 3370 erit
963 3310 1248 3367 Dominus
1272 3307 1486 3363 ﬁducia
1506 3307 1653 3376 ejus.
1673 3303 1742 3358 Et
1763 3302 1873 3357 erit
1894 3298 2062 3372 quasi

413 3432 436 3459 α
472 3407 704 3480 lignum
726 3403 883 3476 quod
905 3398 1373 3471 transplantatur
1393 3411 1570 3467 super
1591 3409 1795 3464 aquas,
1811 3391 1965 3480 quod
1989 3389 2062 3460 ad

411 3519 442 3550 ιι
472 3477 783 3553 humorem
814 3489 997 3546 mittit
1034 3486 1260 3544 radices
1300 3501 1438 3542 suas
1462 3481 1665 3553 (Ibid),
1692 3501 1720 3530 »
1754 3484 1864 3535 etc.
1899 3477 2089 3541 Unde,

408 3590 467 3643 et
493 3584 554 3641 in
584 3581 814 3656 psalmo
843 3578 1075 3636 canitur
1100 3593 1112 3632 :
1138 3598 1166 3627 «
1190 3573 1335 3631 Mihi
1381 3576 1577 3628 autem
1623 3569 1918 3626 adhaerere
1947 3567 2065 3624 Deo

412 3695 439 3731 ι
472 3674 696 3731 bonum
726 3674 835 3741 est,
860 3682 1076 3742 ponere
1102 3665 1163 3721 in
1196 3663 1444 3721 Domino
1468 3660 1584 3717 Deo
1612 3674 1779 3732 spem
1810 3673 2062 3714 meam.»

408 3797 1688 3827 Μ...-

2168 1959 2469 2030 erigantur
2511 1957 2671 2024 elisi;
2722 1962 2787 2011 ut
2837 1958 3089 2027 petendo
3138 1954 3477 2026 accipiatur,
3509 1949 3831 2024 quaerendo

2166 2047 2515 2114 inveniatur,
2545 2045 2835 2118 pulsando
2866 2044 3134 2110 intretur,
3160 2048 3334 2114 atque
3364 2043 3447 2098 ita
3478 2043 3833 2112 cooperante

2168 2137 2270 2195 Dei
2301 2136 2490 2210 gratia
2536 2136 2757 2191 bonum
2787 2137 3082 2189 certamen
3126 2136 3398 2197 certetur,
3427 2145 3643 2185 cursus
3694 2144 3835 2183 con-

2168 2229 2522 2294 summatur,
2564 2224 2709 2280 ﬁdes
2761 2225 3036 2291 servetur,
3071 2220 3357 2275 adventus
3403 2216 3646 2273 Domini
3694 2214 3836 2271 dilio

2170 2319 2363 2388 gatur,
2396 2318 2454 2370 et
2483 2312 2583 2385 qui
2616 2310 2874 2385 legitime
2907 2308 3215 2365 certaverit
3243 2310 3575 2363 coronetur.
3603 2305 3708 2361 Sic
3735 2305 3837 2359 ita-

2170 2421 2284 2478 que
2312 2404 2373 2459 in
2404 2402 2519 2469 his,
2553 2405 2611 2457 et
2655 2418 2723 2457 ex
2766 2398 2884 2466 his,
2915 2414 3044 2469 qua:
3076 2400 3277 2453 tantus
3309 2396 3479 2451 Pater
3528 2395 3605 2449 de
3652 2392 3833 2448 tantis

2171 2495 2346 2550 rebus
2396 2489 2724 2547 necessario
2756 2493 2815 2544 et
2844 2486 3095 2542 ﬁdeliter
3139 2486 3327 2551 docet,
3360 2481 3631 2555 proﬁciat
3660 2479 3835 2536 ediﬁ-

2171 2584 2323 2640 catio
2377 2580 2512 2636 ﬁdei
2572 2582 2805 2648 nostrae,
2836 2578 2903 2631 ut
2960 2574 3327 2630 concalescat
3372 2576 3429 2628 et
3477 2569 3836 2627 accendatur

2171 2669 2388 2728 ﬁducia
2419 2667 2543 2741 spei
2576 2671 2808 2735 nostra),
2833 2664 3116 2720 excitetur
3135 2662 3363 2719 devotio
3383 2658 3665 2717 orationis
3698 2674 3833 2713 nos-

2172 2767 2296 2829 tras,
2359 2758 2709 2813 informetnr
2765 2753 3032 2810 studium
3090 2750 3340 2808 actionis
3397 2753 3609 2807 nostrae
3644 2764 3658 2803 :
3693 2746 3835 2819 quia

2172 2851 2327 2922 apud
2359 2846 2819 2918 omnipotentem
2851 2842 3191 2910 Dominum,
3220 2839 3480 2897 veritatis
3508 2843 3568 2894 et
3593 2837 3835 2909 pietatis

2172 2942 2494 3004 auctorem,
2527 2948 2901 3006 nequaquam
2952 2931 3098 2987 ﬁdes
3146 2929 3392 3003 impedit
3438 2926 3836 2993 devotionem,

2173 3028 2275 3086 sed
2297 3025 2525 3082 devotio
2548 3022 2823 3096 dirigitur
2850 3024 2909 3076 et
2936 3020 3259 3076 aadiﬁcatur
3278 3035 3348 3074 ex
3367 3017 3498 3087 ﬁde,
3523 3020 3590 3072 ut
3609 3019 3835 3087 quanto

2173 3118 2307 3191 quis
2342 3114 2574 3172 ﬁdelius
2602 3114 2674 3169 de
2707 3110 2807 3169 illo
2838 3110 3039 3178 sentit,
3073 3114 3131 3166 et
3169 3108 3472 3165 sentiendo
3501 3108 3834 3171 veneratur,

2174 3213 2336 3265 tanto
2370 3205 2700 3278 promptius
2743 3207 2799 3257 et
2846 3200 3144 3258 efﬁcacius
3193 3200 3321 3269 ejus
3368 3197 3616 3270 gratiam
3667 3210 3836 3250 asse—

2177 3301 2413 3369 quatur,
2450 3293 2753 3365 Scriptura
2785 3294 2988 3346 sancta
3019 3289 3248 3344 dicente
3279 3304 3290 3340 :
3321 3308 3347 3335 α
3372 3283 3595 3341 Sentite
3625 3284 3700 3339 de
3731 3282 3838 3337 Do-

2176 3409 2203 3436 ‹‹
2239 3386 2400 3440 mino
2432 3383 2492 3436 in
2514 3381 2794 3446 bonitate,
2815 3379 2951 3433 etin
2975 3376 3354 3451 simplicitate
3375 3374 3569 3430 cordis
3590 3370 3837 3445 quaerite

2177 3498 2205 3526 ι(
2238 3473 2405 3530 illum
2440 3489 2453 3526 ε
2484 3469 2765 3541 quoniam
2812 3468 3106 3523 invenitur
3138 3466 3210 3522 ab
3244 3465 3335 3520 his
3386 3464 3486 3535 qui
3536 3479 3652 3517 non
3703 3466 3834 3516 ten-

2182 3584 2203 3612 ι
2237 3567 2367 3619 tant
2397 3559 2590 3627 illum,
2637 3562 2880 3630 apparet
2919 3557 3003 3614 eis
3047 3555 3147 3627 qui
3180 3555 3453 3611 ﬁduciam
3503 3553 3725 3609 habent
3770 3552 3831 3608 in

2179 3676 2207 3704 ι(
2239 3652 2408 3709 illum
2442 3648 2591 3721 (Sap.
2626 3652 2687 3716 1).
2714 3670 2742 3697 ››

1692 3778 3825 3808 MM

1597 3929 2103 4042 INCIPIT
2180 3924 2642 4032 LIBER.

1900 4113 2325 4132 μ

940 4251 1172 4311 CAPUT
1213 4251 1526 4309 PRIMUM.

438 4366 523 4421 Ex
553 4364 693 4420 libro
723 4362 787 4419 de
815 4362 1155 4433 Per/ecteone
1175 4360 1413 4432 justitz‘ze
1436 4358 1700 4433 hominis,
1730 4356 1800 4412 ad
1828 4332 2019 4412 Eutra-

819 4432 978 4506 pium
1006 4440 1059 4489 et
1083 4432 1322 4487 Paulum
1350 4432 1645 4502 episwpos.

471 4554 789 4611 SENTENTIA
832 4550 889 4605 Ἰ.
938 4550 1089 4622 (Cap.
1144 4549 1223 4619 3.)
1272 4548 1384 4620 Spe
1442 4546 1584 4602 salvi
1635 4545 1768 4601 iacti
1821 4562 2051 4602 sumus.

400 4644 545 4715 Spes
575 4646 770 4698 autem
805 4657 931 4713 quae
963 4639 1195 4694 videtur
1231 4653 1345 4692 non
1378 4641 1463 4692 est
1513 4652 1667 4706 spes.
1702 4636 1864 4701 Quod
1896 4636 2051 4690 enim

396 4732 556 4788 videt
575 4730 728 4803 quis,
746 4729 888 4801 quid
911 4727 1144 4800 sperat?
1167 4726 1224 4782 Si
1248 4730 1445 4781 autem
1469 4725 1623 4797 quod
1647 4740 1761 4778 non
1787 4724 2053 4779 videmus

400 4837 728 4893 speramus,
753 4835 857 4892 per
886 4816 1230 4890 patientiam
1263 4818 1673 4885 exspectamus
1706 4814 1878 4883 (Rom.
1903 4813 2047 4883 vm).

380 4910 563 4966 .Tunc
588 4925 724 4981 ergo
749 4908 861 4963 erit
882 4906 1053 4979 plena
1069 4904 1323 4976 justitia,
1349 4903 1584 4975 quando
1606 4901 1777 4973 plena
1795 4902 2048 4969 sanitas;

395 5003 540 5053 tunc
570 4997 743 5069 plena
775 4997 1021 5062 sanitas,
1047 4995 1282 5066 quando
1325 4992 1497 5065 plena
1534 4991 1818 5057 charitas;
1861 4991 2050 5063 pleni-

396 5086 537 5142 tudo
559 5085 715 5142 enim
738 5085 885 5157 legis
907 5088 994 5139 est
1015 5082 1289 5138 charitas.
1315 5083 1481 5137 Tunc
1504 5084 1700 5135 autem
1724 5079 1891 5151 plena
1913 5080 2048 5134 cha-

396 5173 810 5245 ritas,quando
832 5171 1162 5226 videbimus
1184 5186 1317 5224 eum
1340 5167 1511 5222 sicuti
1536 5172 1644 5221 est.
1670 5167 1869 5237 Neque
1890 5166 2047 5221 enim

395 5264 505 5318 erit
535 5264 688 5334 quod
740 5261 991 5316 addatur
1022 5260 1092 5313 ad
1127 5258 1520 5324 dilectionem,
1556 5272 1689 5310 cum
1723 5255 1865 5310 ﬁdes
1917 5272 2046 5326 pcr-

391 5351 613 5408 venerit
644 5353 717 5407 ad
748 5350 1051 5405 visionem.

464 5441 534 5497 II.
569 5445 723 5511 (Cap.
758 5440 833 5512 4.)
858 5439 963 5493 Per
993 5437 1216 5492 arbitrii
1250 5436 1581 5489 libertatem
1614 5435 1831 5488 factum
1867 5439 1953 5489 est
1983 5439 2048 5488 ut

392 5533 546 5585 esset
574 5529 749 5585 homo
781 5545 915 5583 cum
948 5530 1214 5599 peccato;
1250 5526 1349 5579 sed
1386 5526 1512 5595 jam
1548 5523 1793 5595 poenalis
1825 5523 2043 5577 vitiosi-

392 5619 485 5672 tas
515 5618 847 5683 subsecuta,
872 5634 940 5671 ex
966 5617 1235 5670 libertate
1262 5614 1395 5669 fecit
1426 5614 1852 5669 necessitatem.
1882 5613 2043 5668 Unde

393 5703 468 5765 ad
496 5703 682 5763 Deum
724 5703 913 5762 ﬁdelis
944 5703 1157 5762 clamat
1190 5720 1203 5759 :
1235 5724 1260 5754 ς(
1292 5704 1371 5761 De
1414 5701 1865 5762 necessitatibus
1896 5702 2043 5760 meis

2171 4220 2199 4248 ‹‹
2230 4197 2380 4254 educ
2412 4207 2504 4248 me
2525 4189 2697 4260 (Psat.
2720 4188 2897 4255 xxxv).
2925 4207 2950 4235 »ι
2975 4184 3095 4241 Sub
3127 4183 3345 4256 quibus
3376 4178 3676 4254 positi,vel
3709 4194 3817 4234 non

2163 4298 2484 4357 possumus
2505 4277 2660 4352 quod
2681 4274 2956 4332 volumus
2985 4271 3339 4345 intelligere;
3366 4269 3456 4325 vel
3477 4268 3632 4340 quod
3662 4265 3818 4321 intel.

2087 4398 2136 4463 Β
2168 4356 2505 4437 lexerimus,
2540 4365 2817 4422 nolumus
2856 4380 2963 4418 nec
2992 4360 3256 4417 valemus
3296 4357 3558 4431 implere.
3592 4356 3734 4411 Nam
3764 4360 3816 4411 et

2164 4462 2294 4534 ipsa
2324 4461 2564 4515 libertas
2605 4452 2980 4510 credentibus
3012 4467 3045 4505 a
3076 4449 3387 4505 liberatore
3419 4445 3809 4517 promittitur:

2169 4532 2205 4598 «ἶ
2229 4550 2287 4604 Si
2331 4565 2451 4614 vos,
2476 4544 2688 4616 inquit,
2716 4541 2898 4597 Filius
2938 4538 3291 4603 liberaverit,
3317 4542 3456 4591 tunc
3492 4550 3621 4589 vere
3652 4532 3809 4587 liberi

2168 4660 2195 4689 ‹‹
2227 4638 2389 4693 eritis
2411 4634 2785 4705 (Joan.vm).»
2810 4630 2978 4685 Victa
2998 4628 3155 4684 enim
3184 4625 3320 4682 vitio
3353 4626 3411 4680 in
3434 4623 3588 4695 quod
3610 4621 3808 4677 cecidit

2162 4727 2482 4791 voluntate,
2507 4722 2698 4778 caruit
2741 4719 3009 4774 libertate
3056 4721 3284 4771 natura.
3310 4714 3456 4770 Hinc
3505 4710 3618 4767 alia
3662 4710 3801 4765 Scri-

2163 4820 2338 4887 ptura
2364 4813 2539 4868 dicit:
2567 4834 2596 4861 ‹‹
2617 4813 2661 4865 Α
2682 4826 2797 4881 quo
2827 4806 2985 4862 enim
3014 4806 3147 4878 quis
3179 4805 3440 4860 devictus
3471 4806 3577 4869 est,
3604 4799 3731 4854 huic
3750 4802 3800 4852 et

2166 4926 2193 4954 α
2225 4919 2427 4959 servus
2458 4900 2730 4956 addictus
2769 4902 2859 4953 est
2889 4897 2962 4969 (II
2988 4898 3135 4950 Pctr.
3166 4895 3250 4966 ιι).
3278 4916 3305 4943 ››
3340 4894 3503 4948 Sicut
3532 4906 3665 4962 ergo
3694 4906 3796 4942 non

2162 4997 2251 5047 est
2281 5010 2428 5064 opus
2467 4990 2627 5046 sanis
2674 4987 2960 5055 medicus,
2994 4985 3095 5041 sed
3128 4984 3279 5039 male
3327 4979 3695 5045 habentibus,
3728 4978 3795 5030 ita

2161 5099 2276 5136 non
2310 5062 2398 5135 est
2432 5096 2578 5151 opus
2603 5075 2801 5131 liberis
2825 5073 3120 5141 liberator,
3148 5073 3246 5128 sed
3273 5070 3474 5137 servis,
3501 5073 3564 5122 ut
3587 5066 3635 5121 ei
3656 5062 3795 5121 dicat

2159 5169 2473 5243 gratulatio
2502 5165 2829 5222 libertatis:
2864 5162 3095 5219 Salvam
3131 5161 3318 5217 fecisti
3351 5160 3421 5214 de
3451 5153 3793 5213 necessitati-

2159 5260 2269 5314 bus
2294 5259 2551 5313 animam
2575 5271 2785 5310 meam.
2806 5254 2937 5324 Ipsa
2956 5253 3113 5307 enim
3138 5251 3363 5306 sanitas
3385 5252 3471 5303 est
3493 5262 3629 5301 vera
3648 5243 3795 5299 liber-

2158 5353 2267 5413 tas,
2303 5364 2428 5417 quae
2461 5362 2574 5399 non
2606 5342 2872 5416 perisset,
2899 5342 2947 5395 si
2994 5341 3147 5394 bona
3194 5337 3583 5411 permanisset
3609 5333 3789 5388 volun-

2155 5440 2266 5489 tas.
2292 5434 2438 5501 Quia
2465 5450 2598 5489 vero
2632 5430 2891 5504 peccavit
2913 5428 3207 5496 voluntas,
3232 5430 3432 5483 secuta
3456 5430 3545 5479 est
3576 5438 3791 5494 peccan-

2156 5530 2273 5580 tem
2308 5527 2611 5595 peccatum
2648 5519 2899 5575 habendi
2932 5520 3079 5573 dura
3110 5516 3449 5584 necessitas,
3477 5515 3655 5569 donec
3684 5514 3790 5565 tota

2155 5616 2394 5669 sanetur
2441 5610 2775 5680 inﬁrmitas,
2809 5613 2865 5663 et
2913 5608 3233 5679 accipiatur
3282 5611 3402 5660 tota
3444 5603 3705 5667 libertas;
3733 5598 3785 5653 in

2154 5719 2272 5783 qua
2301 5701 2453 5761 sicut
2484 5716 2721 5761 necesse
2752 5704 2840 5758 est
2868 5701 3209 5773 permaneat
3246 5697 3414 5755 beate
3444 5690 3669 5751 vivendi
3694 5706 3786 5746 vo-
