3900 6372
155 416 290 478 109
962 421 1065 481 DE
1108 420 1899 494 PR/EDESTINATIONE,
1946 421 2143 497 ETC.,
2192 425 2295 485 EX
2340 427 2823 490 AUGUSTINO.
3491 432 3609 495 HO

155 545 398 616 luntas,
433 548 514 605 ita
544 549 623 604 sit
654 551 833 607 etiam
869 552 1016 609 bene
1037 554 1265 610 vivendi
1298 559 1353 609 et
1384 571 1689 627 nunquam
1715 570 1841 627 pec-
1868 554 1921 620 Α
1954 560 2247 624 sanctum,
2284 558 2381 629 qui
2414 560 2589 614 datus
2618 564 2706 614 est
2736 559 3055 615 nobis.Nec
3077 560 3254 616 aliam
3274 561 3348 617 ob
3367 578 3606 619 causam

155 635 352 691 candi
382 636 719 695 voluntaria
750 639 1001 714 felixque
1039 643 1379 697 necessitas.
1954 643 2258 716 Scriptura
2288 651 2712 704 commemorat
2742 666 2857 704 non
2899 665 3028 705 esse
3076 648 3277 721 gravia
3322 655 3612 724 prmeepta

238 723 347 780 III.
377 725 529 799 (Cap.
562 728 645 795 5.)
677 726 984 797 Dominus,
1011 730 1111 802 qui
1144 732 1386 786 verbum
1421 750 1842 789 consummans
1953 731 2300 804 divina,nisi
2329 741 2394 793 ut
2425 736 2785 810 anima,quae
2818 737 2918 793 illa
2949 738 3149 811 gravia
3179 739 3375 806 sentit,
3400 738 3609 796 intelli-

153 818 217 867 et
254 813 535 869 brevians
561 815 695 871 fecit
724 834 905 890 super
933 822 1170 887 terram,
1189 820 1247 874 in
1282 819 1514 876 duobus
1537 821 1840 893 prteceptis
1951 826 2049 893 gat
2067 825 2329 879 nondum
2363 841 2424 880 se
2440 824 2735 896 accepisse
2756 827 2926 894 vires,
2943 826 3161 898 quibus
3179 827 3453 883 taliasint
3468 847 3607 901 pran-

152 901 525 974 dixitlcgem
548 905 987 978 prophetasque
1010 908 1838 982 pendere,utintelligercmus
1950 916 2119 983 cepta
2149 913 2405 982 Domini,
2437 914 2637 986 qualia
2664 915 3183 983 commendantur;
3216 914 3364 971 levia
3382 916 3607 973 scilicet

152 990 461 1063 quidquid
495 991 654 1047 aliud
688 994 974 1051 divinitus
998 1002 1354 1069 praeceptum
1377 998 1561 1065 est,in
1586 999 1678 1053 his
1699 1000 1837 1054 duo-
1949 1004 2126 1073 atque
2154 1002 2374 1069 suavia,
2401 1006 2458 1057 et
2487 1006 2613 1057 oret
2641 1000 2862 1075 gemitu
2883 1004 3225 1072 voluntatis,
3240 1007 3306 1059 ut
3330 1005 3605 1078 impetret

153 1078 278 1134 bus
312 1079 534 1135 habere
567 1081 849 1150 ﬁnem,et
878 1084 951 1139 ad
983 1084 1105 1140 haec
1135 1086 1251 1141 duo
1282 1103 1412 1143 esse
1434 1086 1832 1143 referendum:

155 1189 188 1217 ‹‹
226 1166 463 1240 Diliges
493 1169 811 1227 Dominum
834 1172 1019 1228 Deum
1038 1178 1207 1230 tuum
1224 1192 1293 1230 ex
1312 1178 1433 1232 toto
1458 1177 1630 1232 corde
1651 1181 1838 1245 tuo,et

154 1277 186 1305 «ι
222 1271 299 1311 ex
325 1259 454 1313 tota
475 1258 679 1315 anima
698 1264 819 1331 tua,
836 1265 896 1317 et
921 1278 990 1317 ex
1008 1266 1133 1318 tota
1156 1262 1371 1319 virtute
1398 1270 1573 1320 tua:»
1603 1269 1659 1320 et
1682 1287 1710 1315 ‹‹
1737 1265 1833 1321 Di-

155 1364 188 1394 ‹‹
222 1343 385 1418 liges
398 1348 731 1418 proximum
750 1354 919 1405 tuum
940 1351 1094 1407 sicut
1111 1352 1388 1424 teipsum.
1405 1353 1469 1408 In
1488 1353 1601 1421 his,
1617 1355 1832 1427 inquit,

154 1453 186 1483 «
222 1433 472 1491 duobus
504 1437 811 1509 praceptis
844 1442 967 1495 tota
997 1438 1087 1495 lex
1117 1442 1330 1511 pendet
1357 1446 1415 1497 et
1449 1443 1765 1515 prophetae.
1799 1466 1828 1495 κ

149 1522 379 1592 (Matth.
413 1528 577 1593 xxxi).
608 1526 907 1600 Quidquid
941 1544 1079 1601 ergo
1117 1529 1219 1584 Dei
1251 1529 1378 1603 lege
1425 1531 1829 1603 prohibemur,

1946 1089 2166 1145 donum
2202 1089 2642 1157 facilitatis.Qui
2674 1092 2832 1146 enim
2865 1092 3045 1147 dicit:
3083 1113 3112 1144 ‹‹
3143 1093 3269 1148 Fiat
3288 1110 3601 1150 cormeum

1949 1198 1977 1227 κ
2010 1175 2527 1244 immaculatum,»
2548 1182 2626 1246 et,
2648 1179 2904 1235 «Itinera
2920 1196 3051 1235 mea
3070 1180 3256 1253 dirige
3272 1181 3601 1238 secundum

1948 1286 1976 1314 ‹‹
2008 1265 2251 1320 verbum
2265 1270 2537 1334 tuum,ne
2557 1264 2896 1321 dominetur
2907 1265 3053 1321 mihi
3067 1266 3265 1322 omnis
3274 1267 3556 1340 iniquitas
3569 1289 3598 1319 »ι

1943 1353 2115 1423 (Psal.
2148 1357 2375 1422 cxvm);
2400 1359 2489 1409 et:
2518 1376 2544 1405 ‹‹
2580 1354 2709 1410 Fiat
2735 1353 3010 1412 voluntas
3040 1358 3145 1411 tua
3167 1355 3322 1411 sicut
3345 1355 3406 1411 in
3431 1355 3597 1426 caelo,

1946 1462 1974 1491 ‹‹
2006 1441 2087 1497 ita
2117 1448 2173 1497 et
2202 1441 2262 1497 in
2291 1448 2446 1498 terra
2478 1460 2491 1496 :
2526 1464 2554 1493 ››
2590 1446 2667 1509 et,
2687 1464 2716 1492 «
2746 1442 2828 1498 Ne
2858 1458 2966 1499 nos
2998 1443 3219 1500 inferas
3246 1442 3307 1499 in
3337 1445 3603 1500 tentatio-

1945 1553 1972 1580 κ
2006 1547 2139 1585 nem
2172 1531 2377 1600 (Matth.
2410 1534 2511 1600 v1),
2534 1554 2554 1577 η
2592 1536 2651 1586 et
2681 1535 2889 1587 eastern
2917 1530 3428 1605 hujusmodi,qum
3448 1548 3603 1589 com-

149 1614 213 1667 et
247 1611 553 1684 quidquid
577 1614 864 1685 jubemur
894 1616 1104 1682 facere,
1120 1618 1190 1672 ad
1226 1617 1334 1673 hoc
1366 1619 1749 1690 prohibemur
1775 1626 1834 1676 et
1942 1634 2269 1675 memorare
2293 1619 2537 1692 longum
2574 1624 2683 1689 est,
2703 1619 2811 1675 hoc
2841 1619 3045 1692 utique
3066 1624 3213 1690 orat,
3226 1624 3295 1677 ut
3313 1624 3603 1693 pracepta

140 1700 452 1772 jubemur
480 1705 547 1758 ut
574 1702 690 1758 duo
706 1703 823 1759 ista
838 1705 1345 1778 compleamus.Et
1375 1708 1520 1763 forte
1541 1710 1829 1781 generalis

150 1788 493 1862 prohibitio
525 1796 615 1847 est
644 1807 657 1847 :
698 1815 719 1843 σι
754 1794 885 1849 Non
931 1796 1346 1868 concupisces;
1379 1820 1407 1847 ι)
1441 1802 1499 1853 et
1544 1798 1830 1871 generalis

138 1878 350 1949 jussio
381 1894 396 1933 :
422 1899 451 1929 ‹‹
483 1878 722 1952 Diliges.
742 1903 770 1932 ››
806 1881 969 1938 Unde
1002 1883 1251 1940 breviter
1281 1890 1339 1941 et
1369 1887 1671 1958 apostolus
1690 1888 1829 1944 Pau-

146 1966 246 2023 lus
282 1968 553 2041 quodam
582 1968 707 2025 loco
739 1974 1058 2043 utrumque
1081 1974 1421 2045 complexus
1444 1976 1829 2032 est.Prohibi-

142 2056 230 2113 tio
263 2061 361 2113 est
392 2057 553 2113 enim
590 2074 603 2112 :
644 2081 672 2109 ‹‹
703 2059 893 2117 Nolite
925 2062 1277 2117 conformari
1328 2062 1464 2118 huic
1512 2065 1723 2120 saeculo
1750 2084 1763 2134 ;
1791 2088 1820 2117 »

135 2147 346 2219 jussio
380 2151 607 2216 autem,
628 2169 655 2197 «
688 2149 788 2203 sed
821 2150 1220 2206 reformamini
1246 2151 1303 2206 in
1338 2152 1588 2208 novitate
1611 2155 1824 2210 mentis

148 2256 178 2285 ι(
211 2239 434 2291 vestrm
468 2235 643 2307 (Rom.
675 2237 733 2309 ι).
771 2260 798 2287 »ι
836 2237 983 2293 Illud
1016 2239 1268 2311 pertinet
1293 2242 1364 2297 ad
1399 2260 1513 2297 non
1548 2245 1822 2315 concupi-

143 2341 338 2393 scere,
376 2324 493 2379 hoc
524 2326 597 2381 ad
630 2325 906 2399 diligere;
948 2326 1091 2384 illud
1133 2329 1205 2384 ad
1237 2330 1679 2401 continentiam,
1712 2333 1823 2390 hoc

142 2415 219 2471 ad
245 2412 601 2486 justitiam;
631 2413 777 2470 illud
811 2417 883 2471 ad
916 2416 1329 2475 declinandum
1362 2438 1397 2476 a
1425 2421 1726 2488 malo,hoc
1747 2425 1822 2480 ad

147 2504 504 2560 faciendum
537 2504 782 2563 bonum.
818 2507 944 2561 Non
976 2508 1441 2580 concupiscendo
1470 2511 1628 2567 enim
1657 2517 1819 2568 vetu-

147 2598 308 2649 state
341 2592 769 2665 exspoliamur,
798 2600 857 2651 et
888 2596 1140 2653 novitate
1169 2597 1475 2654 induimur
1502 2599 1818 2673 diligendo.

148 2684 266 2739 Sed
301 2699 414 2738 nec
446 2682 767 2756 quisquam
798 2688 991 2757 potest
1019 2703 1147 2742 esse
1176 2688 1504 2756 continens,
1525 2688 1639 2744 nisi
1665 2690 1820 2746 Deus

147 2772 362 2828 det:et
394 2770 652 2828 charitas
684 2773 786 2829 Dei
818 2774 1172 2831 diffunditur
1201 2777 1259 2831 in
1284 2779 1560 2833 cordibus
1578 2781 1817 2851 nostris,

150 2877 269 2916 non
304 2878 417 2934 per
447 2878 555 2915 nos
584 2860 767 2934 ipsos,
800 2862 901 2918 sed
932 2880 1036 2934 per
1065 2864 1350 2935 Spiritum
1392 2870 1684 2938 sanctum,
1718 2868 1816 2939 qui

150 2951 368 3006 datum
397 2954 490 3006 est
518 2949 708 3006 nobis.
744 2951 860 3006 Hoc
893 2956 1091 3007 autem
1124 2952 1189 3005 fit
1220 2952 1292 3009 de
1321 2954 1415 3008 die
1460 2954 1519 3008 in
1568 2955 1724 3009 diem
1756 2956 1816 3009 in

148 3038 246 3095 his
282 3040 389 3112 qui
422 3038 689 3107 volendo,
724 3043 779 3094 et
819 3040 1128 3106 credendo,
1163 3045 1221 3094 et
1266 3041 1588 3097 invocando
1638 3044 1817 3114 proﬁ-

146 3127 421 3196 ciunt,et
451 3127 744 3200 prasterita
764 3126 1175 3184 obliviscentes
1196 3128 1252 3184 in
1283 3144 1351 3185 ea
1376 3146 1504 3201 qua:
1527 3136 1661 3187 ante
1678 3136 1818 3188 sunt

148 3218 583 3275 extenduntur.
625 3215 711 3271 Ad
762 3214 872 3270 hoc
921 3215 1077 3272 enim
1128 3216 1218 3272 lex
1266 3217 1382 3274 ista
1428 3219 1711 3292 praecipit,
1753 3225 1818 3276 ut

1938 1707 2040 1763 Dei
2072 1709 2420 1775 faciat.Qua2
2453 1713 2519 1764 ut
2549 1696 2756 1763 tierent
2786 1724 2890 1764 nec
2913 1708 3247 1780 juberetur,
3270 1708 3321 1766 si
3344 1708 3491 1765 nihil
3517 1708 3599 1767 ibi

1938 1800 2143 1853 nostra
2169 1796 2440 1853 voluntas
2473 1800 2695 1870 ageret,
2725 1813 2832 1852 nec
2862 1800 3153 1866 oraretur,
3185 1798 3235 1854 si
3276 1796 3402 1855 sola
3432 1798 3599 1854 suffi-

1938 1891 2112 1941 ceret.
2149 1886 2654 1941 Commendantur
2680 1901 2818 1959 ergo
2851 1901 2968 1941 non
3002 1901 3133 1943 esse
3162 1885 3386 1959 gravia,
3409 1890 3474 1942 ut
3501 1886 3595 1944 cui

1936 1974 2133 2046 gravia
2180 1978 2341 2041 sunt,
2385 1972 2676 2046 intelligat
2724 1975 2986 2029 nondum
3038 1990 3102 2031 se
3154 1974 3450 2048 accepisse
3492 1975 3594 2031 do-

1935 2080 2099 2131 num,
2135 2080 2249 2135 que
2299 2064 2498 2136 gravia
2546 2080 2661 2119 non
2708 2063 2864 2129 sint;
2896 2079 3003 2119 nec
3052 2063 3373 2121 arbitretur
3419 2080 3489 2120 ea
3532 2081 3595 2122 se

1932 2153 2229 2223 perficere,
2261 2151 2538 2224 quoniam
2573 2150 2657 2206 ita
2687 2152 2827 2206 facit
2859 2157 2923 2206 ut
2957 2152 3155 2224 gravia
3183 2152 3592 2209 sint.llilarem

1932 2241 2091 2295 enim
2141 2242 2404 2296 datorem
2457 2240 2652 2312 diligit
2700 2241 2875 2295 Deus.
2934 2241 3048 2296 Nec
3098 2246 3297 2297 tamen
3340 2259 3476 2297 cum
3526 2258 3594 2297 ea

1931 2329 2131 2402 gravia
2160 2329 2358 2396 sentit,
2394 2331 2761 2402 desperando
2794 2331 3121 2402 frangatur,
3157 2331 3258 2387 sed
3308 2332 3380 2387 ad
3430 2347 3593 2402 quie-

1932 2420 2202 2487 rendum,
2240 2420 2583 2493 petendum,
2616 2418 3099 2492 pulsandumque
3128 2424 3392 2493 cogatur.

2002 2506 2096 2562 VI.
2129 2509 2286 2580 (Cap.
2323 2510 2437 2576 11.)
2466 2507 2640 2562 Aliud
2671 2512 2763 2563 est
2793 2524 2924 2564 esse
2963 2508 3093 2564 sine
3142 2512 3402 2581 peccato,
3434 2510 3592 2581 quod

1930 2596 2001 2652 de
2032 2596 2155 2653 solo
2180 2596 2242 2652 in
2270 2597 2380 2652 hac
2410 2597 2534 2652 vita
2555 2596 2867 2669 Unigenito
2889 2596 3114 2653 dictum
3144 2601 3264 2667 est;
3282 2597 3442 2654 aliud
3464 2614 3593 2654 esse

1930 2686 2056 2741 sine
2088 2684 2349 2756 querela,
2387 2687 2544 2757 quod
2581 2687 2653 2741 de
2687 2686 2893 2741 multis
2914 2686 3098 2757 justis
3146 2686 3324 2742 etiam
3373 2686 3434 2742 in
3485 2686 3595 2743 hac

1926 2775 2046 2829 vita
2076 2773 2190 2830 dici
2224 2775 2432 2847 potuit.
2470 2775 2756 2841 Quoniam
2791 2780 2880 2831 est
2909 2775 3153 2846 quidam
3186 2776 3396 2830 modus
3424 2776 3590 2830 bona

1926 2863 2077 2928 vitaz,
2111 2863 2182 2917 de
2213 2879 2330 2933 quo
2360 2864 2538 2918 etiam
2571 2864 2630 2917 in
2680 2863 2794 2918 ista
2843 2863 3109 2918 humana
3152 2864 3590 2919 conversatione

1919 2951 2085 3021 justa
2133 2951 2374 3022 querela
2415 2967 2544 3006 esse
2594 2968 2709 3006 non
2760 2950 2962 3021 possit.
3017 2951 3160 3016 Quis
3218 2950 3379 3005 enim
3424 2951 3590 3022 juste

1926 3039 2195 3110 queritur
2223 3040 2296 3094 de
2323 3039 2561 3094 homine
2593 3038 2694 3110 qui
2727 3039 2947 3094 nemini
2982 3037 3134 3094 male
3176 3037 3323 3108 vult,
3357 3041 3415 3095 et
3455 3040 3587 3111 qui-

1926 3127 2039 3182 bus
2071 3131 2262 3199 potest
2294 3126 2546 3182 fideliter
2576 3126 2855 3192 consulit,
2874 3143 2982 3183 nec
3014 3130 3218 3183 contra
3236 3127 3591 3198 cuiusquam

1926 3216 2174 3287 injurias
2222 3220 2379 3271 tenet
2426 3215 2735 3272 libidinem
2786 3215 3146 3285 vindicandi,
3196 3219 3265 3272 ut
3308 3216 3592 3274 veraciter

144 3323 288 3362 cum
324 3306 388 3359 in
420 3303 515 3359 his
543 3302 861 3376 implendis
892 3304 1067 3361 homo
1109 3307 1405 3377 defecerit,
1439 3325 1556 3364 non
1607 3291 1669 3365 se
1716 3326 1814 3365 ex-
1845 3291 1888 3359 C
1927 3306 2085 3361 dicat
2117 3322 2132 3360 :
2170 3326 2199 3355 ‹‹
2232 3305 2399 3361 Sicut
2428 3309 2487 3361 et
2519 3321 2626 3361 nos
2658 3303 3020 3361 dimittimus
3048 3304 3413 3361 debitoribus
3450 3321 3588 3362 nos-

143 3394 322 3451 tollat
351 3392 636 3465 superbia
661 3391 950 3461 tumidus,
984 3395 1086 3451 sed
1118 3396 1189 3451 ad
1221 3396 1471 3469 gratiam
1517 3399 1818 3472 confugiat

142 3484 482 3556 fatigatus;
518 3498 585 3537 ac
612 3480 698 3538 sic
746 3498 886 3538 eum
934 3481 1025 3539 lex
1072 3486 1344 3542 terrendo
1392 3487 1465 3543 ad
1515 3486 1814 3545 Christum

143 3570 526 3645 diligendum
556 3571 857 3646 padagogi
889 3574 1179 3645 perducat
1207 3575 1421 3632 officio.

219 3661 319 3717 IV.
353 3661 522 3733 (Cap.
556 3660 637 3732 8.)
667 3661 763 3717 Sic
791 3679 1103 3719 curramus
1134 3668 1201 3720 ut
1221 3666 1811 3738 comprehendamus.

146 3750 374 3808 Omnes
406 3750 567 3806 enim
590 3750 693 3823 qui
715 3756 868 3808 recte
889 3758 1137 3809 currunt
1156 3755 1681 3827 comprehendent:
1698 3775 1814 3813 non

147 3840 306 3897 sicut
336 3840 401 3896 in
425 3855 613 3913 agone
631 3839 1155 3910 theatrico,omnes
1176 3843 1414 3915 quidem
1432 3850 1696 3914 currunt,
1712 3848 1813 3903 sed

147 3945 308 3986 unus
320 3929 541 4003 accipit
550 3929 833 4003 palmam.
850 3931 1812 4007 Curramuscredendo,sperando,

147 4018 565 4075 desiderando.
594 4019 917 4078 Curramus
946 4038 1161 4094 corpus
1189 4023 1553 4095 castigando,
1585 4028 1643 4080 et
1666 4024 1814 4081 elee-

149 4121 435 4180 mosynas
467 4106 528 4162 in
574 4108 747 4165 bonis
793 4109 1030 4178 dandis,
1078 4110 1368 4183 malisque
1419 4112 1812 4183 ignoscendis,

150 4194 423 4254 hilariter
453 4201 513 4254 et
542 4214 612 4254 ex
641 4199 817 4255 corde
842 4199 1131 4268 faciendo,
1166 4206 1225 4255 et
1268 4202 1633 4258 currentium
1663 4202 1816 4259 vires

149 4291 216 4342 ut
244 4288 611 4360 adjuvantur
638 4290 877 4346 orando.
913 4290 983 4345 Et
1031 4290 1116 4346 sic
1167 4290 1482 4347 audiamus
1530 4298 1817 4364 praecepta

138 4376 557 4447 perfectionis,
590 4393 663 4434 ne
713 4395 947 4435 currere
994 4377 1364 4452 negligemus
1395 4380 1467 4436 ad
1500 4380 1813 4454 plenitudi-

153 4480 287 4521 nem
313 4465 651 4523 c'haritatis.
1540 4458 1556 4471 ’

221 4552 291 4609 ν.
320 4556 484 4629 (Cap.
520 4555 632 4628 10.)
663 4556 806 4624 Quis
837 4557 1081 4626 nesciat,
1106 4574 1241 4613 cum
1273 4564 1635 4632 praeceptum
1650 4575 1819 4633 gene-

1930 3416 1959 3444 ‹‹
1988 3394 2135 3449 tris?
2166 3416 2195 3445 ››
2228 3393 2437 3463 (Matth.
2472 3398 2581 3464 v1.)
2611 3394 2683 3449 Et
2710 3397 2909 3450 tamen
2940 3410 3009 3449 eo
3037 3393 3166 3466 ipso
3197 3395 3354 3466 quod
3383 3410 3588 3452 verum

1927 3484 2070 3539 dicit
2103 3500 2116 3538 :
2148 3505 2176 3534 «
2219 3483 2461 3539 Dimitte
2511 3484 2667 3540 sicut
2714 3486 2773 3538 et
2820 3499 2928 3540 nos
2969 3482 3347 3553 dimittimus,
3379 3505 3409 3534 »
3460 3482 3589 3541 sine

1926 3576 2162 3647 peccato
2194 3590 2257 3629 se
2288 3589 2404 3628 non
2436 3588 2567 3629 esse
2594 3571 2874 3629 declarat.

1996 3662 2118 3718 VII.
2152 3660 2341 3733 (Ιὺὶἀ.)
2370 3661 2700 3718 Custodivit
2722 3660 2848 3717 vias
2880 3660 3005 3732 Dei,
3030 3661 3132 3735 qui
3165 3679 3284 3720 non
3307 3662 3395 3720 sio
3420 3678 3586 3719 exor-

1925 3752 2098 3817 bitat,
2132 3755 2199 3807 ut
2228 3767 2327 3807 eas
2362 3750 2659 3823 relinquat
2686 3768 2700 3818 ;
2734 3751 2834 3806 sed
2866 3750 2927 3805 in
2975 3749 3060 3806 eis
3090 3750 3380 3807 currendo
3408 3750 3586 3823 proﬂ-

1926 3840 2027 3911 cit,
2046 3840 2159 3896 etsi
2193 3839 2514 3912 aliquando
2547 3843 2612 3894 ut
2642 3839 2919 3894 infirmus
2947 3838 3208 3907 otl‘endit,
3223 3842 3327 3894 aut
3344 3838 3583 3895 titubat.

1927 3928 2162 3985 Proficit
2192 3932 2387 3984 autem
2421 3928 2743 3983 minuendo
2773 3931 3036 3998 peccata,
3069 3927 3255 3982 donec
3285 3926 3587 3999 perveniat

1926 4018 2025 4072 ubi
2060 4016 2188 4072 sine
2222 4020 2459 4088 peccato
2482 4016 2580 4071 sit.
2596 4015 2723 4070 Non
2743 4014 2902 4069 enim
2925 4014 3097 4071 aliter
3116 4019 3309 4087 potest
3327 4032 3395 4072 eo
3411 4016 3587 4072 modo

1925 4105 2226 4179 proﬁcere,
2243 4104 2356 4160 nisi
2389 4103 2774 4159 custodiendo
2791 4103 2917 4159 vias
2939 4104 3089 4176 ejus.
3106 4102 3374 4159 Declinat
3389 4108 3589 4162 autem

1925 4213 1960 4251 a
1989 4193 2287 4249 mandatis
2318 4192 2549 4249 Domini
2570 4197 2747 4266 atque
2771 4192 3024 4249 discedit
3046 4197 3467 4267 apostata,non
3488 4192 3588 4251 ille

1926 4283 2050 4356 qui,
2065 4281 2297 4339 etiamsi
2330 4281 2509 4338 habet
2526 4287 2829 4354 peccatum
2841 4327 2855 4353 ,
2867 4282 3219 4362 conﬂigendi
3237 4285 3435 4341 tamen
3450 4298 3587 4339 cum

1930 4389 1999 4429 eo
2032 4370 2528 4443 perseverantiam
2562 4387 2676 4426 non
2711 4369 3010 4443 relinquit,
3044 4371 3229 4427 donec
3274 4387 3341 4428 eo
3390 4387 3587 4443 perve-

1929 4461 2053 4517 niat
2082 4460 2182 4515 ubi
2214 4458 2381 4516 nulla
2409 4475 2545 4515 cum
2578 4463 2765 4515 morte
2794 4458 3094 4516 contentio
3124 4458 3470 4515 remanebit.

1998 4550 2148 4607 VIII.
2185 4549 2343 4622 (Cap.
2380 4549 2494 4617 12.)
2525 4547 2796 4603 Abstinet
2825 4564 2887 4603 se
2919 4547 2991 4602 ab
3022 4547 3184 4603 omni
3212 4562 3273 4602 re
3292 4544 3470 4613 mala,
3487 4546 3591 4619 qui

154 4641 273 4699 rale
304 4644 386 4699 sit
412 4644 853 4717 charitas,quia
883 4645 1016 4702 ﬁnis
1044 4647 1315 4720 praecepti
1346 4653 1436 4703 est
1464 4648 1742 4722 charitas,
1765 4658 1823 4709 et
1850 4666 1900 4730 D
1930 4645 2190 4730 peccato.
2222 4640 2354 4730 Βίηίξ
2400 4656 2547 4730 qu0__
2566 4654 2682 4693 "0n
2731 4641 2845 4730 φῖ»
2873 4636 2962 4692 νοῙ
2995 4652 3301 4730 antiquam
3349 4635 3589 4730 οπηξίηξ)

154 4729 464 4802 plenitudo
488 4732 636 4808 legis
667 4740 760 4791 est
788 4735 1068 4805 charitas,
1085 4752 1257 4808 grave
1280 4753 1393 4793 non
1417 4753 1547 4793 esse
1561 4740 1717 4810 quod
1740 4742 1822 4796 di-

151 4816 386 4891 ligendo
432 4824 519 4891 fit,
554 4840 669 4877 non
720 4824 1025 4880 timendo?
1078 4825 1370 4881 Laborant
1402 4831 1597 4881 autem
1632 4828 1689 4882 in
1722 4830 1822 4887 Dei

158 4913 492 4983 praeceptis,
526 4914 629 4985 qui
680 4931 748 4971 ea
797 4916 1065 4972 timendo
1111 4920 1359 4970 conatur
1407 4916 1687 4988 implere;
1722 4921 1822 4975 sed

157 5000 412 5067 perfecta
442 5002 706 5059 charitas
734 5006 890 5060 foras
920 5004 1103 5060 mittit
1133 5005 1502 5070 timorem,et
1524 5007 1663 5062 facit
1686 5026 1825 5080 prie-

160 5089 310 5158 cepti
339 5091 634 5147 sarcinam
669 5092 887 5162 levem;
923 5112 1039 5150 non
1073 5092 1267 5150 solum
1300 5111 1415 5150 non
1458 5103 1821 5167 prementem

160 5190 333 5233 onere
384 5182 738 5253 ponderum,
771 5200 973 5239 verum
1024 5184 1199 5240 etiam
1249 5184 1653 5240 sublevantem
1698 5188 1821 5244 vice

163 5279 513 5334 pennarum.
548 5273 685 5337 Qua:
715 5276 911 5328 tamen
944 5273 1203 5329 charitas
1232 5278 1296 5328 ut
1323 5274 1629 5343 habeatur,
1646 5276 1822 5332 etiam

52 5412 63 5423 _
164 5356 325 5413 tanta
355 5364 580 5430 quanta
611 5362 671 5417 in
703 5379 948 5435 corpore
971 5364 1177 5420 mortis
1193 5364 1372 5435 hujus
1390 5364 1590 5421 haberi
1610 5371 1820 5438 potest,

166 5457 370 5511 parum
403 5452 493 5503 est
523 5453 737 5506 nostrae
766 5450 1089 5506 voluntatis
1120 5451 1571 5517 arbitrium,nisi
1591 5453 1825 5525 adjuvet

165 5532 349 5601 gratia
382 5536 481 5592 Dei
516 5555 619 5610 per
638 5539 842 5596 Jesum
866 5540 1166 5596 Christum
1192 5539 1509 5596 Dominum
1532 5547 1820 5599 nostrum.

170 5616 532 5706 Diﬁ'unditur
560 5629 778 5702 quibus
810 5629 868 5684 in
899 5629 1176 5685 cordibus
1208 5629 1447 5698 nostris,
1482 5632 1639 5702 quod
1671 5649 1824 5706 saepe

114 5720 119 5723 ‘
171 5704 480 5774 dicendum
511 5723 620 5792 est,
644 5736 762 5778 non
794 5735 897 5795 per
926 5734 1034 5778 nos
1064 5719 1365 5795 ipsos,sed
1398 5736 1502 5796 per
1534 5704 1822 5796 Spiritum

1929 4729 2240 4796 consentit,
2271 4727 2358 4784 vel
2392 4728 2441 4784 si
2475 4725 2792 4798 aliquando
2825 4725 3132 4798 premitur,
3166 4740 3282 4779 non
3313 4723 3593 4797 opprimi-

1934 4825 2051 4888 tur,
2084 4820 2237 4874 sicut
2269 4818 2521 4873 luctator
2554 4815 2774 4884 fortior,
2810 4815 2920 4869 etsi
2967 4812 3287 4885 aliquando
3331 4817 3586 4884 tenetur,

1934 4928 2050 4965 non
2101 4910 2229 4964 ideo
2281 4906 2471 4980 perdit
2510 4922 2626 4977 quo
2678 4903 2944 4976 superior
2992 4902 3305 4958 invenitur.
3351 4901 3589 4975 Legitur

1932 5016 2073 5055 sane
2102 4998 2277 5052 homo
2326 4996 2452 5050 sine
2494 4993 2742 5048 crimine
2794 4992 3007 5066 legitur
3052 4992 3180 5047 sine
3230 4990 3488 5063 querela,
3531 4993 3590 5046 et

1934 5106 2047 5144 non
2081 5087 2296 5159 legitur
2327 5084 2454 5139 sine
2488 5087 2743 5155 peccato,
2780 5081 2891 5136 nisi
2928 5080 3085 5136 filius
3114 5079 3394 5147 hominis,
3432 5095 3588 5135 unus

1931 5178 2204 5249 idemque
2237 5176 2336 5231 Dei
2371 5174 2552 5229 Filius
2585 5172 2817 5227 unicus.

2007 5267 2099 5322 ΙΧ.
2132 5266 2284 5339 (Cap.
2316 5264 2430 5333 13.)
2445 5260 2764 5317 Verissime
2786 5264 2927 5315 tunc
2953 5263 3129 5315 erunt
3151 5256 3375 5313 homini
3399 5254 3592 5313 multa

1933 5358 2110 5428 bona,
2140 5371 2277 5411 cum
2309 5350 2613 5409 recesserit
2642 5349 2713 5405 ab
2743 5349 2903 5404 omni
2936 5352 3195 5421 peccato.
3230 5347 3396 5402 Tunc
3428 5344 3587 5402 enim

1934 5446 2096 5501 nulla
2126 5445 2297 5499 erunt
2328 5440 2504 5508 mala,
2523 5444 2587 5494 ut
2617 5456 2731 5494 non
2763 5454 2912 5510 opus
2951 5436 3164 5492 habeat
3184 5436 3404 5492 dicere:
3432 5457 3460 5486 «
3493 5434 3586 5493 Li-

1936 5560 1964 5587 ‹‹
2002 5537 2138 5590 bera
2166 5550 2273 5589 nos
2306 5549 2339 5586 ει
2372 5528 2549 5586 malo.
2591 5550 2619 5579 »
2652 5526 2930 5593 Quamvis
2966 5530 3026 5581 et
3058 5529 3200 5582 tunc
3248 5522 3442 5580 omnis
3485 5522 3589 5595 qui

1933 5622 2167 5700 proficit
2198 5625 2353 5679 recta
2382 5618 2709 5675 intentione
2739 5615 3074 5689 proficiens,
3090 5611 3306 5669 recedit
3325 5612 3397 5668 ab
3422 5612 3585 5669 omni

1932 5722 2191 5795 peccato,
2225 5718 2282 5772 et
2313 5713 2475 5769 tanto
2508 5707 2643 5767 inde
2675 5702 3302 5783 longinquior,quante
3324 5700 3586 5780 plenitu-
