3900 6382
382 411 493 475 HI

1604 413 2002 476 AMULONIS
2044 412 2291 476 EPISC.
2339 415 2570 478 LUGD.

3698 418 3818 485 Ui

384 545 511 604 dini
532 546 779 618 justitias
810 545 1245 618 perfectonique
1276 547 1341 602 ﬁt
1372 548 1775 620 propinquior,
1809 548 1951 621 quia
1977 552 2035 604 et
2062 547 2118 616 Α
2146 550 2496 617 remittatur,
2531 555 2597 605 ut
2627 550 2741 605 Deo
2769 550 3012 606 vivendo
3032 555 3219 607 totum
3248 568 3458 607 sanum
3485 555 3819 609 mundum-

385 636 518 709 ipsa
546 633 1040 706 concupiscentia,
1073 637 1229 706 quod
1274 639 1364 690 est
1410 640 1715 708 peccatum
1763 636 2038 694 habitans

386 724 449 779 in
500 737 673 779 carne
720 725 942 791 nostra,
994 721 1104 778 etsi
1152 727 1352 779 manet
1397 725 1593 781 adhuc
1644 726 1704 781 in
1755 726 2039 783 membris

388 810 761 876 mortalibus,
794 811 984 866 minui
1015 814 1209 867 tamen
1243 830 1359 867 non
1385 814 1603 869 desinit
1634 814 1691 869 in
1732 816 2039 886 proficien-

388 902 570 957 tibus.
601 898 777 955 Aliud
809 906 898 956 est
945 915 1080 972 ergo
1131 902 1397 957 recedere
1444 904 1517 958 ab
1564 905 1725 959 omni
1778 910 2036 976 peccato,

388 988 544 1061 quod
578 1005 736 1043 nunc
765 988 825 1043 in
857 1006 1029 1061 opere
1060 995 1167 1057 est,
1205 990 1364 1046 aliud
1393 993 1705 1048 recessisse
1756 994 1828 1049 ab
1878 994 2039 1049 omni

385 1082 652 1149 peccato,
683 1079 839 1150 quod
871 1079 930 1133 in
960 1078 1061 1133 illa
1088 1081 1440 1150 perfectione
1470 1086 1609 1137 tunc
1641 1084 1769 1139 erit.

456 1166 525 1222 Χ.
557 1166 711 1239 (Cap.
747 1167 859 1239 13.)
890 1169 1192 1233 Quomodo
1221 1170 1445 1225 dictum
1476 1176 1592 1227 est:
1622 1194 1649 1222 ‹‹
1681 1174 1805 1228 Non
1837 1172 2039 1245 estqui

390 1279 419 1307 ι(
450 1256 625 1313 faciat
643 1255 887 1325 bonum,
903 1274 1017 1313 non
1042 1264 1129 1314 est
1152 1276 1337 1331 usque
1360 1261 1429 1316 ad
1453 1278 1637 1317 unum
1655 1264 1827 1330 (Psal.
1850 1263 1993 1335 xm),
2014 1286 2036 1313 ιι

386 1345 502 1403 nisi
534 1346 676 1419 quia
708 1346 991 1419 populum
1024 1349 1342 1419 quemdam
1376 1350 1642 1421 psalmus
1671 1352 1768 1408 ille
1817 1351 2040 1425 culpat,

385 1435 448 1491 in
479 1450 597 1507 quo
628 1452 737 1492 nec
768 1451 924 1492 unus
957 1442 1081 1492 erat
1113 1438 1211 1509 qui
1247 1438 1463 1494 faceret
1493 1439 1732 1509 bonum,
1769 1442 1908 1497 dum
1941 1459 2038 1497 vo-

384 1524 526 1583 lunt
555 1540 857 1582 remanere
887 1524 991 1580 ﬁlii
1021 1525 1301 1598 hominis,
1333 1534 1391 1584 et
1423 1546 1536 1584 non
1586 1547 1717 1587 esse
1765 1530 1869 1587 filii
1916 1532 2038 1606 Dei,

388 1617 564 1689 cuius
592 1616 785 1689 gratia
812 1616 985 1671 homo
1019 1616 1084 1672 ﬁt
1114 1617 1303 1693 bonus
1339 1624 1401 1673 ut
1441 1620 1613 1675 faciat
1658 1622 1877 1677 bonum
1901 1624 1928 1679 ?
1962 1625 2042 1683 De

381 1702 489 1763 illo
528 1703 685 1762 enim
734 1705 955 1761 bonum
1004 1705 1228 1762 dictum
1284 1708 1377 1762 hic
1427 1710 1710 1766 debemus
1756 1713 2038 1785 accipere,

380 1794 544 1868 quod
572 1794 652 1851 ibi
687 1794 771 1851 ait
803 1810 817 1849 :
857 1816 885 1844 κ
918 1794 1073 1853 Deus
1104 1796 1173 1851 de
1205 1796 1346 1852 ccelo
1380 1801 1632 1869 respexit
1665 1818 1843 1872 super
1889 1803 2041 1860 ﬁlios

2147 654 2261 709 que
2293 639 2906 695 reddatur.Judicium
2929 638 3086 695 enim
3109 640 3234 696 sine
3257 641 3696 711 misericordia,
3713 645 3817 700 sed

2146 725 2230 781 illi
2255 727 2354 798 qui
2376 744 2492 783 non
2518 727 2655 782 fecit
2677 728 3584 802 misericordiamSuperaxaltat
3606 736 3815 787 autem

2148 815 2552 871 misericordia
2588 816 2837 887 judicio.
2872 818 3035 884 Quod
3066 819 3116 873 si
3148 835 3265 873 non
3296 825 3470 887 esset,
3506 837 3648 892 qua:
3683 839 3817 893 spes

2148 905 2342 960 esset?
2371 905 2860 976 Quandoquidem
2902 922 3036 961 cum
3071 907 3189 962 Rex
3229 909 3433 979 justus
3480 911 3715 965 sederit
3760 912 3815 966 in

2148 993 2529 1065 throno,quis
2560 994 2910 1067 gloriabitur
2940 1012 3002 1050 se
3034 1001 3261 1051 castum
3293 996 3509 1053 habere
3542 998 3694 1055 cor?
3720 1008 3820 1055 aut

2149 1082 2284 1155 quis
2312 1082 2657 1155 gloriabitur
2687 1084 2977 1139 mundum
3010 1101 3071 1139 se
3103 1102 3232 1141 esse
3263 1102 3297 1140 a
3327 1091 3566 1157 peccato
3586 1087 3616 1142 ?
3646 1088 3819 1143 Tunc

2148 1188 2285 1244 ergo
2316 1189 2420 1244 per
2448 1173 2576 1243 ejus
2608 1172 3076 1228 misericordiam
3098 1174 3270 1244 justi,
3305 1174 3472 1246 pleno
3512 1177 3815 1247 perfecte-

2150 1278 2263 1332 que
2289 1262 2579 1328 mandati,
2598 1260 2907 1334 fulgebunt
2924 1261 2982 1316 in
3000 1278 3180 1333 regno
3200 1262 3385 1318 Patris
3406 1264 3497 1319 sui
3518 1264 3682 1319 sicut
3702 1265 3812 1321 sol.

2220 1351 2339 1407 ΧΠ.
2372 1349 2559 1421 (Ibid)
2592 1351 2838 1405 Mundat
2866 1350 3136 1406 Christus
3168 1350 3486 1408 Ecclesium
3527 1371 3698 1410 nunc
3726 1353 3814 1409 Ia-

2148 1455 2319 1494 vacro
2342 1456 2506 1510 aqua:
2529 1439 2587 1494 in
2611 1439 2804 1504 verbo,
2839 1436 3084 1493 abluens
3115 1445 3352 1511 peccata
3396 1442 3723 1514 praeterita,
3756 1448 3815 1498 et

2150 1527 2373 1600 pellens
2403 1528 2475 1584 ab
2507 1544 2575 1584 ea
2605 1527 3069 1583 dominationem
3101 1527 3391 1585 malorum
3431 1529 3803 1602 angelorum.

2151 1617 2392 1682 Deinde,
2407 1618 2713 1689 perﬁciens
2734 1618 2861 1689 ejus
2884 1617 3186 1685 sanitates,
3202 1618 3336 1674 fecit
3350 1634 3479 1674 eam
3496 1635 3808 1678 occurram

2150 1706 2210 1761 in
2242 1706 2400 1761 illam
2434 1705 2770 1778 gloriosam,
2794 1722 2907 1761 non
2941 1705 3259 1763 habentem
3281 1707 3806 1783 maculam,neque

2151 1812 2378 1867 rugam.
2413 1797 2568 1859 Quos
2599 1795 2754 1851 enim
2787 1795 3239 1866 praedestinavit,
3275 1794 3405 1852 illos
3447 1802 3504 1853 et
3536 1799 3802 1867 vocavit;

377 1906 411 1936 ι(
442 1884 779 1953 hominum,
824 1888 892 1940 ut
920 1883 1115 1941 videat
1142 1885 1193 1942 si
1223 1892 1314 1942 est
1344 1887 1679 1961 intelligens
1710 1894 1814 1945 aut
1844 1892 2040 1964 requi-
2068 1921 2118 1987 Β
2150 1891 2209 1941 et
2239 1902 2387 1958 quos
2417 1885 2662 1987 vocat/lt,
2694 1883 2945 1987 iPSOB‘ct
2980 1885 3369 1956 justiﬁcaVit;
3405 1896 3553 1959 quos
3601 1893 3803 1944 autem

377 1996 409 2024 κ
440 1990 579 2031 rens
610 1973 817 2030 Deum.
853 1995 885 2025 »
918 1973 1036 2030 Hoc
1066 1990 1203 2048 ergo
1235 1976 1480 2044 bonum,
1515 1979 1670 2049 quod
1703 1983 1793 2035 est
1839 1981 2034 2053 requi-

368 2076 505 2121 rere
548 2063 907 2132 Deum,-non
955 2066 1082 2120 erat
1130 2065 1228 2136 qui
1280 2065 1516 2134 faceret,
1549 2082 1663 2122 non
1695 2071 1818 2122 erat
1847 2085 2035 2141 usque

366 2154 448 2209 ad
479 2169 691 2225 unum,
719 2154 821 2209 sed
853 2154 913 2209 in
944 2169 1010 2210 eo
1062 2171 1274 2227 genere
1321 2153 1650 2224 hominum,
1686 2157 1841 2228 quod
1886 2175 2031 2230 pI‘iB-

365 2242 735 2299 destinatum
767 2246 857 2299 est
887 2245 959 2299 ad
990 2244 1318 2300 interitum.
1353 2245 1542 2316 Super
1571 2244 1678 2300 bos
1718 2246 1874 2302 enim
1912 2264 2029 2302 res-

367 2331 534 2405 pexit
563 2331 667 2388 Dei
698 2333 1067 2405 praescientia
1096 2332 1457 2406 protulitque
1488 2335 1865 2391 sententiam.

441 2421 538 2479 ΧΙ.
568 2422 719 2496 (Cap.
755 2422 869 2493 14.)
902 2445 930 2475 ‹‹
963 2423 1145 2479 Nemo
1175 2424 1387 2491 bonus,
1422 2423 1539 2479 nisi
1583 2441 1739 2481 unus
1788 2425 1964 2481 Deus.
1998 2448 2026 2477 »

365 2511 504 2571 Sive
533 2511 676 2585 quia
703 2512 902 2567 omnia
928 2529 1057 2585 quas
1087 2518 1283 2569 creata
1313 2515 1469 2581 sunt,
1495 2513 1762 2586 quamvis
1784 2530 1852 2570 ea
1873 2515 2030 2571 Deus

367 2599 575 2658 fecerit
604 2600 760 2657 bona
780 2599 971 2668 valde,
1005 2600 1261 2656 Creatori
1301 2605 1499 2657 tamen
1530 2606 1886 2674 comparata,
1922 2619 2028 2659 nec

367 2691 531 2746 bona
550 2693 708 2759 sunt,
727 2689 822 2745 cui
835 2694 1175 2761 comparata
1190 2705 1296 2745 nec
1312 2694 1469 2746 sunt.
1484 2690 1788 2746 Altissimo
1812 2692 2028 2764 quippe

371 2784 436 2837 et
464 2778 699 2853 proprio
726 2779 899 2836 modo
932 2779 1189 2851 quodam
1219 2779 1291 2833 de
1340 2796 1402 2835 se
1445 2780 1572 2852 ipso
1618 2780 1765 2835 dixit
1797 2798 1809 2835 :
1847 2804 1875 2831 ι(
1906 2783 2026 2855 Ego

374 2893 406 2921 κ
439 2886 573 2927 sum
591 2869 691 2943 qui
724 2886 924 2937 sum,»
945 2868 1038 2924 Sic
1068 2868 1290 2923 dictum
1323 2874 1429 2937 est,
1450 2869 1674 2925 «Nemo
1698 2870 1888 2927 bonus
1911 2872 2023 2926 nisi

374 2980 405 3010 κ
436 2976 593 3016 unus
623 2959 779 3016 Deus
805 2957 994 3029 (Marc.
1024 2961 1147 3028 πλη
1183 2958 1686 3031 quemadmodum
1709 2960 1779 3015 de
1801 2960 2025 3019 Joanne

372 3048 601 3105 dictum
632 3052 724 3104 est
753 3064 767 3103 :
805 3069 835 3097 κ
866 3047 989 3104 Non
1022 3052 1149 3103 erat
1179 3046 1275 3104 ille
1306 3045 1505 3104 lumen
1538 3048 1712 3120 (Joan.
1745 3051 1809 3118 ι),
1833 3071 1861 3100 ››
1889 3067 2023 3106 cum

371 3135 659 3194 Dominus
691 3153 826 3193 eum
857 3137 1015 3193 dicat
1033 3153 1163 3193 esse
1193 3136 1684 3204 lucernam,sicut
1702 3138 2024 3211 discipulos

368 3225 587 3298 quibus
616 3226 792 3282 dixit:
829 3246 858 3275 ιι
886 3225 1005 3281 Vos
1034 3225 1176 3282 estis
1206 3224 1405 3281 lumen
1436 3227 1642 3281 mundi
1674 3226 1970 3298 (Μαίων).
1992 3251 2020 3278 »ι

2138 1974 2507 2046 justiﬁcavit,
2542 1973 2672 2029 illos
2723 1978 2780 2029 et
2826 1973 3193 2047 glorificavit.
3248 1976 3310 2031 In
3358 1975 3468 2032 hoc
3518 1977 3801 2050 mysterio

2144 2064 2369 2120 dictum
2398 2064 2650 2120 arbitror
2679 2079 2692 2117 :
2731 2085 2759 2112 «
2792 2063 2934 2119 Ecce
2967 2063 3142 2133 ejicio
3172 2063 3482 2133 daemonia,
3497 2068 3556 2121 et
3584 2067 3801 2123 sanita-

2145 2174 2174 2204 α
2197 2158 2285 2209 tes
2318 2152 2553 2225 perficio
2584 2151 2759 2207 hodie
2785 2157 2842 2208 et
2871 2168 3021 2222 cras,
3057 2158 3113 2208 et
3158 2153 3330 2208 tertia
3377 2152 3470 2209 die
3517 2169 3799 2211 consum-

2146 2263 2169 2293 ι
2207 2258 2334 2297 mor
2382 2243 2535 2311 (Luc.
2582 2244 2726 2310 xm),
2763 2262 2789 2290 »
2843 2241 2902 2297 id
2945 2246 3054 2307 est,
3107 2242 3393 2312 perﬁcior.
3445 2240 3600 2298 Dixit
3639 2244 3797 2300 enim

2141 2331 2250 2388 hoc
2282 2348 2351 2386 ex
2380 2346 2630 2402 persona
2678 2330 2939 2401 corporis
2988 2331 3101 2397 sui,
3145 2332 3301 2403 quod
3351 2335 3439 2387 est
3483 2332 3793 2389 Ecclesia:

2138 2421 2460 2491 disponens
2491 2436 2594 2491 pro
2625 2418 2923 2474 distinctis
2951 2419 3354 2492 ordinatisque
3399 2420 3792 2493 temporibus,

2139 2509 2295 2582 quod
2325 2508 2386 2563 in
2417 2525 2527 2563 sua
2556 2508 2981 2564 resurrectione
3012 2506 3365 2581 significavit
3391 2508 3453 2565 in
3485 2510 3707 2566 triduo.

2206 2597 2348 2654 XIV.
2366 2597 2800 2669 (Ibid.)Avertat
2829 2612 2891 2653 se
2922 2597 3099 2653 homo
3130 2614 3165 2653 a
3194 2597 3423 2667 delicto,
3439 2614 3576 2654 cum
3608 2601 3790 2671 preti-

2137 2688 2342 2744 ciendo
2373 2686 2509 2742 inde
2542 2687 2813 2754 discedit,
2844 2691 2902 2741 et
2932 2691 3244 2743 renovatur
3272 2688 3344 2743 de
3374 2687 3468 2744 die
3496 2687 3556 2743 in
3606 2688 3790 2755 diem,

2136 2782 2195 2833 et
2225 2776 2440 2849 dirigat
2468 2776 2527 2831 in
2559 2793 2708 2848 opus
2741 2775 3249 2841 misericordim,et
3281 2776 3355 2832 ab
3374 2776 3535 2832 omni
3576 2776 3790 2833 delicto

2136 2866 2384 2922 mundet
2415 2882 2512 2921 cor
2542 2881 2717 2920 suum
2745 2880 2757 2919 :
2792 2864 3160 2932 misereatur,
3192 2869 3258 2920 ut
3286 2865 3439 2937 qued
3468 2869 3675 2933 restat,
3690 2883 3794 2939 per

2132 2956 2361 3012 veniam
2385 2954 2740 3010 dimittatur.
2758 2954 2875 3009 Hoc
2895 2952 3053 3009 enim
3076 2951 3390 3010 salubriter
3408 2957 3468 3010 et
3488 2953 3615 3010 sine
3638 2971 3792 3011 vana

2131 3045 2411 3117 inanique
2424 3042 2734 3115 jactantia,
2750 3043 2896 3099 bene
2921 3041 3268 3116 intelligitur
3287 3041 3346 3098 in
3368 3058 3436 3098 eo
3452 3044 3607 3115 quod
3644 3044 3794 3101 dixit

2132 3136 2191 3191 S.
2224 3136 2483 3190 Joannes
2512 3150 2524 3187 :
2563 3153 2590 3183 ‹‹
2619 3131 2680 3188 Si
2701 3148 2801 3188 cor
2819 3137 3089 3188 nostrum
3112 3149 3219 3188 nos
3241 3148 3355 3188 non
3374 3132 3789 3205 reprehendat,

2138 3248 2165 3273 α
2199 3222 2473 3279 fiduciam
2487 3221 2775 3277 habemus
2796 3221 2867 3276 ad
2893 3220 3230 3288 Dominum,
3244 3225 3304 3276 et
3321 3236 3794 3295 quaecunquepe-

368 3291 483 3372 Sed
515 3314 577 3370 in
607 3314 1045 3387 comparatione
1075 3313 1322 3370 luminis
1368 3314 1549 3379 illius,
1583 3291 1739 3386 quod
1790 3320 1882 3371 est
1930 3291 2019 3372 lu-
2052 3291 2096 3359 C
2139 3337 2165 3364 ‹‹
2199 3312 2467 3368 tierimus
2489 3310 2849 3383 accipiemus
2873 3309 2945 3365 ab
2978 3309 3300 3381 eo.(IJoan.
3326 3310 3460 3382 '11).»
3488 3306 3607 3366 Hoc
3628 3310 3790 3367 enim

370 3418 513 3460 men
541 3414 749 3459 verum
765 3402 1110 3458 illuminans
1121 3419 1356 3459 omnem
1374 3403 1673 3459 hominem
1696 3405 2024 3463 venientem

373 3493 438 3547 in
465 3491 629 3549 hunc
658 3491 972 3560 mundum,
1006 3507 1123 3546 non
1153 3496 1277 3546 erat
1307 3491 1405 3546 ille
1434 3490 1656 3548 lumen.
1708 3494 1837 3551 Sive
1887 3496 2027 3567 quia

375 3579 556 3637 etiam
586 3578 703 3652 ipsi
733 3578 839 3634 ﬁlii
886 3578 1011 3647 Dei,
1044 3580 1365 3651 comparati
1416 3580 1696 3652 sibiipsis,
1731 3582 1936 3655 quales
1964 3586 2023 3642 in

375 3668 481 3726 illa
506 3667 863 3742 perfectione
877 3671 1093 3724 interna
1117 3668 1301 3724 futuri
1333 3669 1588 3736 sunt,ita
1619 3671 1754 3726 boni
1787 3678 1943 3744 sunt,
1960 3682 2027 3734 ut

375 3758 570 3817 adhuc
586 3761 644 3814 et
663 3756 805 3814 mali
822 3757 957 3826 sint,
975 3759 1127 3830 quod
1151 3758 1222 3814 de
1242 3756 1359 3815 illis
1382 3759 1571 3816 dicere
1592 3779 1705 3817 non
1726 3765 2021 3822 auderem.

372 3849 516 3916 Quis
546 3846 704 3905 enim
735 3848 949 3903 audeat
979 3846 1170 3903 dicere
1201 3847 1388 3903 malos
1422 3865 1549 3904 esse
1580 3865 1830 3922 quorum
1862 3859 2026 3926 pater

373 3942 466 3996 est
488 3938 665 4010 Deus,
694 3936 809 3993 nisi
842 3936 967 4009 ipse
999 3937 1286 3993 Dominus
1313 3938 1556 3994 diceret:
1590 3962 1618 3991 «
1651 3940 1710 3996 Si
1737 3958 1872 4014 ergo
1898 3962 2020 4015 vos,

374 4048 399 4080 ι
433 4043 570 4084 cum
601 4025 735 4083 sitis
764 4024 925 4095 mali,
941 4026 1128 4081 nostis
1160 4027 1313 4082 bona
1329 4028 1466 4083 data
1483 4028 1620 4085 dare
1636 4029 1770 4087 ﬁliis
1786 4034 2020 4105 vestris,

370 4137 403 4170 ‹‹
435 4119 655 4190 quanto
705 4115 897 4188 magis
943 4115 1148 4184 (Matth.
1181 4118 1306 4183 vn),
1347 4120 1401 4171 et
1451 4117 1695 4189 reliqua.
1747 4120 1892 4178 Cum
1943 4124 2024 4179 ait

368 4206 578 4278 utique
611 4227 641 4255 ‹‹
672 4208 837 4277 pater
863 4209 1116 4273 vester,»
1139 4204 1292 4261 ﬁlios
1325 4206 1424 4262 Dei
1436 4207 1562 4278 jam
1585 4224 1714 4265 esse
1736 4217 2022 4269 monstra-

365 4295 471 4367 vit,
504 4310 653 4366 quos
680 4297 879 4355 tamen
902 4293 1095 4350 adhuc
1126 4293 1314 4350 malos
1344 4312 1472 4351 esse
1495 4313 1608 4351 non
1633 4300 1838 4354 tacuit.
1856 4301 2021 4358 Unde

363 4387 457 4440 est
479 4382 580 4440 ille
609 4381 1086 4455 admonitus,qui
1120 4382 1577 4457 interrogaverat
1608 4386 1749 4459 quid
1782 4388 1919 4444 boni
1943 4391 2021 4447 fa-

364 4476 539 4545 ceret,
567 4475 635 4529 ut
663 4472 832 4529 illum
864 4476 1167 4545 quaereret,
1201 4473 1370 4544 cujus
1400 4475 1589 4547 gratia
1621 4476 1812 4533 bonus
1840 4483 2018 4550 esset,

364 4563 712 4620 cuibonum
739 4580 888 4633 esse,
922 4562 1031 4619 hoc
1076 4566 1163 4619 est
1212 4563 1407 4635 ipsum
1457 4581 1605 4631 esse,
1639 4565 1741 4636 qui
1789 4566 2016 4624 incom-

2136 3403 2367 3458 videtur
2396 3400 2509 3456 isto
2540 3399 2665 3456 loco
2699 3399 3097 3466 admonuisse,
3132 3413 3205 3454 ne
3233 3413 3332 3454 cor
3377 3402 3649 3454 nostrum
3682 3417 3791 3456 nos

2134 3491 2195 3546 in
2225 3490 2354 3563 ipsa
2384 3488 2643 3545 oratione
2674 3493 2731 3544 et
2762 3487 3040 3560 petitione
3071 3487 3479 3560 reprehendat,
3517 3487 3629 3544 hoc
3676 3494 3789 3557 est,

2137 3597 2207 3635 ne
2240 3580 2386 3635 forte
2417 3594 2552 3633 cum
2599 3577 2951 3650 coeperimus
2998 3577 3188 3633 dicere
3221 3594 3233 3631 :
3271 3599 3300 3625 «
3331 3574 3571 3633 Dimitte
3615 3578 3789 3633 nobis

2139 3692 2167 3720 α
2197 3669 2351 3726 sicut
2379 3672 2439 3722 et
2468 3684 2575 3723 nos
2606 3667 3027 3737 dimittimus,»
3062 3680 3533 3739 compungamur
3552 3682 3669 3722 non
3702 3666 3789 3722 fa-

2135 3773 2263 3815 cere
2293 3757 2447 3829 quod
2480 3755 2757 3827 dicimus,
2772 3758 2875 3810 aut
2903 3754 3081 3810 etiam
3112 3770 3228 3810 non
3249 3755 3575 3810 audeamus
3592 3755 3790 3812 dicere

2135 3847 2291 3919 quod
2324 3863 2439 3901 non
2474 3845 2818 3913 facimus,et
2850 3843 3127 3899 fiduciam
3156 3843 3391 3915 petendi
3413 3843 3786 3900 amittamus.

2204 3936 2319 3991 XV.
2370 3935 2522 4007 (Cap.
2568 3934 2678 4003 18.)
2728 3934 3032 3999 Quomodo
3080 3947 3282 3987 verum
3337 3936 3469 3987 est:
3516 3953 3546 3981 α
3577 3930 3787 3989 Omnis

2137 4048 2164 4077 ‹‹
2199 4025 2297 4097 qui
2330 4027 2532 4097 peccat
2566 4039 2682 4079 non
2712 4022 2860 4077 vidit
2889 4039 3047 4090 eum,
3084 4036 3273 4093 neque
3320 4020 3593 4093 cognovit
3645 4036 3785 4077 eum

2135 4139 2163 4167 ‹‹
2197 4116 2243 4188 (Ι
2267 4117 2423 4172 Joan.
2457 4113 2566 4184 In),
2598 4134 2626 4164 ››
2662 4129 2797 4168 cum
2832 4112 3159 4167 secundum
3189 4109 3471 4165 visionem
3502 4114 3563 4164 et
3587 4112 3785 4183 cogni-

2130 4204 2350 4259 tionem
2382 4220 2511 4275 quaa
2527 4201 2646 4256 erit
2676 4201 2734 4256 in
2766 4200 2979 4272 specie,
3015 4214 3186 4255 nemo
3216 4215 3352 4255 eum
3398 4198 3458 4253 in
3506 4198 3617 4254 hac
3662 4198 3782 4254 vita

2129 4293 2320 4349 videat
2349 4297 2523 4364 atque
2553 4293 2894 4364 cognoscat;
2918 4289 3244 4344 secundum
3272 4287 3557 4343 visionem
3580 4291 3781 4344 autem

2129 4386 2188 4438 et
2219 4381 2612 4455 cognitionem
2644 4397 2772 4451 qua:
2801 4381 2891 4434 est
2917 4377 2977 4433 in
3009 4378 3142 4445 ﬁde,
3166 4376 3336 4432 multi
3360 4380 3501 4433 sunt
3529 4376 3631 4448 qui
3656 4393 3781 4449 pec-

2129 4478 2282 4539 cent,
2311 4459 2465 4526 ce'rte
2494 4469 2604 4542 ipsi
2639 4472 2939 4540 apostatae,
2977 4466 3076 4539 qui
3122 4472 3319 4523 tamen
3360 4467 3429 4522 in
3476 4483 3613 4522 eum
3666 4467 3780 4522 ali-

2128 4562 2362 4633 quando
2394 4559 2786 4626 crediderunt,
2820 4561 2886 4613 ut
2913 4558 2983 4613 de
3016 4555 3177 4612 nullo
3227 4558 3430 4613 eorum
3479 4556 3594 4612 dici
3649 4572 3779 4628 pos-

364 4652 731 4710 mutabiliter
757 4652 972 4725 bonus,
1005 4670 1119 4708 non
1155 4656 1344 4724 potest
1376 4652 1615 4709 omnino
1647 4654 2011 4714 malus'esse.
2044 4664 2094 4731 ι)
2128 4652 2223 4720 sit,
2240 4650 2565 4707 secundum
2596 4648 2883 4704 visionem
2910 4648 2968 4705 et
2997 4646 3391 4719 cognitionem
3422 4661 3552 4718 quae
3583 4644 3775 4700 adhuc

434 4741 553 4797 XII.
590 4740 745 4814 (Cap.
766 4741 871 4813 l5).
899 4741 959 4796 Si
987 4756 1085 4796 cer
1115 4745 1382 4797 nostrum
1417 4758 1524 4797 nos
1556 4759 1671 4797 non
1703 4744 2013 4815 reprehen-

2129 4743 2186 4797 in
2220 4742 2334 4797 fide
2363 4743 2471 4805 est,
2492 4764 2511 4789 α
2552 4755 2667 4792 non
2698 4737 2844 4792 vidit
2875 4752 3032 4803 eum,
3059 4750 3250 4807 neque
3278 4732 3769 4807 cognoviteum?»

364 4830 486 4901 dat,
518 4829 797 4887 ﬁduciam
842 4829 1133 4886 habemus
1183 4830 1256 4885 ad
1306 4830 1513 4898 Deum,
1546 4834 1603 4885 et
1648 4848 2015 4906 quaacunque
2125 4832 2237 4888 Sed
2265 4828 2714 4901 intelligendum
2757 4826 3030 4897 arbitror,
3063 4825 3203 4897 quia
3253 4823 3546 4881 renovatio
3598 4823 3770 4895 perﬁ-

299 4943 302 4946 η
361 4918 705 4990 petierimus
734 4918 1094 4990 accipiemus
1121 4918 1195 4974 ab
1226 4934 1293 4974 eo
1313 4920 1363 4989 (Ι
1388 4920 1544 4975 Ιοαη.
1573 4921 1680 4992 iu).
1707 4921 1825 4977 Hoc
1855 4922 2011 4979 enim

361 5006 559 5078 agitur
594 5006 912 5076 voluntate,
964 5006 1275 5076 credendo,
1328 5008 1642 5079 sperando,
1691 5010 2008 5082 diligendo,

358 5112 572 5168 corpus
602 5098 963 5171 castigando,
998 5096 1396 5169 eleemosynas
1436 5096 1722 5167 faciendo,
1760 5098 2008 5170 injurias

2123 4920 2331 4976 cienda
2356 4918 2515 4974 videt
2543 4922 2602 4972 et
2642 4915 2993 4988 cognoscit;
3040 4914 3359 4970 inﬁrmitas
3412 4929 3545 4968 vero
3593 4913 3770 4967 absu-

2122 5009 2359 5078 menda,
2388 5024 2493 5063 nec
2541 5006 2718 5074 videt,
2768 5022 2875 5061 nec
2925 5003 3229 5077 cognoscit
3278 5018 3436 5058 eum.
3491 5002 3553 5057 In
3599 5002 3770 5072 cujus

2121 5098 2595 5171 quantiscunque
2626 5094 2894 5167 reliquiis
2926 5093 3174 5149 interius
3218 5091 3555 5148 constitutis
3601 5090 3652 5144 si
3684 5090 3769 5143 di-

354 5183 735 5257 ignoscendo,
768 5185 1060 5240 instanter
1089 5186 1309 5240 orando
1362 5190 1420 5239 et
1465 5186 1807 5256 proficiendi
1858 5188 2009 5247 vires
2116 5188 2380 5243 xerimus
2411 5186 2550 5258 quia
2592 5189 2899 5257 peccatum
2950 5200 3069 5238 non
3116 5182 3426 5252 habemus,
3458 5197 3563 5235 nos
3612 5179 3768 5251 ipsos

353 5276 647 5344 precando
658 5274 1060 5344 veraciterque
1076 5273 1324 5329 dicendo
1342 5291 1355 5329 :
1379 5273 1661 5329 «Dimitte
1680 5276 1872 5344 nobis,
1897 5277 2008 5334 sic-

358 5367 652 5419 «utetnos
671 5363 1093 5431 dimittimus,»
1118 5367 1201 5418 et:
1232 5385 1257 5413 «
1281 5363 1361 5418 Ne
1386 5380 1492 5418 nos
1515 5362 1807 5419 inferasin
1822 5371 2006 5422 tenta-

357 5451 641 5524 «tionem,
659 5453 761 5507 sed
782 5452 966 5507 libera
981 5469 1087 5507 nos
1110 5470 1143 5508 a
1166 5452 1339 5507 malo.
1358 5474 1385 5501 »
1403 5452 1519 5507 Hoc
1534 5470 1774 5523 prorsus
1791 5455 2006 5529 agitur,

2120 5276 2457 5333 seducimus
2489 5279 2545 5330 et
2572 5274 2784 5329 veritas
2809 5275 2868 5327 in
2900 5272 3067 5328 nobis
3100 5288 3215 5328 non
3249 5275 3357 5326 est.

2189 5364 2330 5419 XVI.
2365 5361 2552 5432 (Ibid)
2585 5363 2727 5417 Cum
2776 5378 2882 5433 per
2929 5360 3181 5433 gratiam
3232 5357 3621 5415 renovationis
3666 5356 3767 5412 ﬁlii

2116 5450 2217 5506 Dei
2263 5467 2493 5517 sumus,
2541 5453 2737 5504 tamen
2789 5453 3028 5520 propter
3076 5447 3356 5519 reliquias
3405 5445 3766 5501 inﬁrmitatis

354 5543 421 5593 ut
467 5556 567 5594 cor
615 5541 954 5607 mundetur,
988 5546 1043 5597 et
1093 5546 1400 5612 peccatum
1451 5558 1624 5596 omne
1656 5543 1911 5613 tollatur,
1948 5550 2006 5601 et
2116 5540 2377 5596 nondum
2411 5538 2686 5611 apparuit
2715 5537 2871 5608 quod
2925 5538 3169 5592 erimus.
3205 5536 3437 5593 Scimus
3486 5534 3766 5607 quoniam

357 5629 511 5698 quod
528 5628 713 5698 judex
734 5630 1104 5698 justus,cum
1123 5631 1183 5685 in
1206 5631 1415 5685 throno
1447 5631 1685 5700 sederit,
1709 5634 2003 5692 occultum
2113 5646 2249 5686 cum
2282 5627 2638 5699 apparuerit,
2673 5626 2901 5683 similes
2927 5627 2979 5683 ei
3010 5626 3253 5693 erimus,
3280 5625 3563 5697 quoniam
3612 5623 3767 5679 vide-

358 5712 664 5785 invenerit,
686 5716 999 5788 minusque
1030 5718 1405 5793 mandatum,
1442 5719 1571 5792 ejus
1603 5720 2007 5789 misericordia
2112 5720 2309 5779 bimus
2339 5734 2477 5778 eum
2506 5716 2683 5775 sicuti
2712 5721 2821 5776 est.
2847 5717 3010 5777 Tunc
3040 5719 3350 5792 peccatum
3382 5712 3617 5772 nullum
3630 5712 3763 5786 erit,
