3900 6376
92 490 208 556 113

882 486 984 553 DE
1025 487 1808 564 PRIEDESTINATIONE,
1856 486 2057 564 ETG.,
2102 490 2207 554 EX
2247 492 2720 559 AUGUSTINO.

3390 490 3510 556 1H

94 628 230 702 quia
258 624 575 684 inﬁrmitas
595 642 701 683 nec
728 624 972 682 interior
1001 641 1109 682 nec
1137 600 1389 683 exterior
1416 624 1539 682 ulla
1554 641 1741 682 rema-
1769 620 1826 689 Α
1854 631 1947 684 tor
1972 627 2072 685 Dei
2105 633 2162 685 et
2190 628 2498 686 hominum
2531 630 2706 687 homo
2736 628 3008 688 Christus
3029 628 3223 702 Jesus,
3248 628 3376 689 sine
3403 645 3514 711 cu-

94 718 343 786 nebit,et
370 716 566 773 omnis
595 716 697 789 qui
730 712 1077 789 habetzhanc
1091 731 1255 789 spem
1286 714 1345 770 in
1363 716 1743 787 eum,sancti-

94 808 227 863 ﬁcat
256 822 318 861 se
347 805 502 862 sicut
531 807 590 860 et
616 804 743 877 ipse
773 808 1014 860 sanctus
1062 808 1172 859 est.
1205 804 1546 860 Sanctiﬁcat
1588 805 1745 860 enim

93 912 173 962 se,
207 912 321 951 non
352 911 457 967 per
486 893 771 965 seipsum,
809 893 912 949 sed
944 893 1234 949 credendo
1265 892 1326 948 in
1359 891 1622 961 illum,et
1651 892 1745 949 in-

92 985 347 1042 vocando
368 983 561 1044 illum.
594 982 694 1055 qui
727 981 1058 1038 sanctiﬁcat
1088 986 1323 1038 sanctos
1371 999 1529 1038 suos.
1564 983 1747 1055 Cujus

97 1073 579 1131 sanctiﬁcationis
610 1070 905 1144 perfectio,
937 1088 1062 1143 quae
1094 1089 1248 1125 nunc
1281 1072 1529 1143 proﬁcit,
1546 1078 1602 1127 et
1631 1088 1753 1127 cre—‘

96 1164 203 1218 scit
235 1165 305 1220 de
339 1162 435 1218 die
474 1161 535 1218 in
584 1162 764 1232 diem,
797 1177 1003 1217 omnes
1052 1159 1419 1217 inﬁrmitatis
1468 1161 1747 1234 reliquias

95 1252 361 1309 ablatura
387 1256 496 1307 est.

164 1339 335 1396 XVII.
361 1338 527 1412 (Cap.
564 1338 675 1409 19-.)
708 1339 809 1394 Dei
849 1338 1099 1413 gratiam
1140 1338 1229 1394 vel
1282 1338 1745 1395 misericordiam

96 1429 371 1485 volumus
399 1428 733 1500 impetrare,
768 1445 901 1484 cum
935 1428 1187 1484 dicimus
1222 1446 1233 1481 :
1273 1451 1299 1478 ‹‹
1335 1429 1459 1484 Fiat
1478 1428 1746 1485 voluntas

100 1542 126 1570 ‹‹
147 1524 250 1575 tua
268 1518 426 1575 sicut
444 1518 504 1574 in
525 1518 778 1585 ecslo,ita
797 1524 853 1574 et
872 1519 931 1573 in
951 1523 1162 1583 terra,»
1185 1518 1274 1574 vel
1300 1535 1312 1572 :
1346 1541 1371 1567 «ι
1386 1519 1466 1573 Ne
1488 1518 1749 1574 nosini‘c-

102 1632 127 1659 ‹‹
150 1625 243 1665 ras
263 1607 326 1664 in
346 1607 863 1674 tentationem,sed
888 1606 1073 1663 libera
1094 1625 1200 1662 nos
1224 1625 1257 1663 a
1280 1608 1489 1663 malo.»
1518 1607 1589 1662 Ut
1605 1606 1746 1680 quid

97 1698 250 1754 enim
281 1698 400 1753 ista
431 1698 650 1753 orando
682 1702 844 1753 tanto
879 1699 1097 1769 gemitu
1133 1698 1407 1769 petimus.
1430 1699 1476 1752 si
1499 1696 1747 1752 volentis

95 1788 353 1843 hominis
382 1792 442 1842 et
471 1788 781 1852 currentis,
814 1802 929 1842 non
963 1787 1300 1842 miserentis
1329 1792 1419 1842 est
1451 1786 1591 1841 Dei?
1622 1787 1746 1841 Non

96 1878 234 1949 quia
262 1877 378 1933 hoc
408 1875 534 1933 sine
564 1876 863 1932 voluntate
895 1880 1097 1931 nostra
1126 1876 1342 1949 agitur,
1364 1876 1465 1931 sed
1487 1876 1627 1947 quia
1657 1892 1751 1930 vo-

1848 719 1951 789 jus
1980 717 2172 791 gratia
2219 735 2390 775 nemo
2439 737 2471 776 a
2522 720 3008 777 condemnatione
3058 719 3361 790 liberatur,
3391 718 3516 777 sive

1857 825 2035 881 quam
2070 810 2246 865 traxit
2275 828 2342 867 ex
2373 809 2470 866 illo
2490 810 2551 865 in
2583 827 2699 882 quo
2732 828 2937 867 omnes
2974 813 3379 883 peccaverunt,
3394 809 3516 867 sive

1856 915 2034 971 quam
2069 902 2268 970 postea
2301 899 2425 954 suis
2458 898 2873 972 iniquitatibus
2906 899 3152 956 addidit.

1928 986 2039 1043 XX.
2075 987 2607 1060 Dicitur:Adjutor
2652 1006 2820 1046 meus
2866 994 3102 1054 esto,ne
3135 987 3514 1062 derelinquas

1858 1092 1951 1131 me
1978 1093 1990 1131 :
2016 1098 2042 1127 ››
2079 1094 2194 1132 non
2225 1078 2428 1148 utique
2456 1079 2526 1131 ad
2553 1078 2875 1149 corporalia
2899 1079 3052 1133 bona
3073 1079 3434 1150 capessenda
3454 1081 3513 1135 et

1858 1164 2014 1220 mala
2045 1166 2340 1232 cavenda;
2374 1166 2475 1220 sed
2508 1166 2579 1221 ad
2612 1168 2931 1237 gerendam
2976 1165 3512 1240 perﬁciendamque

1848 1256 2171 1326 justitiam.
2207 1255 2446 1326 Propter
2483 1256 2635 1327 quod
2670 1256 2927 1312 dicimus
2952 1273 2966 1310 :
2992 1256 3125 1312 «Ne
3162 1272 3269 1312 nos
3292 1256 3509 1312 inferas

1861 1366 1888 1392 ‹‹
1910 1345 1971 1397 in
2004 1344 2407 1411 tentationem,
2429 1345 2529 1399 sed
2556 1344 2738 1399 libera
2760 1362 2866 1400 nos
2889 1363 2922 1400 ει
2943 1343 3162 1401 malo.»
3194 1345 3312 1401 Nec
3343 1345 3511 1417 adiu-
3620 1364 3631 1367 “

1855 1438 2043 1500 vatur,
2061 1433 2173 1488 nisi
2196 1435 2296 1504 qui
2319 1439 2376 1488 et
2392 1434 2516 1503 ipse
2537 1433 2754 1506 aliquid
2777 1434 2899 1505 agit
2923 1451 2935 1489 ε
2963 1435 3273 1506 adjuvetur
3291 1437 3512 1503 autem,

1858 1523 1905 1577 si
1942 1522 2194 1587 invocat,
2223 1522 2270 1577 si
2293 1523 2492 1587 credit,
2513 1523 2559 1577 si
2594 1525 2917 1579 secundum
2950 1521 3316 1595 propositum
3344 1536 3513 1579 voca-

1859 1616 1956 1667 tus
1988 1616 2096 1667 cst.
2118 1612 2419 1677 Quomodo
2460 1629 2606 1683 quos
2649 1617 2783 1668 ante
2818 1610 3109 1685 przescivit
3129 1614 3185 1668 et
3216 1610 3514 1683 praadesti-

1859 1701 2018 1755 navit
2051 1700 2379 1755 eonformes
2402 1700 2680 1773 imaginis
2704 1699 2807 1756 ﬁlii
2827 1701 3025 1767 sui,ut
3056 1701 3134 1756 sit
3152 1698 3279 1772 ipse
3299 1699 3513 1774 primo-

1858 1789 2094 1861 genitus
2126 1789 2182 1843 in
2209 1789 2413 1845 multis
2436 1789 2735 1844 fratribus.
2757 1790 2912 1855 Quos
2929 1791 3124 1845 autem
3147 1788 3520 1861 praedestina-

1858 1878 1958 1943 vit,
1976 1877 2107 1933 illos
2139 1881 2195 1933 et
2215 1877 2465 1945 vocavit;
2491 1894 2640 1949 quos
2659 1877 2903 1942 vocavit,
2920 1876 3051 1932 illos
3073 1876 3518 1948 etjustiﬁcavit;

97 1967 292 2023 luntas
324 1983 441 2021 non
472 1964 679 2037 implet
708 1966 863 2037 quod
886 1964 1025 2036 agit,
1057 1966 1172 2019 nisi
1205 1964 1486 2019 divinitus
1507 1965 1747 2035 adjuve-
1781 1991 1830 2057 Β
1860 1983 2008 2038 quos
2040 1969 2235 2021 autem
2279 1966 2648 2036 justiﬁcavit,
2682 1965 2815 2021 illos
2868 1970 2925 2022 et
2970 1964 3337 2037 gloriﬁcavit.
3373 1964 3517 2021 Cur-

98 2060 215 2112 tur.
241 2057 376 2112 Haec
424 2058 516 2111 est
558 2054 692 2109 ﬁdei
744 2053 1005 2131 sanitas;
1039 2070 1166 2125 quae
1213 2071 1321 2109 nos
1374 2053 1513 2107 facit
1565 2069 1749 2119 orare,

100 2160 357 2217 querere
386 2148 454 2203 ut
483 2142 873 2210 inveniamus,
900 2147 1093 2214 petere
1124 2146 1191 2197 ut
1219 2140 1601 2214 accipiamus,
1621 2141 1754 2213 pul-

100 2251 227 2290 sare
258 2238 325 2290 ut
353 2232 655 2305 aperiatur
683 2231 873 2287 nobis.
898 2232 1113 2287 Contra
1144 2230 1319 2286 istam
1341 2230 1440 2303 qui
1465 2230 1751 2303 disputat,

98 2326 299 2379 contra
329 2321 593 2394 seipsum
623 2320 846 2377 claudit
893 2320 1113 2376 ostium
1161 2319 1576 2375 misericordiae
1627 2319 1752 2375 Dei.

99 2412 242 2469 Nolo
272 2411 447 2486 plura
493 2410 688 2467 dicere
735 2410 809 2466 de
857 2424 918 2465 re
963 2413 1148 2477 tanta,
1183 2408 1322 2481 quia
1369 2407 1582 2465 melius
1624 2424 1754 2464 eam

97 2500 406 2558 committo
449 2498 711 2556 ﬁdelium
759 2498 1078 2572 gemitibus
1109 2514 1287 2570 quam
1342 2497 1490 2553 meis
1533 2513 1755 2553 sermo-

100 2590 293 2647 uibus.

150 2679 368 2736 XVIII.
403 2677 562 2749 (Ibid.
604 2678 1020 2734 Voluntarium
1061 2683 1330 2736 nostrum
1376 2682 1597 2737 bonum
1645 2684 1756 2746 est,

100 2784 235 2824 cum
265 2768 425 2824 Deus
455 2771 731 2841 operatur
760 2767 819 2823 in
852 2767 1023 2823 nobis
1048 2772 1107 2823 et
1135 2767 1282 2824 velle
1310 2774 1371 2825 ot
1398 2770 1622 2841 operari
1655 2785 1759 2840 pro

101 2858 254 2913 bona
296 2856 618 2913 voluntate.
657 2856 718 2911 In
769 2857 1224 2911 Deuteronomio
1272 2857 1562 2928 scriptum
1621 2860 1756 2911 est:

106 2968 134 2996 κ
162 2946 361 3001 Vitam
391 2949 451 3001 et
482 2949 735 3001 mortem
760 2944 920 2998 dedit
940 2948 1074 2999 ante
1104 2945 1314 3000 faciem
1345 2944 1624 3011 hominis,
1659 2945 1760 2999 bo-

107 3055 135 3085 α
165 3051 309 3090 num
360 3038 418 3089 et
465 3032 711 3100 malum,
745 3037 804 3088 et
852 3032 1160 3088 admonuit
1203 3037 1268 3088 ut
1314 3032 1552 3105 eligeret
1580 3032 1761 3087 vitam

110 3144 137 3172 «
169 3124 552 3193 (Deut.xxx).»
572 3120 684 3177 Sed
706 3123 764 3175 et
783 3120 912 3191 ipsa
931 3120 1256 3175 admonitio
1273 3121 1343 3175 de
1365 3118 1767 3175 misericordia

107 3211 283 3278 venit,
298 3227 407 3266 nec
440 3209 663 3280 aliquid
687 3209 997 3280 prudesset
1016 3207 1229 3279 eligere
1249 3210 1451 3275 vitam,
1474 3208 1584 3263 nisi
1612 3208 1765 3264 Deus

1862 2055 2051 2111 rimus
2073 2072 2210 2128 ergo
2241 2071 2374 2110 cum
2419 2055 2782 2127 proﬁcimus,
2816 2054 2957 2110 dum
2981 2054 3205 2110 sanitas
3225 2056 3429 2109 nostra
3458 2053 3520 2108 in

1863 2144 2311 2216 proﬁcientibus
2339 2142 2523 2199 currit
2556 2159 2569 2198 :
2603 2144 2761 2199 sicut
2788 2144 2967 2199 etiam
2997 2142 3240 2199 cicatrix
3284 2157 3522 2197 currere

1865 2233 2097 2299 dicitur,
2115 2233 2350 2305 quando
2379 2234 2529 2288 bene
2558 2232 2773 2289 vulnus
2796 2232 3227 2305 diligentesque
3257 2234 3518 2298 curatur,

1865 2326 1932 2377 ut
1960 2322 2119 2377 omni
2151 2339 2220 2377 ex
2250 2326 2415 2393 parte
2444 2320 2706 2393 perfecti,
2738 2322 2866 2378 sine
2896 2320 3017 2377 ulla
3046 2320 3237 2377 simus
3278 2320 3523 2377 omnino

1864 2411 2208 2467 inﬁrmitate
2240 2409 2483 2483 peccati,
2513 2411 2669 2483 quod
2707 2427 2820 2466 non
2853 2408 3045 2465 solum
3076 2405 3205 2466 vult
3232 2408 3409 2477 Deus,
3432 2425 3524 2465 ve-

1867 2516 1999 2556 rum
2027 2502 2203 2556 etiam
2236 2506 2302 2555 ut
2330 2499 2651 2572 impleatur
2680 2498 2821 2555 facit
2837 2503 3011 2572 atque
3037 2498 3297 2570 adjuvat.
3309 2497 3384 2554 Et
3411 2497 3525 2553 hoc

1869 2590 2176 2646 nobiseum
2196 2591 2318 2662 agit
2335 2590 2527 2662 gratia
2549 2589 2649 2645 Dei
2674 2605 2777 2662 per
2796 2588 3095 2644 Christum
3111 2586 3317 2644 Jesum
3332 2586 3528 2642 Domi-

1869 2695 2012 2735 num
2048 2682 2337 2747 nostrum,
2372 2696 2487 2735 non
2519 2678 2711 2733 solum
2764 2674 3091 2750 praeceptis,
3115 2675 3526 2743 sacramentis,

1869 2766 2172 2840 exemplis,
2197 2767 2299 2823 sed
2333 2768 2506 2823 etiam
2541 2766 2763 2838 Spiritu
2796 2768 2998 2821 sancto
3020 2780 3124 2837 per
3143 2779 3319 2836 quem
3340 2761 3531 2819 laten-

1871 2861 1959 2912 ter
1987 2856 2342 2913 diffunditur
2370 2856 2626 2912 charitas
2659 2856 2716 2909 in
2751 2853 3027 2909 cordibus
3050 2850 3291 2921 nostris,
3314 2850 3416 2923 qui
3446 2850 3532 2906 in-

1872 2941 2143 3014 terpellat
2171 2942 2488 3015 gemitibus
2521 2940 3238 3008 inenarrabilibus,donec
3265 2939 3327 2993 in
3360 2938 3529 2995 nobis

1873 3031 2096 3086 sanitas
2129 3030 2482 3102 perﬁciatur,
2509 3035 2566 3086 et
2597 3031 2771 3097 Deus,
2798 3028 2971 3085 sicuti
3017 3031 3106 3083 est
3151 3027 3441 3084 videndus
3469 3027 3529 3083 in

1874 3123 2089 3175 aeterna
2110 3118 2370 3186 veritate,
2406 3121 2784 3173 monstretur.

1945 3206 2085 3262 XXI.
2120 3206 2397 3278 Quisquis
2430 3207 2610 3261 fuisse
2640 3205 2726 3260 vel
2759 3221 2886 3261 esse
2918 3205 2976 3261 in
3007 3204 3115 3260 hac
3134 3202 3252 3260 vita
3274 3202 3529 3278 aliquem

108 3300 363 3373 eligendi
395 3296 741 3354 charitatem
783 3296 1115 3368 inspiraret.
1151 3302 1209 3352 et
1256 3296 1501 3352 electam
1554 3297 1767 3353 habere
1801 3358 1839 3373 Α
1877 3298 2199 3365 hominem,
2234 3296 2321 3351 vel
2361 3297 2590 3367 aliquos
2621 3295 2890 3351 homines
2937 3296 3121 3367 putat,
3148 3297 3383 3367 excepto
3413 3310 3531 3349 uno

109 3358 436 3459 prz‘sstaret.
470 3384 550 3441 De
581 3400 646 3440 co
678 3384 901 3439 dictum
936 3390 1025 3440 est
1059 3400 1071 3440 :
1110 3408 1136 3433 ιι
1158 3386 1445 3451 Quoniam
1481 3386 1566 3441 ira
1592 3386 1649 3442 in
1682 3386 1765 3442 in-
1795 3358 1842 3427 (ἶ
1879 3386 2199 3442 mediatore
2233 3387 2328 3441 Dei
2364 3392 2420 3441 et
2450 3386 2780 3450 hominum,
2817 3385 3033 3456 quibus
3065 3382 3396 3439 necessaria
3414 3400 3531 3455 non

112 3498 138 3526 «ι
170 3474 517 3547 dignatione
547 3474 697 3544 ejus,
730 3479 787 3529 et
816 3474 937 3529 vita
966 3473 1026 3529 in
1057 3474 1355 3529 voluntate
1404 3475 1553 3545 ejus.
1588 3475 1763 3546 (Psal.

114 3587 140 3614 κ
170 3563 386 3635 xxxx).»
414 3561 557 3617 Item
576 3562 802 3617 dictum
826 3566 951 3618 est:
980 3563 1079 3618 «Si
1099 3562 1242 3618 velis
1266 3568 1768 3636 praecepta,serva-

117 3653 325 3708 c-bunt
352 3649 635 3722 te.(Eccli.
671 3648 832 3721 xv).»
857 3650 971 3706 Sed
1001 3650 1301 3706 debetDeo
1323 3667 1492 3724 agere
1527 3651 1766 3725 gratias,

111 3740 253 3813 quia
290 3742 583 3812 praecepta
609 3738 813 3807 voluit,
829 3739 930 3811 qui
951 3739 1220 3795 desertus
1240 3741 1400 3795 omni
1432 3739 1657 3796 lumine
1674 3759 1768 3797 ve-

113 3829 304 3885 ritatis
328 3829 451 3884 hinc
480 3827 627 3883 velle
659 3843 774 3883 non
805 3833 1023 3899 posset.
1052 3828 1261 3884 Positis
1292 3834 1427 3884 ante
1469 3829 1769 3885 hominem

114 3917 248 3991 igne
266 3923 328 3972 et
356 3933 534 3988 aqua,
549 3933 666 3988 quo
697 3915 822 3972 vult
840 3918 1080 3989 quidem
1104 3917 1349 3989 porrigit
1370 3935 1642 3986 manum;
1667 3919 1769 3974 sed

114 4006 285 4062 altior
309 4011 406 4062 est
435 4005 537 4077 qui
568 4010 737 4061 vocat
767 4005 942 4061 altius
974 4022 1151 4077 quam
1186 4006 1378 4061 omnis
1402 4007 1663 4064 humana
1685 4025 1773 4063 co-

115 4093 341 4166 gitatio.

182 4183 326 4240 XIX.
353 4183 545 4253 (Ibid.)
570 4184 682 4239 Lex
707 4183 1202 4255 przsvaricationis
1222 4185 1413 4255 gratia
1438 4185 1628 4256 posita
1660 4190 1769 4252 est,

116 4272 301 4327 donec
318 4270 548 4329 veniret
569 4288 768 4327 semen
792 4272 884 4327 cui
904 4272 1265 4345 promissum
1282 4272 1561 4329 est.Uude
1577 4273 1776 4329 subin-

113 4360 287 4416 travit
316 4364 384 4417 ut
417 4360 747 4416 abundaret
775 4359 1076 4428 delictum,
1110 4365 1168 4417 et
1195 4360 1295 4417 ubi
1328 4361 1646 4417 abundavit
1676 4362 1773 4418 de-

116 4448 353 4522 lictum,
382 4448 892 4522 superabundavit
919 4451 1128 4524 gratia.
1165 4451 1226 4506 Id
1251 4455 1361 4519 est,
1378 4456 1443 4506 ut
1489 4451 1783 4523 acciperet

117 4536 293 4594 homo
325 4542 640 4611 prmeepta,
669 4539 921 4611 superbe
950 4540 1024 4595 de
1050 4538 1177 4595 suis
1204 4540 1430 4597 viribus
1461 4540 1651 4597 ﬁdens
1678 4557 1692 4597 :
1715 4542 1775 4596 in

119 4627 337 4697 quibus
369 4626 747 4695 deﬁeiens,et
777 4627 970 4683 factus
989 4627 1168 4683 etiam
1199 4630 1625 4701 praevaricator,
1641 4628 1781 4685 libe-

1877 3475 2052 3531 fuerit
2083 3476 2352 3530 remissio
2395 3480 2791 3547 peccatorum,
2822 3473 3156 3529 contrarius
3204 3477 3297 3528 est
3325 3472 3536 3529 divina

1878 3565 2211 3636 Scriptura»,
2233 3563 2333 3618 ubi
2366 3564 2678 3636 Apostolus
2709 3563 2895 3637 dicit]:
2935 3586 2961 3611 «ι
2996 3560 3102 3617 Per
3132 3577 3317 3618 unum
3344 3558 3539 3617 homi-

1874 3670 1908 3705 ’‹‹
1941 3669 2073 3707 nem
2106 3659 2411 3724 peceatum
2446 3652 2684 3707 intravit
2715 3652 2774 3706 in
2800 3651 3115 3723 mundum,
3129 3654 3187 3706 et
3205 3666 3310 3723 per
3334 3665 3540 3723 pecca-

1882 3763 1909 3792 ‹‹
1943 3746 2071 3797 tum
2102 3746 2355 3812 mors,ct
2386 3741 2467 3796 ita
2497 3740 2557 3795 in
2608 3756 2813 3795 omnes
2862 3739 3134 3795 homines
3175 3737 3541 3817 pertransiit,

1882 3852 1910 3880 «
1942 3832 2001 3884 in
2034 3848 2148 3902 quo
2182 3846 2385 3885 omnes
2419 3832 2805 3900 peccaverunt
2837 3827 3014 3895 (Rom.
3035 3827 3113 3895 v).
3148 3847 3176 3875 »
3213 3826 3283 3881 Et
3304 3837 3542 3881 necesse

1879 3922 1968 3973 est
1991 3923 2055 3973 ut
2072 3918 2253 3990 impia
2275 3916 2645 3973 contentione
2674 3918 2898 3970 asserat
2918 3930 3046 3969 esse
3073 3929 3244 3985 posse
3271 3911 3544 3969 homines

1882 4007 1981 4079 qui
2005 4007 2131 4061 sine
2155 4006 2475 4059 metliatore
2499 4002 3039 4067 Christolilierante
3062 4004 3235 4072 atque
3257 3999 3541 4070 salvante,

1883 4096 2001 4151 sint
2056 4093 2222 4148 liberi
2275 4092 2533 4163 salvique
2569 4108 2601 4145 a
2632 4096 2897 4162 peccato;
2932 4106 3067 4145 cum
3121 4088 3217 4144 ille
3272 4088 3536 4146 dixerit:

1887 4206 1913 4232 α
1947 4183 2071 4237 Non
2104 4186 2191 4237 est
2213 4199 2359 4252 opus
2382 4181 2541 4236 sanis
2566 4178 2849 4247 medicus,
2866 4179 2965 4233 sed
2988 4177 3137 4233 male
3158 4176 3536 4235 habentibus.

1889 4295 1909 4321 α
1946 4273 2073 4327 Non
2129 4270 2257 4325 veni
2312 4286 2519 4325 vocare
2559 4272 2777 4340 justos,
2814 4268 2915 4324 sed
2968 4270 3301 4340 peccatores
3330 4264 3536 4337 (Matth.

1889 4384 1911 4412 ιι
1945 4379 2030 4427 1x;
2068 4361 2194 4414 Luc.
2226 4361 2346 4427 χιι).
2383 4380 2409 4406 u

1955 4448 2121 4505 XXII.
2155 4447 2338 4517 (Ibid.)
2365 4445 2644 4518 Quisquis
2675 4451 2870 4502 autem
2903 4446 3214 4517 dicit,post
3236 4448 3535 4515 acceptam

1886 4538 2294 4596 remissionem
2322 4541 2715 4609 peccatorum,
2740 4536 2822 4591 ita
2841 4550 3202 4607 quemquam
3234 4532 3535 4589 hominem

1879 4631 2043 4701 juste
2072 4626 2284 4683 vixisse
2314 4627 2374 4680 in
2406 4624 2515 4680 hac
2547 4622 2840 4692 carne,vel
2862 4622 3152 4689 vivere,ut
3169 4619 3400 4678 nullum
3431 4619 3539 4678 ha-

121 4720 376 4771 ratorem
409 4714 880 4787 salvatoremque
911 4717 1260 4788 requireret;
1295 4722 1471 4788 atque
1514 4719 1599 4773 ita
1640 4734 1776 4773 eum
1810 4728 1857 4794 D
1887 4718 2023 4774 beat
2043 4715 2283 4772 omnino
2314 4712 3002 4787 peccatum,contradicit
3025 4708 3287 4783 apostolo
3306 4709 3539 4779 Joanni,

122 4803 300 4860 timor
320 4805 470 4877 legis
487 4804 773 4861 humilem
797 4805 1325 4878 factum,anuam
1341 4807 1694 4879 paedagogus
1707 4808 1776 4863 ad

125 4892 301 4948 ﬁdem
323 4892 697 4966 gratiamque
725 4894 1085 4966 perduceret.
1124 4894 1208 4950 Ita
1237 4893 1645 4966 multiplicatis
1684 4895 1779 4950 in-

126 4980 511 5039 ﬁrmitatibus
539 4986 744 5055 postea
761 4981 1247 5051 acceleraverunt,
1263 4984 1478 5056 quibus
1501 4984 1781 5040 sanandis

126 5061 456 5143 opportune
480 5070 748 5129 Christus
768 5072 1023 5129 advenit.
1043 5072 1106 5127 In
1136 5073 1311 5145 cujus
1328 5073 1577 5145 gratiam
1603 5074 1780 5130 etiam

119 5158 269 5229 justi
300 5159 541 5231 antiqui.
565 5159 966 5229 crediderunt,
988 5161 1193 5218 eadem
1241 5161 1370 5234 ipsa
1418 5162 1611 5235 gratia
1653 5163 1782 5235 ejus

129 5248 336 5319 adjuti,
368 5252 445 5304 ut
467 5248 794 5322 gaudentes
812 5265 950 5307 eum
982 5256 1431 5322 praenoscerent,
1456 5256 1513 5307 et
1543 5252 1783 5323 quidam

1891 4807 1990 4879 qui
2011 4806 2091 4862 ait
2115 4822 2126 4859 :
2154 4828 2181 4853 «ι
2206 4805 2262 4860 Si
2283 4804 2603 4859 dixerimus
2621 4803 2759 4874 quia
2782 4805 3086 4873 peccatum
3100 4817 3216 4856 non
3230 4800 3539 4868 habemus,

1892 4918 1920 4945 «
1951 4912 2056 4951 nos
2079 4895 2238 4965 ipsos
2264 4891 2623 4961 seducimus,
2644 4895 2698 4945 et
2728 4890 2941 4946 veritas
2972 4889 3030 4944 in
3081 4888 3251 4944 nobis
3296 4902 3411 4944 non
3454 4891 3545 4944 est

1893 5008 1921 5035 ‹‹
1952 4986 2002 5053 (I
2018 4985 2173 5040 Joan.
2190 4987 2250 5049 ι).
2277 5003 2303 5030 ››
2324 4980 2447 5036 Non
2472 4979 2628 5034 enim
2654 4979 2734 5035 ait
2759 5001 2785 5027 α
2803 4977 3179 5044 habuimus,»
3203 4976 3304 5033 sed
3331 4975 3546 5032 «habe

1895 5096 1923 5124 ιι
1954 5090 2144 5128 mus.»
2169 5070 2332 5137 Quod
2349 5070 2397 5124 si
2422 5069 2737 5141 quisquam
2757 5065 3048 5123 asseritde
3070 5065 3169 5122 illo
3182 5069 3420 5139 peccato
3432 5064 3549 5121 dic-
3622 5054 3631 5063 ’

1892 5169 2044 5229 tum,
2061 5161 2218 5234 quod
2230 5160 2455 5215 habitat
2466 5158 2524 5212 in
2538 5174 2711 5213 carne
2725 5161 2927 5214 nostra
2950 5153 3203 5224 mortali,
3219 5153 3547 5210 secundum

1892 5252 2103 5307 vitium
2127 5249 2280 5322 quod
2310 5247 2607 5320 peccantis
2631 5246 2805 5319 primi
2827 5244 3086 5301 hominis
3101 5240 3403 5300 voluntate
3418 5257 3552 5298 con-

129 5335 310 5393 etiam
340 5337 812 5410 prsanuntiarent-
833 5355 964 5395 esse
993 5344 1331 5414 venturum,
1353 5340 1442 5396 vel
1474 5341 1533 5396 in
1564 5339 1665 5396 illo
1695 5358 1792 5414 po-
1901 5345 2152 5397 tractum
2176 5342 2284 5406 est,
2301 5338 2471 5409 cujus
2510 5334 2733 5407 peccati
2772 5332 3079 5390 desideriis
3110 5347 3183 5389 ne
3206 5330 3552 5388 obediamus

133 5424 270 5498 pulo
302 5426 676 5497 Israel,siout
715 5426 965 5501 Moyses,
989 5431 1049 5485 et
1075 5427 1216 5485 Jesu
1248 5428 1422 5499 Nave,
1446 5434 1504 5485 et
1533 5430 1791 5499 Samuel,
1904 5429 2121 5488 Paulus
2154 5426 2453 5500 apostolus
2476 5424 2737 5498 praecipit
2770 5441 2783 5479 :
2819 5440 2935 5479 non
2958 5427 3154 5479 autem
3176 5434 3434 5495 peccare,
3450 5418 3552 5492 qui

132 5517 193 5570 et
217 5515 414 5572 caeteri
443 5514 712 5588 tales,vel
733 5521 897 5573 extra
926 5516 1123 5589 ipsum
1146 5516 1622 5590 populum,sicut
1653 5519 1785 5588 Job,
1906 5520 2096 5577 eidem
2128 5520 2383 5590 peccato,
2401 5513 2669 5587 quamvis
2698 5513 2758 5569 in
2786 5530 2958 5571 carne
2978 5509 3290 5582 habitanti,
3316 5509 3387 5565 ad
3420 5505 3554 5565 nul-

133 5602 220 5661 vcl
252 5606 388 5660 ante
419 5602 616 5676 ipsum
638 5604 1118 5678 populum,sicut
1136 5606 1454 5677 Abraham,
1473 5606 1628 5664 sicut
1648 5608 1790 5678 Noe,
1907 5609 2032 5666 lum
2064 5624 2212 5680 opus
2242 5603 2465 5662 malum
2497 5603 2737 5660 omnino
2787 5600 3100 5671 consentit,
3130 5599 3219 5659 vel
3266 5597 3425 5670 facti,
3465 5595 3556 5656 vel

133 5695 192 5746 et
219 5693 563 5765 quicunque
594 5693 693 5750 alii
724 5698 888 5762 sunt,
912 5710 1062 5765 quos
1090 5692 1520 5752 Commemorat
1538 5695 1627 5752 vel
1648 5700 1803 5753 tacet
1908 5696 2174 5767 dicti,vel
2210 5694 2444 5769 cogitati
2455 5692 2754 5765 ,quamvis
2776 5692 2904 5765 ipsa
2924 5688 3403 5763 concupiscentia
3430 5702 3557 5743 mo-

141 5781 343 5838 divina
372 5782 695 5855 Scriptura.
718 5782 883 5840 Unus
916 5782 1072 5839 enim
1104 5784 1281 5852 Deus,
1314 5790 1372 5840 et
1401 5803 1558 5842 unus
1588 5786 1804 5842 media—
1908 5791 2130 5853 veatur,
2150 5802 2278 5856 quae
2301 5783 2414 5840 alio
2437 5782 2608 5838 modo
2632 5781 2853 5853 peccati
2874 5796 3089 5837 nomen
3132 5778 3376 5851 accepit,
3400 5774 3559 5848 quod
