3900 6382
152 472 274 544 117

944 481 1047 545 DE
1088 486 1878 562 PRAEDESTINATIONE‘,
1923 488 2125 565 ETC.,
2170 491 2275 554 EX
2323 493 2800 559 AUGUSTINO.

3473 498 3590 567 118

148 614 352 672 debita
369 618 585 685 nostra,
600 616 658 673 et
688 620 753 672 ut
784 633 900 672 non
932 616 1286 675 inducamur
1312 619 1371 675 in
1404 621 1804 678 tentationem.
1836 619 1892 689 Α
1924 621 2053 679 sine
2082 640 2199 697 qua
2228 624 2376 683 bene
2420 645 2535 684 non
2585 646 2903 702 possumus
2950 631 3200 706 operari,
3234 633 3349 693 cito
3393 638 3588 709 potest

147 704 324 773 Illud,
344 708 408 761 ut
430 705 721 777 praeterita
753 706 1097 778 expientur;
1131 708 1260 776 hoc,
1281 712 1347 765 ut
1396 709 1595 766 futura
1625 711 1813 766 viten-

146 798 270 850 tur.
306 795 470 861 Quod
504 794 642 851 licet
672 812 788 851 non
821 796 940 863 fiat,
957 796 1069 851 nisi
1118 797 1392 855 voluntas
1424 800 1595 871 adsit,
1614 803 1811 857 tamen

146 886 217 938 ut
246 883 369 950 fiat,
399 883 672 939 voluntas
704 883 830 940 sola
860 902 975 941 non
1008 887 1249 942 sufﬁcit.
1284 888 1417 944 Ideo
1447 906 1551 961 pro
1598 889 1708 945 hac
1750 906 1811 947 re

146 988 259 1029 nec
317 973 616 1045 superﬂua
661 990 770 1029 nec
815 974 1134 1047 impudens
1173 976 1419 1033 Domino
1469 977 1810 1035 immolatur

143 1062 356 1118 oratio.
400 1063 548 1118 Nam
581 1063 721 1135 quid
773 1063 1015 1119 stultius
1065 1081 1242 1137 quam
1292 1084 1457 1122 orare
1505 1084 1578 1124 ne
1627 1068 1820 1125 iacias

145 1153 303 1224 quod
336 1152 394 1207 in
427 1155 714 1224 potestate
741 1153 1002 1209 habeas?

220 1243 312 1297 IX.
339 1242 501 1314 (Cap.
550 1241 667 1313 22.)
700 1242 1205 1299 Prasvaricatorcm
1264 1245 1414 1317 legis
1470 1247 1646 1319 digne
1705 1247 1806 1303 lux

143 1331 366 1387 deserit
382 1330 800 1403 veritatis,qua
829 1332 1098 1388 desertus
1130 1332 1334 1405 utique
1356 1340 1639 1403 caecus,et
1670 1336 1802 1408 plus

138 1436 385 1478 necesse
414 1424 505 1477 est
528 1422 880 1487 otl‘endat,ut
897 1422 1155 1478 cadendo
1177 1429 1805 1499 vexetur,vexatusque

141 1528 264 1567 non
313 1514 539 1585 surgat.
574 1510 648 1566 Ut
690 1510 819 1567 ideo
864 1515 1099 1569 tantum
1150 1513 1351 1569 audiat
1399 1530 1598 1571 vocem
1630 1514 1797 1588 legis,

139 1618 261 1674 quo
293 1601 681 1656 admoneatur
709 1599 1023 1672 implorare
1052 1603 1300 1673 gratiam
1335 1604 1671 1660 Salvatoris.

215 1690 282 1746 X.
306 1691 470 1762 (Cap.
498 1690 616 1757 23,)
649 1688 929 1746 Molestiis
980 1692 1294 1747 exercitata
1342 1693 1461 1747 vita
1496 1695 1798 1765 justorum

134 1779 509 1853 splendidius
520 1778 734 1834 enituit
752 1797 763 1847 ;
780 1783 838 1834 et
850 1794 949 1835 eas
962 1795 1065 1852 per
1082 1781 1424 1853 patientiam
1441 1784 1793 1854 superando,

130 1870 423 1941 majorem
439 1866 687 1941 gloriam
710 1868 1090 1939 comparavit,
1109 1870 1209 1924 sed
1233 1870 1301 1924 ad
1303 1872 1438 1942 juta
1457 1872 1647 1943 gratia
1669 1872 1792 1939 Dei,

1922 712 2236 786 subrepere
2267 717 2462 773 animo
2489 718 2774 788 humano,
2801 725 2869 775 ut
2905 723 3062 795 quod
3102 723 3248 779 bene
3283 729 3580 806 operatur,

1921 819 2097 858 suum
2128 808 2540 863 tantummodo
2558 809 2857 865 existimet
2876 814 2933 867 et
2950 812 3107 867 dicat
3126 812 3187 867 in
3219 814 3586 876 abundantia

1920 906 2074 947 sua:
2113 912 2142 941 «
2180 893 2307 949 Non
2356 896 2634 951 movebar
2680 897 2739 952 in
2783 902 3065 954 aeternum
3115 901 3288 971 (Psal.
3339 904 3513 977 xxxv).
3546 928 3579 958 »

1920 980 2051 1036 Ideo
2082 981 2181 1053 qui
2209 981 2267 1037 in
2317 983 2618 1041 voluntate
2662 1003 2772 1042 sua
2817 989 3172 1060 praistiterat
3215 991 3411 1048 decori
3449 995 3580 1066 ejus

1913 1069 2438 1137 virtutem,avertit
2478 1074 2682 1130 faciem
2709 1093 2879 1131 suam
2900 1077 3314 1150 paululum,ut
3342 1082 3446 1154 qui
3466 1083 3578 1141 hoc

1916 1160 2141 1237 dixerat
2183 1162 2347 1217 fieret
2396 1166 2807 1234 conturbatus,
2840 1167 3120 1239 quoniam
3171 1168 3296 1242 ipse
3344 1176 3435 1229 est
3477 1173 3577 1232 ille

1914 1253 2113 1305 tumor
2141 1252 2442 1307 sanandus
2491 1252 2796 1310 doloribus
2845 1255 2995 1328 (Cap.
3047 1260 3162 1326 28).
3196 1258 3322 1316 Non
3373 1260 3575 1335 itaque

1914 1337 2129 1394 dicitur
2158 1338 2384 1394 homini
2420 1355 2433 1394 :
2467 1341 2715 1397 Necesse
2745 1347 2835 1398 est
2864 1361 3214 1416 peceare,ne
3245 1365 3448 1421 pecces
3469 1352 3572 1409 sed

1914 1427 2129 1483 dicitur
2156 1428 2382 1484 homini
2407 1448 2418 1482 :
2446 1430 2674 1485 Deserit
2694 1430 3063 1503 aliquantum
3086 1434 3263 1505 Deus,
3287 1439 3441 1495 unde
3472 1457 3573 1496 su-

1913 1516 2127 1589 perbis,
2163 1521 2226 1572 ut
2256 1518 2407 1574 scias
2440 1536 2555 1575 non
2591 1523 2784 1589 tuum,
2809 1523 2909 1577 sed
2942 1524 3071 1595 ejus
3104 1541 3257 1593 esse,
3289 1529 3345 1582 et
3377 1525 3572 1587 discas

1911 1607 2201 1678 superbus
2232 1625 2345 1664 non
2380 1625 2533 1665 esse.

1980 1693 2093 1748 XV.
2130 1696 2283 1766 (Cap.
2336 1696 2701 1767 30.)Vitium
2764 1717 2878 1771 quo
2941 1707 3246 1772 peccatum
3306 1702 3615 1763 commit?

1908 1782 2072 1847 titur,
2109 1784 2369 1838 nondum
2404 1786 2561 1839 omni
2610 1801 2676 1840 ex
2716 1791 2879 1858 parte
2928 1793 3205 1846 sanatum
3259 1795 3366 1848 est.
3402 1794 3566 1860 Quod

1909 1870 2145 1940 quidem
2179 1876 2244 1926 ut
2267 1873 2857 1935 inolesceret,de'non
2883 1880 3033 1933 recte
3059 1895 3165 1935 usa
3192 1881 3443 1937 sanitate
3472 1882 3567 1939 de-

128 1959 339 2030 adjuta
368 1957 588 2029 Spiritu
621 1957 965 2029 Dei,adjuta
995 1958 1399 2014 misericordia
1420 1960 1542 2027 Dei,
1563 1977 1677 2016 non
1702 1978 1794 2015 su-
1822 1995 1870 2060 B
1905 1957 2153 2013 scendit.
2179 1959 2258 2013 Ex
2292 1977 2405 2031 quo
2436 1960 2574 2015 vitio
2600 1963 2725 2031 jam
2760 1963 2909 2018 male
2942 1964 3165 2035 valens,
3187 1966 3273 2021 vel
3317 1967 3563 2024 infirmi-

124 2048 313 2119 perba
332 2045 633 2102 voluntate
663 2062 724 2101 se
744 2045 1164 2113 extollens,sed
1187 2046 1397 2101 humili
1423 2049 1788 2105 confessione
1822 2045 1870 2060 "
1900 2050 2035 2111 tate,
2058 2047 2147 2102 vel
2180 2048 2435 2103 caecitate
2468 2049 2638 2121 plura
2670 2050 3007 2107 committit.
3032 2054 3139 2109 Pro
3179 2072 3296 2126 quo
3335 2055 3562 2128 suppli-

124 2135 539 2194 fortitudinem
572 2150 931 2207 promerens.
957 2135 1206 2191 Noverat
1235 2136 1393 2191 enim
1414 2137 1530 2193 Deo
1552 2137 1746 2193 dicere
1770 2154 1786 2194 :

125 2248 155 2278 ε(
187 2224 480 2293 Quoniam
511 2228 577 2280 tu
614 2241 677 2280 es
706 2223 992 2296 patientia
1022 2241 1155 2281 mea
1185 2226 1357 2294 (Psal.
1393 2229 1541 2296 Lxx).
1578 2248 1605 2277 η

196 2314 293 2371 XI.
325 2316 481 2386 (Cap.
521 2312 637 2385 25.)
696 2311 931 2369 Utinam
981 2330 1095 2369 non
1146 2313 1357 2371 fuisset
1406 2314 1665 2383 miseria,
1718 2332 1790 2374 ne

123 2404 243 2460 ista
272 2407 428 2459 esset
457 2401 862 2459 misericordia
890 2402 1249 2460 necessaria!
1283 2404 1393 2460 Sed
1417 2404 1789 2478 iniquitatem

123 2491 374 2566 peccati,
403 2495 566 2548 tanto
596 2490 945 2564 graviorem,
971 2496 1195 2564 quanto
1220 2492 1452 2549 facilius
1473 2493 1649 2551 homo
1672 2512 1789 2551 non

125 2584 600 2653 peccaret,quem
614 2579 778 2636 nulla
798 2579 992 2636 adhuc
1014 2582 1253 2637 tenebat
1276 2581 1791 2656 infirmitas,pmna

118 2668 466 2742 justissima
482 2669 797 2725 subsecuta
817 2672 1001 2735 est,ut
1016 2670 1343 2727 mercedem
1368 2676 1636 2728 mutuam
1650 2689 1788 2744 pec-

128 2759 246 2815 cati
282 2758 376 2814 sui
408 2758 466 2812 in
500 2758 820 2830 semetipso
850 2759 1439 2829 reciperet,amittens
1470 2762 1580 2816 sub
1604 2778 1665 2817 se
1687 2779 1786 2833 po-

128 2849 313 2905 sitam
327 2848 418 2902 sui
437 2848 698 2919 corporis
722 2847 1157 2918 quodammodo
1180 2847 1593 2914 obedientiam,
1609 2867 1786 2921 quam

127 2937 490 3011 praecipuam
524 2937 635 2993 sub
668 2936 909 2992 domino
940 2953 1048 2992 suo
1078 2937 1201 3009 ipse
1232 2942 1684 3010 contempserat.
1720 2941 1789 2995 Et

126 3026 290 3099 quod
323 3043 479 3081 nunc
508 3042 644 3081 eum
674 3026 878 3080 eadem
904 3023 1032 3097 lege
1058 3025 1277 3096 peccati
1310 3026 1630 3093 nascimur,
1657 3043 1785 3098 qua:

123 3116 184 3171 in
220 3114 508 3170 membris
531 3112 750 3168 nostris
770 3117 1059 3185 repugnat
1078 3112 1191 3185 legi
1223 3113 1655 3186 mentis,neque
1685 3116 1785 3170 ad-

121 3218 335 3261 versus
365 3204 550 3258 Deum
581 3216 1176 3272 murmurare,neque
1206 3206 1409 3256 contra
1441 3219 1562 3258 rem
1597 3205 1783 3259 mani-

122 3292 514 3350 festissimam
544 3290 868 3361 disputare,
900 3290 1002 3345 sed
1033 3306 1137 3362 pro
1168 3307 1339 3363 pmna
1369 3290 1532 3348 illius
1564 3293 1786 3349 miscri-

120 3380 393 3438 cordiam
425 3393 682 3449 qumrere
715 3381 771 3433 et
800 3394 964 3435 orare
995 3379 1298 3445 debemus,

194 3468 323 3526 XII.
355 3467 490 3539 (Cap
509 3467 626 3538 26.)
658 3466 821 3522 Sicut
868 3467 1130 3536 vulnere,
1169 3468 1328 3524 verbi
1379 3471 1585 3542 gratia,
1622 3470 1784 3527 clau-

122 3560 338 3614 dicans
360 3556 488 3611 ideo
510 3559 773 3621 curatur,
799 3560 883 3621 ut,
909 3562 1113 3612 sanato
1155 3557 1309 3612 malo
1340 3559 1651 3630 prazterito,
1697 3560 1784 3614 fu-

122 3652 303 3703 turus
319 3645 612 3716 dirigatur
631 3645 927 3711 incessus;
960 3643 1043 3700 sic
1062 3645 1217 3700 mala
1232 3650 1433 3702 nostra
1457 3664 1570 3702 non
1594 3647 1785 3703 solum

126 3736 205 3790 ad
240 3733 349 3788 hoc
381 3749 675 3804 supernus
706 3733 972 3789 medicus
1022 3739 1211 3801 sanat,
1263 3739 1329 3790 ut
1376 3734 1475 3791 illa
1512 3738 1640 3808 jam
1672 3754 1788 3794 non

126 3826 276 3890 sint,
309 3823 409 3878 sed
440 3826 506 3877 ut
553 3823 628 3878 de
674 3825 883 3877 caetero
915 3826 1069 3878 recte
1115 3824 1419 3879 ambulare
1468 3826 1791 3897 possimus.

126 3911 299 3979 Quod
331 3910 568 3982 quidem
600 3909 777 3965 etiam
812 3910 941 3965 sani
994 3927 1109 3966 non
1163 3911 1273 3969 nisi
1326 3911 1424 3968 illo
1477 3915 1791 3986 adjuvante

128 4001 474 4075 poterimus.

202 4090 347 4147 XIII.
381 4089 565 4159 (Ιὺίἀ.)
613 4089 873 4145 Medicus
918 4089 1114 4157 homo,
1167 4107 1302 4146 cum
1355 4093 1646 4147 sanaverit
1689 4093 1795 4149 ho-

130 4178 374 4245 minem,
399 4178 528 4249 jam
561 4178 632 4233 de
663 4182 872 4233 caetero
897 4180 1359 4234 sustentandum
1392 4179 1698 4236 clementis
1739 4187 1796 4237 et

133 4266 435 4324 alimentis
465 4265 891 4338 corporalibus,
911 4270 977 4321 ut
1005 4267 1209 4322 eadem
1242 4269 1468 4323 sanitas
1498 4272 1632 4339 apto
1662 4271 1798 4325 sub-

134 4356 288 4412 sidio
319 4354 691 4411 convalescat
723 4357 898 4426 atque
927 4354 1226 4426 persistat,
1258 4355 1374 4411 Deo
1406 4356 1672 4425 dimittit,
1694 4359 1796 4429 qui

134 4445 358 4518 praebet
388 4444 504 4500 ista
535 4444 595 4500 in
629 4459 803 4499 carne
832 4442 1185 4511 viventibus,
1209 4444 1380 4515 cujus
1406 4450 1573 4501 erant
1619 4447 1797 4503 etiam

135 4533 241 4591 illa
272 4549 403 4604 quis
433 4533 576 4588 dum
608 4536 839 4588 curaret
870 4532 1205 4589 adhibebat.
1240 4533 1364 4589 Non
1395 4536 1553 4590 enim
1593 4552 1797 4608 quem-

138 4639 321 4696 quam
343 4622 607 4679 medicus
622 4638 690 4677 ex
710 4621 805 4677 his
826 4622 1001 4678 rebus
1015 4638 1164 4693 quas
1179 4622 1304 4694 ipse
1316 4624 1595 4680 creaverit
1607 4631 1797 4695 sanat,

1899 2136 2152 2191 candum
2179 2140 2267 2193 est
2289 2142 2353 2192 ut
2374 2142 2713 2206 sanetur,ut
2732 2141 3013 2213 deinceps
3034 2143 3092 2198 in
3117 2137 3399 2216 perpetua
3410 2146 3562 2201 sani-

1899 2229 2018 2280 tate
2039 2225 2295 2293 vivatur;
2321 2244 2437 2283 nen
2463 2228 2948 2299 superbiendum,
2966 2230 3137 2303 quasi
3158 2231 3335 2287 homo
3355 2232 3561 2289 eadem

1900 2317 2190 2386 potestate
2221 2318 2481 2383 sanetur,
2515 2333 2632 2388 qua
2662 2321 2948 2389 potestate
2978 2318 3220 2376 vitiatus
3251 2325 3360 2377 est.

1971 2403 2112 2459 XVI.
2147 2406 2303 2476 (Cap.
2335 2406 2450 2473 3i.)
2486 2405 2679 2477 Ipsam
2724 2406 3085 2478 superbiam,
3121 2425 3250 2481 quae
3294 2407 3354 2464 in
3405 2413 3562 2467 recte

1899 2490 2071 2548 factis
2093 2492 2291 2549 animo
2313 2492 2627 2549 insidiatur
2644 2494 3052 2563 humano,non
3068 2497 3181 2552 cito
3194 2496 3348 2553 Deus
3365 2502 3555 2554 sanat.

1902 2580 2007 2636 Pro
2034 2598 2152 2653 qua
2180 2583 2446 2638 sananda
2493 2581 2575 2637 illi
2610 2582 2718 2656 piae
2751 2584 2960 2639 animm
3010 2601 3144 2641 cum
3192 2585 3471 2660 lacrymis
3503 2591 3561 2645 et

1901 2671 2133 2743 magnis
2166 2671 2484 2743 gemitibus
2517 2672 2873 2745 supplicant,
2909 2679 2975 2729 ut
3005 2674 3077 2730 ad
3108 2691 3237 2730 eam
3269 2691 3559 2749 superan-

1901 2760 2035 2814 dam
2063 2764 2119 2814 et
2163 2761 2596 2832 quodammodo
2648 2762 3012 2829 calcandam,
3048 2768 3105 2818 et
3152 2764 3556 2834 obterendum,

1898 2847 2195 2902 dexteram
2230 2849 2583 2904 conantibus
2623 2850 2902 2921 porrigat,
2939 2867 3073 2906 cum
3122 2856 3380 2908 extrema
3426 2853 3557 2925 ejus

1899 2938 2110 2992 umbra
2131 2936 2231 2991 illo
2261 2938 2502 2993 meridie
2524 2943 2812 3009 quantum
2837 2939 3088 2994 arbitror
3116 2940 3551 2997 absorbebitur.

1898 3024 2002 3091 Qui
2037 3025 2335 3093 meridies,
2367 3026 2671 3099 Scriptura
2719 3025 2968 3093 dicente,
2989 3026 3350 3098 promittitur
3381 3043 3395 3083 :
3433 3050 3462 3079 «
3483 3029 3556 3086 Et

1903 3137 1921 3161 α
1958 3114 2166 3168 educet
2188 3113 2354 3185 quasi
2387 3113 2584 3169 lumen
2617 3114 2906 3185 justitiam
2939 3120 3123 3182 tuam,
3158 3120 3214 3171 et
3254 3117 3553 3188 judicium

1899 3226 1924 3250 α
1958 3207 2127 3257 tuum
2159 3202 2313 3257 sicut
2343 3203 2669 3268 meridiem,
2705 3226 2731 3252 ››
2771 3203 2819 3257 si
2871 3204 2937 3258 ﬁt
2987 3203 3143 3275 quod
3190 3222 3369 3278 supra
3406 3198 3551 3262 scri-

1897 3295 2061 3364 ptum
2092 3294 2180 3345 est
2214 3308 2226 3345 :
2262 3313 2287 3339 ‹‹
2315 3290 2520 3346 Revela
2552 3290 2797 3346 Domino
2834 3292 2989 3347 viam
3016 3297 3271 3363 tuam,et
3290 3310 3461 3366 spera
3489 3293 3550 3351 in

1902 3403 1929 3428 «
1961 3395 2117 3445 eum,
2152 3383 2208 3434 et
2239 3380 2365 3450 ipse
2388 3380 2559 3434 faciet
2589 3381 2757 3450 (Psal.
2791 3385 3003 3448 xxxvx).
3039 3404 3066 3431 ιι

1967 3467 2134 3523 XVII.
2170 3467 2354 3537 (Ibid)
2386 3468 2711 3539 Operamur
2751 3474 2807 3524 et
2852 3472 3095 3535 nos,sed
3130 3471 3244 3528 Deo
3277 3476 3552 3544 operante

1899 3574 2299 3629 cooperamur,
2325 3558 2464 3628 quia
2497 3559 2896 3614 misericordia
2930 3561 3056 3628 ejus
3105 3561 3382 3633 praevenit
3421 3577 3548 3619 nos.

1899 3647 2179 3701 Prenvenit
2210 3650 2403 3701 autem
2429 3653 2492 3700 ut
2516 3664 2813 3714 sancmur,
2832 3648 2967 3719 quia
2987 3652 3042 3703 et
3071 3649 3466 3722 subsequetur
3486 3655 3553 3707 ut

1898 3737 2074 3790 etiam
2103 3734 2293 3789 sanati
2317 3740 2668 3805 vegetamur.
2688 3735 2968 3790 Praevenit
2992 3739 3054 3790 ut
3086 3752 3377 3806 vocemur,
3407 3738 3552 3796 sub-

1901 3828 2178 3896 sequetur
2206 3828 2270 3878 ut
2289 3822 2705 3895 gloriﬁccmur.
2742 3823 3019 3879 Praevenit
3051 3830 3115 3879 ut
3142 3825 3235 3896 pie
3262 3826 3552 3896 vivamus,
3604 3838 3609 3845 '

1901 3914 2298 3983 subsequatur
2328 3915 2391 3964 ut
2408 3928 2541 3965 cum
2566 3911 2665 3964 illo
2685 3927 2918 3982 semper
2945 3911 3240 3979 vivamus;
3264 3912 3404 3984 quia
3423 3912 3551 3971 sine

1902 4002 2001 4056 illo
2025 4000 2375 4055 nihilfacere
2393 4016 2730 4069 possumus.
2749 3998 3073 4070 Utrumque
3088 3999 3245 4054 enim
3269 3999 3556 4072 scriptum

1902 4094 2009 4153 est,
2046 4094 2122 4151 et,
2152 4110 2179 4137 ‹‹
2212 4088 2364 4142 Deus
2400 4104 2585 4151 meus,
2620 4086 3023 4141 misericordia
3069 4087 3197 4158 ejus
3248 4089 3562 4160 praeveniet

1908 4201 1936 4227 ι(
1971 4193 2064 4232 me
2116 4178 2287 4245 (Psal.
2337 4178 2528 4247 LVIII);
2566 4198 2592 4225 η
2629 4181 2684 4231 ct
2720 4193 2730 4230 :
2770 4200 2788 4224 ‹ι
2831 4176 3231 4234 Misericordia
3269 4181 3371 4235 tua
3418 4179 3561 4235 sub-

1909 4269 2249 4337 «sequetur
2300 4282 2392 4320 me
2451 4282 2553 4336 per
2609 4282 2812 4321 omnes
2870 4264 2994 4322 dies
3042 4266 3172 4322 vita:
3219 4282 3360 4324 mea:
3395 4268 3567 4341 (Psal.

1913 4378 1940 4405 ί(
1971 4359 2130 4421 XXII).
2172 4377 2191 4401 ιι

1976 4443 2176 4500 XVIII.
2210 4442 2393 4512 (Ιὺὶιί.)
2429 4442 2774 4499 Rcvelcmus
2807 4444 2877 4498 ad
2912 4444 3229 4500 Dominum
3278 4444 3433 4500 viam
3464 4460 3564 4501 no-

1911 4540 2095 4590 stram
2150 4530 2534 4601 confessione,
2571 4548 2685 4586 non
2731 4532 3070 4588 defensione
3120 4532 3453 4588 laudemus.
3502 4532 3565 4589 Si

1910 4622 2068 4680 enim
2103 4638 2218 4677 non
2251 4626 2341 4676 est
2370 4619 2557 4693 ipsius
2587 4620 2699 4685 via,
2733 4620 2834 4676 sed
2887 4624 3111 4692 nostra,
3136 4620 3338 4693 procul
3388 4620 3567 4677 dubio

140 4712 243 4769 sed
263 4727 333 4767 ex
352 4709 516 4766 illius
535 4711 750 4783 Opibus
770 4709 870 4782 qui
895 4714 1053 4766 creat
1072 4711 1271 4767 omnia
1290 4714 1619 4769 necessaria
1641 4713 1801 4771 sanis
1829 4721 1878 4788 Ι)
1910 4729 2025 4767 non
2061 4716 2148 4767 est
2179 4715 2357 4766 recta.
2384 4709 2725 4766 Revelemus
2748 4725 2876 4764 eam
2905 4708 3257 4777 conﬁtendo,
3277 4709 3416 4781 quia
3445 4724 3564 4767 non

140 4804 322 4871 atque
350 4799 599 4855 vitiosis.
624 4800 755 4872 Ipse
792 4804 991 4855 autem
1023 4799 1198 4866 Deus,
1230 4816 1362 4855 cum
1418 4817 1522 4872 per
1571 4803 1797 4859 media-

140 4891 332 4944 torem
367 4887 467 4943 Dei
493 4891 552 4943 et
580 4886 889 4943 hominum
920 4885 1219 4944 hominem
1251 4888 1453 4945 Jesum
1498 4889 1798 4947 Christum

141 4975 470 5049 spiritalem
504 4979 672 5031 sanat
703 4992 943 5048 aagrum,
976 4974 1065 5030 vel
1094 4976 1347 5032 viviﬁcat
1390 4983 1711 5046 mortuum,
1740 4980 1795 5035 id

141 5068 235 5122 est
256 5065 549 5135 justiﬁcat
576 5064 849 5137 impium,
882 5070 941 5121 et
967 5081 1101 5121 cum
1135 5066 1203 5121 ad
1238 5066 1551 5137 perfectam
1577 5068 1799 5124 sanita-

142 5159 286 5221 tem,
319 5153 429 5208 hoe
459 5157 549 5209 est
577 5153 650 5209 ad
683 5153 999 5225 perfectam
1029 5152 1209 5210 vitam
1234 5154 1650 5227 justitiamque
1672 5174 1798 5228 per-

139 5240 391 5310 duxerit,
408 5254 526 5296 non
550 5241 857 5309 deserit,si
878 5258 994 5297 non
1021 5243 1344 5311 deseratur,
1362 5247 1426 5298 ut
1446 5244 1540 5315 pie
1569 5260 1803 5316 semper

132 5332 413 5403 justeque
440 5330 689 5386 vivatur.
704 5329 871 5385 Sicut
896 5329 1054 5386 enim
1083 5330 1287 5385 oculus
1318 5332 1598 5405 corporis,
1618 5332 1793 5389 etiam

143 5419 486 5493 plenissime
519 5433 722 5485 sanus,
758 5417 872 5472 nisi
898 5420 1150 5475 candore
1191 5418 1340 5476 lucis
1391 5421 1654 5492 adjutus,
1679 5439 1793 5478 non

143 5513 338 5580 potest
369 5522 623 5575 cernere,
658 5505 743 5561 sic
775 5505 948 5561 homo
979 5508 1155 5562 etiam
1179 5508 1605 5579 perfectissime
1618 5510 1796 5580 justi-

146 5599 377 5669 ﬂcatus,
410 5596 525 5653 nisi
555 5600 771 5652 aiterna
802 5594 931 5651 lucc
963 5596 1244 5653 divinitus
1284 5598 1611 5668 adjuvetur,
1644 5603 1799 5654 recte

149 5703 264 5742 non
298 5689 487 5759 potest
516 5686 725 5741 vivere.

222 5775 363 5830 XIV.
408 5778 560 5848 (Cap.
620 5778 736 5844 27.)
797 5774 1035 5848 Propter
1099 5774 1457 5832 voluntatem
1517 5779 1798 5845 nostram,

1908 4818 2043 4857 eum
2102 4801 2257 4867 latet,
2293 4801 2523 4857 etiamsi
2586 4798 2806 4871 operire
2866 4814 3145 4854 conemur
3173 4801 3329 4870 (Cap.
3361 4801 3560 4868 nm).

1909 4893 2135 4948 Bonum
2168 4895 2256 4947 est
2289 4894 2482 4946 autem
2515 4887 2777 4944 conﬁteri
2810 4888 3077 4943 Domino.
3100 4887 3185 4944 Ita
3215 4887 3371 4943 enim
3406 4888 3561 4959 quod

1909 4981 1960 5037 ei
1991 4980 2178 5052 placet
2209 4979 2370 5035 dabit
2399 4980 2588 5042 nobis,
2624 4978 2671 5033 si
2707 4978 2861 5048 quod
2894 4977 2942 5031 ei
2978 4975 3248 5048 displicet
3277 4976 3337 5031 in
3368 4976 3559 5044 nobis,

1911 5068 2215 5140 displiceat
2247 5076 2302 5124 et
2333 5068 2519 5124 nobis.
2559 5090 2585 5115 «ι
2619 5071 2866 5131 Avertet,
2889 5090 2915 5114 η
2952 5066 3105 5122 sicut
3135 5065 3418 5138 scriptum
3450 5069 3562 5134 est,
3664 5128 3673 5131 _

1916 5182 1940 5207 α
1967 5158 2207 5214 semitas
2230 5162 2460 5212 nostras
2484 5174 2515 5211 a
2547 5158 2637 5211 via
2668 5173 2840 5221 sua,»
2877 5160 2933 5211 et
2965 5160 3225 5210 nostram
3251 5153 3422 5209 faciet
3436 5170 3565 5210 esse

1913 5264 2039 5319 quae
2062 5263 2170 5302 sua
2201 5251 2309 5314 est,
2332 5245 2608 5318 quoniam
2639 5245 2707 5299 ab
2733 5245 2857 5317 ipso
2881 5244 3173 5316 praebetur
3191 5240 3566 5299 credentibus

1904 5337 1963 5391 in
1995 5352 2129 5392 eum
2162 5340 2218 5390 et
2248 5334 2625 5406 sperantibus
2663 5334 2721 5387 in
2753 5349 2909 5400 eum,
2945 5335 3012 5387 ut
3043 5331 3167 5404 ipse
3199 5330 3394 5387 faciat.

1977 5423 2115 5479 XIX.
2149 5425 2310 5494 (Cap.
2336 5425 2451 5491 34.)
2473 5422 2595 5477 Νοη
2638 5423 2921 5478 debemus
2954 5420 3038 5476 sic
3071 5419 3311 5476 laudare
3340 5417 3566 5475 Creato-

1908 5516 2125 5580 rem,ut
2140 5509 2768 5584 cogamurdicere,imo
2786 5526 2917 5564 vere
2940 5508 3360 5566 convincamur
3377 5505 3569 5563 dicere

1911 5602 2274 5673 superﬂuum
2290 5598 2661 5655 Salvatorem.
2681 5599 2966 5654 Naturam
2990 5597 3187 5669 itaque
3213 5594 3473 5654 hominis
3486 5594 3570 5650 di-

1910 5690 2042 5763 gnis
2056 5689 2330 5745 laudibus
2343 5688 2620 5745 honorem
2633 5704 2942 5759 us,easque
2966 5686 3170 5743 laudes
3194 5687 3265 5742 ad
3278 5682 3568 5742 Creatoris

1912 5779 2160 5850 gloriam
2200 5777 2668 5835 referamus.Sed
2711 5777 2851 5847 quia
2882 5792 2988 5832 nos
3012 5774 3244 5845 creavit,
3269 5774 3350 5831 ita
3379 5773 3567 5831 simus
