3900 6402
316 445 435 547 μθ

1532 441 1936 525 ΑΜυιοΝιβ
1981 441 2226 533 EPISC.
2273 442 2505 515 Luco.

3613 446 3745 529 me

315 584 488 662 grati,
513 586 580 651 ut
609 600 724 651 non
754 580 966 653 simus,
999 579 1140 654 quia
1170 582 1357 647 sanat,
1393 578 1630 654 ingrati.
1645 578 1800 637 Vitia
1828 595 1970 649 sane
2001 575 2150 659 Adit
2178 580 2380 648 fuisse,
2405 582 2792 655 praesentibus
2823 585 3216 656 urgetur,non
3249 581 3547 656 prmterita
3561 582 3741 641 reuni-

316 672 519 747 n'ostra
549 689 675 747 qua:
705 674 1021 743 sanat,n_on
1043 668 1238 725 divino
1259 667 1549 741 operi,sed
1572 669 1844 729 humanae
1874 686 1969 724 vo-

318 744 855 843 luntati,justaaque
886 759 1046 816 illius
1077 758 1346 814 vindictae
1384 758 1869 815 tribuamus.Scd
1910 762 1976 816 ut

318 856 376 911 in
404 854 603 923 nostra
632 852 918 923 potestate
940 847 1122 904 fuisse
1144 863 1215 904 ne
1235 847 1579 903 accederent
1599 847 1969 916 confitemur,

317 928 399 1017 ita
429 945 494 997 ut
520 940 807 1013 sanentur
834 938 895 994 in
922 936 1083 994 illius
1131 938 1321 1011 magis
1372 954 1499 992 esse
1545 936 1968 1005 misericordia,

316 1047 493 1107 quam
526 1029 586 1097 in
616 1032 822 1105 nostra
849 1030 1137 1100 potestate
1165 1026 1475 1082 fateamur.

385 1120 499 1181 XX.
535 1120 687 1195 (Cap.
718 1118 833 1191 35.)
865 1116 1268 1184 Quorumdam
1315 1114 1603 1189 exempla,
1638 1133 1787 1188 quos
1833 1133 1969 1188 pec-

314 1228 482 1287 casse
510 1196 784 1285 legimus,
820 1225 935 1265 non
985 1206 1114 1275 ideo
1158 1205 1381 1279 scripta
1427 1204 1573 1260 dicit
1624 1203 1723 1278 qui
1756 1223 1967 1263 sanum

314 1301 470 1377 sapit
499 1302 566 1374 ut
595 1298 675 1367 ad.
697 1296 1167 1373 desperationem
1189 1312 1304 1351 non
1328 1294 1606 1369 peccandi
1636 1294 1889 1362 valeant,
1911 1300 1971 1353 et

313 1390 690 1465 securitatem
722 1386 999 1463 peccandi
1031 1384 1203 1453 nobis
1232 1384 1665 1457 quodammodo
1715 1385 1971 1459 prtsbere

311 1479 655 1555 videantur;
687 1477 789 1553 sed
820 1480 886 1532 ut
906 1476 1288 1542 disceremus,
1310 1473 1397 1529 vel
1430 1472 1757 1548 paenitendi
1781 1474 1971 1531 humi-

312 1569 561 1636 litatem,
594 1568 684 1624 vel
711 1566 889 1623 etiam
923 1566 981 1622 in
1032 1564 1250 1620 talibus
1291 1562 1559 1635 lapsibus
1607 1580 1723 1620 non
1772 1564 1970 1636 despc-

315 1658 565 1717 randam
590 1654 862 1731 salutem.
888 1653 1137 1722 Quidam
1168 1653 1327 1715 enim
1360 1652 1419 1708 in
1454 1657 1690 1725 peccata
1712 1651 1966 1727 prolapsi

316 1736 726 1820 desperatione
746 1743 881 1819 plus
895 1746 1164 1817 pereunt,
1178 1758 1283 1801 nec
1300 1741 1492 1803 solum
1515 1742 1835 1816 pmnitendi
1868 1759 1968 1801 ne-

313 1834 549 1911 gligant
579 1834 954 1903 medicinam,
988 1833 1089 1889 sed
1122 1834 1198 1888 ad
1240 1831 1527 1904 explenda
1575 1831 1887 1889 inhonesta
1912 1838 1972 1889 et

2083 667 2349 741 niscitur.
2380 671 2495 730 Nec
2552 675 2787 731 tantum
2843 675 3267 745 repugnantem
3315 670 3492 743 videt,
3524 688 3739 731 verum

2082 757 2257 816 etiam
2289 758 2675 833 captivantem
2712 776 2773 817 se
2800 760 2865 816 in
2913 760 3038 833 lege
3085 760 3331 837 peccati,
3361 776 3490 835 qua;
3537 766 3629 825 est
3670 761 3741 833 in

2083 848 2365 907 membris
2397 850 2545 921 ejus,
2562 866 2676 905 non
2698 867 2824 922 quae
2846 850 2976 905 fuit.
2993 851 3143 911 Hinc
3164 855 3254 908 est
3285 850 3442 924 quod
3465 849 3681 908 clamat
3718 868 3733 907 :

2084 959 2111 987 «
2146 936 2349 993 Infelix
2378 938 2574 1005 homo,
2591 937 2725 1011 quis
2765 956 2857 995 me
2879 938 3151 997 liberabit
3171 939 3241 999 de
3263 956 3503 1017 corpore
3522 940 3735 1007 mortis

2084 1048 2112 1074 «
2145 1025 2362 1098 hujus?
2383 1049 2409 1076 »
2444 1028 2619 1095 (Rom.
2652 1029 2777 1099 vu.)
2808 1028 3047 1085 Sinatur
3075 1045 3261 1099 orare,
3292 1028 3524 1095 sinatur
3555 1030 3732 1100 adju-

2078 1116 2294 1171 torium
2344 1116 2556 1172 medici
2603 1117 2910 1189 potentissi
2940 1118 3223 1190 ﬂagitare,
3254 1118 3396 1193 quid
3445 1118 3735 1183 contradi-

2079 1205 2269 1269 citur?
2299 1206 2440 1277 quid
2470 1206 2858 1278 obstrepitur;
2892 1207 3033 1281 quid
3065 1207 3246 1279 miser
3268 1206 3732 1279 misericordiam

2078 1292 2293 1355 Christi
2320 1298 2512 1366 petere
2535 1294 2917 1368 prohibetur?-

2150 1380 2312 1445 XXV.
2340 1382 2494 1456 (Cap.
2517 1385 2633 1452 67.)
2652 1384 3023 1457 Adjutorium
3047 1385 3418 1467 postulamus
3434 1386 3730 1451 dicentes:

2082 1494 2108 1522 «
2143 1472 2225 1531 Ne
2256 1489 2361 1533 nos
2392 1472 2609 1531 inferas
2640 1473 2699 1543 in
2731 1475 3134 1545 mutationem.
3169 1475 3343 1553 Quod;
3369 1475 3734 1553 adjuterium

2079 1579 2195 1618 non
2226 1564 2688 1634 posceremus,si
2721 1562 2915 1629 resisti
2948 1563 3108 1635 nullo
3131 1566 3306 1637 modo
3336 1582 3511 1641 posse
3530 1565 3734 1633 ccede—

2080 1667 2297 1713 remus.
2334 1651 2530 1711 Potest
2553 1656 2857 1733 peccatum
2889 1653 3101 1725 caveri,
3133 1654 3240 1717 sed
3264 1653 3591 1736 opitulante
3632 1653 3733 1723 illo

2078 1738 2180 1811 qui
2213 1757 2329 1803 non
2349 1745 2543 1814 potest
2560 1739 2703 1799 falli.
2716 1741 2863 1803 Nam
2885 1746 2943 1803 et
2962 1740 3069 1803 hoc
3092 1741 3296 1815 ipsum
3310 1742 3387 1801 ad
3406 1742 3737 1811 cavamine;

2079 1833 2384 1902 peccatum
2415 1829 2688 1902 pertinet,
2711 1829 2761 1887 si
2788 1830 3072 1899 veraciter
3100 1828 3354 1901 dicimus
3389 1847 3404 1885 :
3436 1853 3467 1889 α
3492 1828 3738 1901 Dimitte

315 1925 542 2006 nefaria
566 1922 855 1983 desideria
884 1920 1034 1981 servi
1081 1921 1397 1979 libidinum
1445 1925 1525 2015 et-
1552 1921 1970 2015 sceleratarum
1998 1949 2048 2015 Β
2083 1940 2111 1969 κ
2144 1918 2311 2015 nobis
2334 1918 2530 1977 debita
2550 1922 2772 2015 nostra,“
2786 1918 2941 2015 sie-ut
2970 1922 3029 1979 et
3061 1935 3167 2015 nos
3197 1917 3558 2015 dimittimus
3579 1920 3737 2015 debi-

313 2013 706 2093 cupiditatum
754 2011 924 2080 fiunt,
960 2011 1128 2085 quasi
1176 2011 1446 2089 perdant,
1480 2010 1531 2073 si
1574 2028 1690 2071 non
1729 2010 1974 2075 fecerint

312 2104 468 2181 quod
491 2098 1093 2179 instigatlibido,ciJm
1113 2116 1213 2171 eos
1226 2100 1356 2172 jam
1373 2104 1607 2159 maneat
1627 2104 1786 2157 certa
1807 2101 1971 2157 dam-

311 2180 494 2250 natio.
507 2192 802 2265 Adversus
817 2190 976 2265 hunc
995 2180 1288 2263 morbum,
1305 2187 1555 2247 nimium
1574 2188 1970 2262 periculosum

310 2286 371 2339 et
422 2279 798 2357 exitiabilem,
832 2277 985 2349 valet
1041 2278 1522 2339 commemoratio
1574 2282 1968 2349 peccatorum,

311 2370 490 2431 etiam
522 2369 581 2426 in
614 2386 741 2445 qua;
764 2366 916 2443 justi
943 2366 1248 2442 sanctique
1279 2365 1538 2439 prolapsi
1561 2372 1720 2424 sunt.

383 2458 521 2518 XXI.
554 2457 740 2530 (Ibid)
772 2458 898 2516 Non
931 2457 1151 2517 frustra
1175 2454 1353 2513 etiam
1377 2455 1575 2528 justos
1616 2455 1677 2511 in
1709 2456 1971 2512 oratione

315 2552 530 2617 dicere.
564 2570 592 2612 os
614 2544 856 2619 Dimitte
884 2544 1055 2611 nobis
1086 2543 1282 2607 debita
1311 2548 1535 2615 nostra,
1568 2544 1724 2605 sicut
1767 2549 1825 2603 et
1865 2561 1973 2602 nos

322 2661 352 2691 ε(
382 2635 717 2709 dimittibus
745 2633 1115 2694 debitoribus
1165 2632 1382 2691 nostris
1412 2632 1620 2703 (Matth.
1654 2636 1751 2704 γι).
1790 2655 1818 2685 η
1855 2632 1970 2689 Do-

319 2728 671 2799 minumque
689 2723 1013 2791 Christum,
1045 2739 1182 2785 cum
1211 2722 1481 2779 eamdem
1511 2722 1836 2779 orationem
1867 2722 1970 2778 do-

320 2812 506 2885 cendo
549 2813 945 2889 explicuisset,
989 2811 1367 2868 veracissime
1426 2811 1763 2869 subdidisse
1795 2828 1809 2866 :
1846 2834 1873 2863 ‹‹
1912 2812 1974 2868 Si

322 2929 353 2959 α
384 2905 543 2967 enim
555 2903 898 2962 dimiseritis
915 2901 1260 2959 hominibus
1281 2900 1976 2973 peccata,dimittetvobis

325 3018 355 3046 κ
385 2996 555 3060 Pater
582 2996 774 3061 vester
803 2995 1044 3066 peccata
1072 2994 1266 3047 vestra
1293 2989 1498 3061 (Matth.
1530 2992 1631 3059 v1).
1665 3012 1693 3039 »
1728 2990 1834 3046 Per
1865 2990 1975 3046 hoc

320 3080 477 3145 enim
490 3082 903 3156 quotidianum
917 3078 1180 3154 spiritale
1189 3079 1623 3152 quodammodo
1645 3077 1974 3149 incensum,

320 3173 476 3249 quod
510 3176 645 3241 ante
677 3172 860 3231 Deum
883 3170 941 3228 In
977 3168 1158 3227 altare
1186 3169 1401 3238 cordis,
1430 3169 1586 3242 quod
1610 3187 1848 3226 sursum
1880 3169 1979 3225 ha-

318 3263 455 3323 bere
485 3261 892 3328 admonemur,
915 3258 1185 3326 infertur,
1204 3257 1435 3313 etiamsi
1469 3274 1584 3313 non
1616 3256 1713 3313 hie
1749 3257 1976 3313 vivatur

317 3318 447 3408 sine
475 3318 734 3424 peccato,
760 3318 896 3415 licet
926 3347 1074 3403 mori
1106 3318 1232 3413 sine
1262 3351 1522 3420 peccato,
1548 3346 1689 3402 dum
1722 3347 1973 3403 subinde
2003 3318 2048 3386 C

317 3438 491 3513 venia
519 3436 767 3513 deletur,
790 3434 946 3507 quod
977 3435 1227 3497 subinde
1257 3433 1589 3514 ignorantia
1623 3434 1709 3489 vel
1733 3435 1978 3492 inﬁrmi-

319 3530 441 3589 tate
472 3523 881 3597 committitur.

386 3606 557 3677 XXII.
590 3610 743 3684 (Cap.
777 3611 889 3680 t3.)
920 3610 1074 3667 Deus
1107 3615 1229 3669 tam
1285 3611 1478 3666 bonus
1522 3626 1699 3682 quam
1747 3613 1971 3683 justus,

319 3698 498 3775 talem
532 3700 831 3763 hominem
864 3700 1134 3772 fecit,qui
1168 3702 1406 3772 peccato
1438 3716 1633 3783 carere
1656 3701 1971 3771 sufficeret,

320 3792 424 3847 sed
450 3789 500 3857 si
530 3787 990 3858 voluisset.Quis
1023 3788 1179 3845 enim
1211 3804 1347 3844 eum
1372 3789 1560 3845 nescit
1580 3807 1789 3846 sanum
1813 3795 1870 3846 et
1892 3791 1972 3846 in-

318 3878 671 3955 culpabilem
702 3878 1017 3945 factum,et
1047 3877 1229 3935 libero
1261 3876 1502 3956 arbitrio
1524 3883 1696 3950 atque
1715 3880 1786 3935 ad
1812 3881 1974 3951 justo

316 3968 629 4029 vivendum
658 3971 948 4040 potestate
979 3966 1163 4023 libera
1206 3966 1631 4022 constitutum?
1661 3968 1772 4023 Sed
1816 3986 1974 4025 nunc

319 4057 389 4115 de
409 4054 509 4115 illo
540 4056 752 4131 agitur,
777 4072 952 4130 quem
976 4055 1322 4115 semivivum
1353 4054 1608 4111 latrones
1638 4055 1697 4111 in
1717 4056 1809 4113 via
1840 4057 1971 4112 reli-

317 4148 593 4224 querunt.
617 4145 725 4224 Qui
757 4143 1034 4219 gravibus
1066 4144 1305 4200 saucius
1335 4143 1762 4220 confessusque
1778 4146 1973 4203 vulne-

317 4220 507 4301 ribus,
529 4220 657 4289 noni
677 4234 757 4289 ita
788 4237 981 4305 potest
1013 4232 1085 4288 ad
1101 4232 1347 4304 justitiae
1378 4232 1611 4289 culmen
1635 4236 1968 4303 ascendere,

317 4321 473 4377 sicut
504 4310 712 4393 ipotuit
761 4321 897 4376 inde
946 4321 1316 4387 descendere,
1345 4321 1445 4393 qui
1494 4322 1727 4378 etiamsi
1750 4324 1878 4395 jam
1911 4326 1969 4380 in

315 4409 548 4487 stabulo
580 4414 689 4476 est,
710 4409 902 4467 adhuc
933 4409 1330 4465 curatur.Non
1363 4409 1543 4484 igitur
1567 4410 1722 4468 Deus
1750 4412 1971 4485 impos-

314 4497 513 4571 sibilia
522 4499 726 4571 jubet;
761 4498 861 4555 sed
887 4498 1152 4569 jubendo
1184 4498 1462 4554 admonet
1492 4503 1548 4555 et
1580 4499 1766 4556 facere
1814 4502 1970 4585 quod

312 4587 525 4661 possis,
549 4592 609 4659 et
639 4591 834 4659 petere
866 4586 1022 4660 quod
1056 4603 1169 4659 non
1201 4586 1414 4658 possis.

2083 2031 2110 2059 «
2144 2007 2371 2067 toribus
2402 2007 2639 2071 nostris.
2674 2029 2701 2065 ξι
2735 2007 2976 2065 Duobus
3019 2007 3181 2075 enim
3228 2007 3431 2072 modis.
3464 2007 3641 2079 etiam
3670 2008 3735 2071 in

2082 2115 2325 2170 corpore
2348 2101 2584 2167 cavetur
2600 2095 2791 2165 morbi
2818 2094 3065 2165 malum,
3083 2100 3148 2157 ut
3169 2112 3291 2163 non
3306 2095 3537 2169 accidet
3561 2100 3624 2169 ei;
3643 2101 3735 2177 ιιι,

2081 2188 2130 2244 si
2162 2186 2457 2255 acciderit,
2484 2186 2598 2249 cito
2630 2188 2890 2255 sanetur.
2916 2184 2988 2242 Ut
3017 2202 3136 2249 non
3164 2186 3392 2257 accidat
3424 2203 3734 2258 caveamus

2081 2278 2356 2341 dicendo:
2385 2298 2411 2327 «
2434 2276 2515 2332 Ne
2548 2291 2653 2332 nos
2679 2274 2896 2337 inferas
2927 2274 2987 2332 in
3018 2274 3403 2347 mutationem
3427 2292 3439 2332 :
3465 2298 3493 2337 ι)
3526 2281 3592 2333 ut
3618 2277 3733 2341 cito

2082 2371 2343 2433 sanetur,
2379 2381 2689 2429 caveamus
2718 2363 2990 2433 dicendo,
3020 2386 3047 2421 «ι
3079 2363 3331 2439 Dimitte,
3352 2365 3738 2439 nqbisdebita

2085 2478 2113 2506 ‹‹
2146 2460 2365 2519 nostra.
2404 2476 2431 2511 η

2153 2544 2344 2619 XXVI.
2371 2542 2552 2621 (ιιιίά.)
2576 2543 2751 2613 Recte
2779 2543 2937 2600 enim
2960 2543 3208 2614 fortasse
3229 2548 3609 2623 quererentur
3628 2544 3734 2601 ho-

2085 2635 2275 2704 mines
2306 2634 2353 2690 si
2388 2631 2602 2689 erroris
2623 2637 2680 2689 et
2708 2631 2973 2695 libidinis
2995 2630 3197 2691 nullus
3223 2631 3531 2703 hominum
3553 2633 3739 2695 vietor.

2084 2725 2376 2781 existeret.
2410 2723 2558 2779 Cum
2596 2738 2731 2778 vero
2763 2720 2981 2794 ubique
3009 2720 3087 2779 sit
3114 2738 3372 2793 prasens
3400 2721 3511 2794 qui
3530 2721 3740 2793 multis

2084 2812 2277 2869 modis
2300 2829 2403 2884 per
2430 2814 2760 2867 creaturam
2777 2808 2890 2866 sibi
2909 2808 3157 2867 Domine
3178 2809 3522 2871 servientem
3542 2812 3740 2873 adven-

2085 2918 2219 2956 sum
2240 2903 2421 2969 vocet,
2436 2900 2642 2957 doceat
2658 2899 3011 2966 credentem,
3027 2898 3361 2969 consoletur
3378 2904 3737 2971 sperantem,

2085 2991 2426 3064 diligentem
2458 2988 2821 3055 adhortatur,
2852 2991 3160 3047 conantem
3192 2988 3446 3059 adjuvet,
3466 2990 3743 3059 exaudiat

2086 3081 2518 3152 deprecantem,
2535 3096 2650 3135 non
2668 3078 2775 3134 tibi
2795 3078 3111 3151 deputatur
3138 3077 3211 3144 ad
3228 3076 3461 3153 culpam
3483 3080 3637 3155 quod
3654 3078 3740 3137 in-

2084 3169 2240 3226 vitus
2269 3169 2529 3243 ignoras,
2542 3169 2643 3225 sed
2677 3167 2833 3241 quod
2856 3162 3104 3240 negligis
3126 3168 3554 3243 quam.un
3580 3167 3741 3242 igna-

2087 3275 2212 3326 ras;
2246 3273 2436 3330 neque
2470 3256 2616 3314 illud
2646 3257 2800 3330 quod
2831 3255 3139 3321 vulnerata
3164 3254 3430 3327 membra,
3444 3274 3563 3319 non
3581 3256 3739 3319 colli-

2083 3346 2195 3420 gis,
2230 3348 2330 3402 sed
2362 3347 2518 3419 quod
2548 3345 2835 3403 volentem
2864 3361 3073 3402 sanare
3103 3345 3448 3415 contemnis.

2155 3435 2373 3495 XXVII.
2407 3435 2558 3508 (Cap.
2591 3434 2911 3506 67.)Valde
2960 3434 3115 3501 bona
3160 3438 3300 3503 sunt
3345 3440 3652 3509 praecepta,
3683 3435 3734 3509 si

2082 3525 2343 3597 legitime
2374 3524 2467 3582 bis
2502 3528 2755 3582 utamur.
2792 3524 2871 3585 Eo
2912 3522 3129 3599 quippe
3175 3521 3467 3597 ipw,qup
3512 3524 3735 3591 ﬁrmis-

2084 3613 2233 3670 sime
2263 3614 2521 3670 creditur
2546 3614 2730 3670 Deum
2751 3614 2983 3685 justum
3017 3616 3075 3668 et
3103 3612 3329 3685 bonum
3348 3612 3741 3685 imper-tsibilial

2084 3721 2198 3759 non
2231 3702 2492 3775 potuisse
2514 3703 2845 3775 praecipere,
2862 3702 3001 3765 hinc
3020 3702 3428 3773 admonemur,
3447 3702 3581 3767 etin
3599 3703 3736 3769 foci.

2083 3792 2240 3871 libus
2271 3792 2411 3865 quid
2436 3809 2705 3869 agamus,
2729 3795 2787 3857 et
2816 3791 2875 3863 in
2906 3789 3251 3863 difﬁcilibus
3273 3790 3412 3863 quid
3436 3795 3730 3865 petamus.

2081 3882 2292 3941 Omnia
2313 3882 2531 3956 quippe
2562 3882 2713 3953 ﬁunt
2739 3880 2934 3945 facilia
2962 3879 3489 3952 charitati,eui.uui
3518 3880 3734 3954 Christi

2083 3972 2313 4028 sarcina
2345 3970 2484 4027 levis
2515 3975 2622 4037 est,
2656 3974 2760 4025 aut
2788 3986 2858 4025 ea
2897 3986 3015 4025 una
3060 3973 3151 4025 est
3193 3969 3425 4026 sarcina
3451 3968 3582 4043 ipsa
3605 3987 3732 4043 quas

2082 4058 2223 4115 levis
2254 4064 2363 4117 est.
2398 4058 2734 4115 Secundum
2766 4056 2876 4121 hoc
2906 4057 3131 4127 dictum
3161 4060 3275 4131 est,
3307 4080 3330 4108 ι
3365 4061 3425 4131 et
3447 4063 3731 4132 praceptp

2085 4150 2262 4220 «ejus
2285 4148 2482 4220 gravia
2506 4164 2623 4203 non
2640 4150 2781 4201 sunt
2798 4146 2849 4217 (Ι
2863 4146 3120 4218 Joanne);
3142 4168 3169 4197 »ι
3197 4145 3729 4221 utquigraviasunt

2081 4238 2408 4294 consideret
2440 4254 2554 4292 non
2579 4227 2841 4309 potuisse
2872 4230 3153 4291 divinitus
3183 4234 3320 4300 dici,
3345 4256 3374 4287 ‹‹
3394 4234 3592 4308 gravis,
3612 4251 3726 4305 non

2085 4350 2111 4377 ‹‹
2136 4332 2293 4395 sunt,
2320 4350 2346 4378 η
2382 4327 2493 4383 nisi
2528 4326 2665 4399 quia
2694 4329 2889 4405 potest
2934 4339 3063 4383 esse
3112 4323 3304 4381 cordis
3350 4324 3594 4387 aﬂ'ectus
3634 4324 3729 4395 cui

2080 4418 2280 4489 gravia
2312 4433 2425 4472 non
2458 4416 2598 4485 sint,
2614 4419 2670 4477 et
2692 4417 2853 4489 petat
2871 4431 2987 4487 quo
3020 4412 3375 4487 destituitur,
3391 4417 3458 4471 ut
3488 4412 3731 4488 impleat

2079 4506 2237 4578 quod
2259 4506 2517 4576 iubetur.
2622 4562 2627 4567 .

2149 4594 2393 4653 XXVIII.
2428 4594 2616 4667 (Ibid.)
2649 4593 2951 4671 Quomodo
2973 4592 3207 4663 dicitur.
3240 4614 3271 4658 ᾳ
3291 4590 3527 4667 Propter
3554 4592 3733 4665 verba

368 4660 575 4753 XXIII.
610 4662 762 4753 (Cap.
787 4668 903 4745 44.)
934 4675 1015 4735 Ea
1045 4675 1191 4731 fides
1213 4675 1410 4747 justos
1443 4676 1672 4735 sanavit
1693 4678 1968 4751 antiquos
1999 4690 2046 4756 1)
2080 4707 2107 4741 ει
2139 4660 2721 4751 labiorum'tuorum,
2744 4698 2851 4757 ego
2882 4660 3169 4755 custodivi
3199 4660 3531 4753 aias,
3551 4660 3719 4753 (Psat.

311 4781 438 4836 qua:
472 4758 643 4827 sanat
661 4768 721 4821 et
742 4763 941 4837 nos,id
964 4768 1074 4833 est,
1089 4763 1430 4820 mediatoris
1452 4764 1552 4823 Dei
1576 4769 1635 4821 et
1655 4765 1966 4827 hominum

309 4850 569 4909 hominis
613 4850 828 4925 Christi
876 4853 1039 4910 Jesu.
1075 4851 1244 4908 Fides
1288 4852 1597 4926 sanguinis
1635 4854 1784 4926 ejus,
1818 4855 1964 4913 ﬂdes

310 4941 517 4999 mortis
539 4942 689 5013 ejus,
714 4944 771 5003 et
798 4940 1248 4999 resurrectionis
1278 4940 1426 5012 ejus.
1457 4965 1478 4990 α
1506 4941 1796 5001 Habentes
1827 4961 1964 5017 ergo

312 5050 340 5078 α
370 5029 645 5084 eumdem
676 5028 950 5101 spiritum
982 5030 1118 5086 ﬁdei
1150 5034 1207 5086 et
1238 5046 1343 5085 nos
1374 5030 1694 5103 credimus,
1730 5038 1966 5106 propter

312 5140 340 5167 ,ι
367 5118 528 5190 quod
556 5119 609 5174 et
642 5115 942 5192 loquimur
970 5119 1019 5185 (ι
1050 5118 1172 5175 Cor.
1208 5120 1309 5188 Iv).
1343 5140 1372 5169 ››

376 5206 567 5269 XXIV.
602 5205 756 5280 (Cap.
787 5207 903 5279 55.)
934 5207 1175 5263 Dimitte
1206 5207 1529 5277 hominem,
1562 5207 1776 5267 clamet
1804 5209 1962 5281 quod

307 5294 621 5371 clamabat.
638 5296 763 5353 Non
796 5295 953 5353 enim
973 5300 1203 5351 tantum
1229 5294 1544 5365 desiderat,
1563 5301 1628 5353 ut
1648 5314 1751 5370 per
1774 5296 1964 5355 indul-

304 5383 565 5461 gentiam
596 5384 672 5459 sit
689 5384 760 5443 de
776 5385 1089 5459 praeteritis
1112 5384 1461 5457 impunitus,
1477 5385 1578 5441 sed
1600 5385 1778 5442 etiam
1802 5390 1866 5442 ut
1886 5385 1963 5442 sit

305 5472 377 5545 de
408 5475 615 5533 caetero
639 5473 711 5531 ad
736 5492 851 5531 non
873 5474 1235 5547 peccandum
1271 5473 1438 5531 fortis
1458 5479 1515 5531 et
1537 5475 1784 5533 validus.
1817 5478 1963 5535 Con-

304 5558 630 5636 delectatur
658 5561 815 5619 enim
846 5561 960 5634 legi
994 5562 1094 5618 Dei
1126 5562 1453 5621 secundum
1485 5562 1821 5624 interiorem
1853 5570 1959 5627 ho-

306 5647 548 5709 minem.
579 5647 750 5704 Videt
782 5654 976 5706 autem
1010 5651 1185 5706 aliam
1217 5651 1401 5723 legem
1428 5653 1484 5708 in
1519 5656 1799 5713 membris
1834 5663 1960 5720 suis

310 5738 733 5803 repugnantem
762 5738 875 5808 legi
908 5739 1125 5797 mentis
1146 5756 1286 5797 sum.
1310 5739 1479 5796 Videt
1502 5757 1648 5809 esse,
1666 5762 1782 5802 non
1809 5766 1962 5806 reco-

2080 4796 2108 4824 ‹‹
2137 4776 2310 4843 κνι),››
2338 4772 2450 4845 nisi
2478 4771 2621 4847 quia
2631 4776 2947 4844 utrumque
2957 4786 3160 4843 verum
3172 4774 3263 4843 est
3277 4788 3303 4841 ;,
3316 4769 3466 4843 (Cap.
3478 4771 3595 4838 70.)
3616 4769 3723 4841 Du-

2075 4880 2151 4918 rae
2167 4861 2364 4919 timori
2385 4865 2548 4930 sunt,
2571 4859 2728 4935 leves
2757 4860 2965 4933 amori.
2980 4858 3248 4931 Charitas
3271 4875 3409 4932 ergo
3431 4858 3718 4930 inchoata,

2042 4950 2347 5021 -inchoata
2385 4949 2626 5023 justitia
2670 4952 2796 5019 est;
2831 4948 3087 5021 charitas
3137 4951 3426 5025 provecta.
3459 4951 3729 5020 ῃωριθοξδ,

2064 5040 2302 5115 justitia
2331 5044 2447 5109 est;
2475 5037 2730 5097 charitas
2788 5053 3024 5111 magna,
3049 5054 3269 5111 magna
3313 5036 3557 5109 justitia
3603 5040 3715 5105 est;

2073 5128 2329 5191 charitas
2361 5129 2637 5202 perfecta,
2661 5127 2917 5199 perfecta
2936 5126 3175 5199 justitia
3200 5130 3310 5197 est,
3326 5126 3439 5197 Sed
3467 5125 3718 5195 charitas

2072 5217 2143 5273 de
2174 5216 2345 5272 corde
2366 5219 2605 5287 puro,et
2625 5214 2991 5283 conscientia
3000 5214 3249 5287 bona,et
3277 5214 3389 5277 (Ide
3418 5230 3534 5271 non
3566 5214 3714 5283 ﬁcta,

2072 5324 2199 5378 quae
2230 5311 2371 5361 tunc
2402 5304 2659 5361 maxima
2686 5308 2777 5360 est
2803 5302 2865 5373 in
2895 5302 3005 5377 hac
3034 5303 3181 5377 vita,
3205 5303 3440 5375 quando
3471 5319 3575 5375 pro
3623 5301 3718 5360 illa

2070 5394 2199 5467 ipsa
2226 5392 2628 5471 contemnitur
2650 5392 2790 5461 vita.

2710 5499 2941 5556 CAPUT
2981 5499 3077 5556 III.

2069 5592 2152 5646 Ea:
2180 5592 2420 5663 epistolis
2449 5598 2500 5647 et
2546 5590 2687 5663 libro
2732 5588 2800 5645 de
2846 5589 3033 5646 Gratia
3078 5596 3132 5663 et
3177 5589 3347 5645 libero
3387 5588 3627 5645 Arbitn'o
3651 5587 3723 5644 ad

2537 5660 2876 5717 Valentinum
2907 5661 3254 5717 monachum.

2142 5753 2457 5808 Ssx'rssns
2478 5750 2520 5809 Ι.
2537 5750 2730 5823 (Epist.
2749 5749 2825 5822 1.)
2848 5749 3039 5815 Primo
3080 5750 3365 5821 Dominus
3388 5749 3585 5819 Jesus,
3608 5750 3717 5808 sic-
