3900 6370
300 465 417 530 123

1524 464 1852 528 AMULON
1862 462 1931 527 IS
1976 464 2220 530 EPISC.
2273 468 2503 532 LUGD.

3607 467 3729 531 ηι

296 604 391 663 nis
419 602 798 678 intelligenda
825 606 914 659 est
942 599 1203 659 humana
1232 600 1537 675 fragilitas.
1570 603 1650 657 Ae
1694 618 1798 675 per
1838 601 1947 657 hoc
1975 600 2032 669 Α
2060 605 2195 661 bata
2216 608 2305 660 est
2332 586 2491 660 enim
2510 621 2637 677 quis
2655 620 2758 678 per
2773 606 3027 679 seipsam
3056 604 3189 662 alba
3211 618 3340 663 esse
3362 614 3477 662 neu
3500 607 3724 678 posset.
3752 634 3758 640 -

298 697 494 753 firmat
523 709 758 751 carnem
790 691 1012 748 brachii
1047 693 1160 758 sui,
1194 692 1294 764 qui
1328 691 1650 764 potentiam
1685 691 1953 765 fragilem

297 788 472 856 atque
503 782 838 850 invalidam,
863 781 921 836 id
952 785 1061 849 est,
1084 781 1715 847 humanam,sul‘{icere
1747 781 1856 837 sibi
1881 782 1953 837 ad

296 876 443 930 bene
474 872 838 944 operandum
890 875 1078 944 putat,
1133 887 1239 926 nec
1290 869 1650 943 adjutorium
1698 876 1956 943 sperata

296 960 563 1018 Domino.
598 960 838 1032 Propter
868 961 975 1015 hoc
1007 960 1164 1015 enim
1198 960 1470 1031 subjecit,
1507 983 1535 1010 ‹‹
1559 966 1617 1015 et
1646 979 1679 1016 a
1708 960 1954 1017 Domino

296 1073 324 1101 «
356 1050 606 1106 discedit
635 1068 734 1105 cor
763 1051 911 1121 ejus.
945 1071 973 1099 »
993 1050 1110 1104 Nos
1142 1066 1279 1121 ergo
1310 1050 1382 1104 ad
1415 1050 1560 1104 bene
1590 1050 1954 1122 operandum

293 1157 456 1212 spem
491 1156 606 1194 non
639 1139 963 1195 habeamus
994 1138 1053 1193 in
1086 1138 1344 1206 homine,
1381 1140 1687 1194 ﬁrmantes
1717 1157 1951 1195 carnem
1997 1182 2006 1192 .

292 1229 519 1284 brachii
551 1228 734 1283 nostri
755 1246 770 1297 ;
805 1245 909 1283 nec
937 1246 971 1283 a
992 1228 1241 1283 Domino
1259 1228 1522 1283 discedat
1540 1245 1640 1283 cor
1661 1232 1951 1296 nostrum,

292 1319 394 1374 sed
426 1318 478 1374 ei
510 1318 669 1374 dicat
696 1335 709 1372 ε
746 1339 774 1367 κ
804 1318 1052 1389 Adjutor
1081 1334 1249 1373 meus
1297 1321 1444 1384 esto,
1478 1334 1550 1372 ne
1581 1317 1954 1389 derelinquas

294 1430 322 1458 ‹‹
357 1425 452 1464 me
509 1424 699 1480 neque
746 1406 1037 1480 despicias
1088 1423 1203 1474 me,
1253 1407 1408 1462 Deus
1467 1406 1742 1463 salutaris
1787 1423 1953 1463 meus

293 1519 323 1548 ‹‹
355 1499 530 1567 (Psal.
563 1499 741 1567 xxvx).

365 1587 706 1660 IX.(Cap.1s.)
738 1609 765 1637 ‹‹
798 1588 1027 1643 Gratias
1059 1590 1252 1642 autem
1288 1586 1404 1641 Deo
1435 1587 1535 1657 qui
1568 1587 1668 1642 dat
1693 1584 1862 1642 nobis
1878 1586 1955 1641 vi-

294 1701 316 1728 α
355 1677 602 1734 ctoriam
627 1693 732 1750 per
751 1676 1069 1732 Dominum
1095 1680 1365 1731 nostrum
1396 1674 1600 1730 Jesum
1632 1674 1948 1731 Christum.

292 1790 322 1818 ‹‹
356 1767 404 1839 (Ι
434 1766 554 1823 Cor.
586 1784 660 1822 xv
686 1767 706 1836 )
730 1768 881 1838 Ergo
912 1770 971 1821 et
998 1765 1263 1832 victoria,
1297 1781 1412 1836 qua
1443 1766 1745 1836 peccatum
1772 1763 1951 1818 vinci-

290 1861 410 1925 tur,
446 1855 594 1911 nihil
624 1859 713 1912 est
739 1854 898 1911 aliud
923 1871 1099 1927 quam
1132 1854 1231 1909 Dei
1265 1855 1510 1921 donum,
1540 1854 1600 1907 in
1630 1852 1743 1908 isto
1775 1856 1953 1908 certa-

290 1946 454 2002 mine
485 1944 817 2015 adjuvantis
849 1944 1101 2000 liberum
1134 1943 1467 1998 arbitrium.

362 2036 430 2091 Χ.
466 2035 649 2108 (Ibid)
681 2034 848 2090 Dicat
891 2032 1144 2089 caelestis
1178 2032 1461 2104 magister
1493 2050 1505 2087 :
1541 2054 1568 2082 «
1599 2030 1851 2104 Vigilate
1898 2034 1956 2086 et

291 2147 321 2176 «ι
354 2128 520 2181 orate
554 2140 627 2178 ne
656 2123 889 2178 intretis
939 2123 998 2177 in
1050 2121 1435 2177 tentationem
1484 2120 1689 2192 (Matth.
1721 2121 1896 2191 xxw).
1932 2142 1959 2170 »ι

284 2213 442 2284 Ergo
466 2209 888 2281 unusquisque
913 2211 1117 2264 contra
1138 2224 1309 2264 suam
1330 2207 1868 2281 concupiscentiam
1883 2208 1967 2263 di-

289 2299 544 2366 micans,
578 2301 704 2353 oret
734 2314 807 2353 ne
835 2297 1014 2353 intret
1042 2295 1102 2351 in
1135 2296 1546 2363 tentationem,
1580 2296 1638 2351 id
1670 2299 1858 2365 est,ne
1886 2295 1966 2351 sit

289 2388 367 2445 ab
398 2386 501 2441 illa
525 2386 857 2442 abstractus
886 2388 945 2440 et
972 2383 1226 2440 illectus.
1260 2384 1385 2439 Non
1428 2389 1627 2440 autem
1678 2385 1861 2440 intrat
1902 2383 1963 2439 in

289 2475 700 2540 tentationem,
719 2472 770 2528 si
799 2472 1100 2529 voluntate
1131 2473 1286 2528 bona
1313 2473 1511 2529 vincat
1553 2474 1966 2547 Concupiscen-

289 2565 437 2621 tiam
470 2560 706 2619 malam.
716 2561 832 2618 Nec
848 2565 1046 2617 tamen
1064 2561 1286 2618 sufficit
1311 2560 1624 2617 arbitrium
1642 2562 1962 2620 voluntatis

290 2654 597 2719 humanas,
624 2650 741 2707 nisi
770 2667 808 2706 ο.
836 2649 1085 2706 Domino
1114 2648 1357 2706 victoria
1387 2651 1744 2707 concedatur
1771 2653 1960 2708 oranti

292 2760 368 2801 ne
389 2742 567 2797 intret
596 2741 655 2797 in
687 2739 1253 2806 tentationem.Quid
1278 2756 1409 2796 vero
1431 2740 1758 2796 evidentius
1783 2758 1964 2813 quam

295 2832 401 2890 Dei
433 2829 766 2887 ostenditur
794 2828 1003 2901 gratia,
1026 2827 1125 2883 ubi
1151 2829 1306 2901 quod
1324 2833 1528 2885 oratur
1556 2829 1881 2902 accipitur?
1902 2829 1962 2886 Si

297 2920 455 2978 enim
487 2919 731 2975 dixisset
760 2917 1030 2974 Salvator
1061 2921 1260 2974 noster
1291 2934 1305 2972 :
1332 2940 1360 2967 ‹‹
1391 2917 1640 2991 Vigilate
1671 2936 1744 2974 ne
1783 2919 1961 2975 intre-

300 3032 330 3062 ‹‹
382 3009 459 3066 tis
507 3007 567 3063 in
617 3007 1027 3078 tentationem,
1060 3028 1087 3057 »
1131 3007 1511 3062 admonuisse
1554 3008 1962 3063 tantummodo

293 3098 620 3153 videretur.
653 3096 799 3152 Cum
830 3111 965 3152 vero
995 3094 1243 3164 addidit,
1279 3118 1306 3145 «
1335 3099 1393 3150 et
1422 3099 1603 3164 orate,
1632 3117 1662 3146 »
1702 3096 1962 3152 ostendi-

295 3192 395 3243 tur
422 3186 607 3241 Deum
639 3185 916 3256 adjuvare
944 3200 1017 3239 ne
1047 3184 1299 3239 intretur
1324 3184 1384 3239 in
1412 3185 1816 3241 tentationem.

371 3276 468 3332 XI.
501 3275 657 3347 (Cap.
689 3275 769 3344 5.)
799 3273 921 3329 Nisi
956 3273 1057 3328 Dei
1089 3273 1312 3329 donum
1344 3278 1498 3330 esset
1528 3275 1704 3330 etiam
1735 3274 1866 3347 ipsa
1888 3276 1960 3330 ad

2065 693 2132 747 Et
2150 711 2183 748 a
2206 710 2319 765 quo
2353 693 2620 749 dealbata
2651 694 2877 761 est,nisi
2904 694 3097 751 abillo
3119 695 3216 767 qui
3250 711 3353 766 per
3377 693 3723 766 prophetam

2065 782 2208 837 dicit
2242 801 2254 838 :
2294 806 2320 833 α
2354 784 2410 838 Si
2447 784 2663 839 fuerint
2697 788 2931 857 peccata
2975 789 3169 840 vestra
3219 788 3285 838 ut
3334 781 3718 849 Phoenicium,

2070 895 2091 920 ι
2131 872 2285 928 sicut
2318 873 2509 927 nivem
2544 872 2830 928 dealbabo
2861 873 2989 941 (13a.
3025 872 3088 943 ι.)
3120 895 3146 923 ›ι
3180 872 3421 939 Quando
3455 887 3590 943 ergo
3622 871 3726 926 de-

2064 960 2260 1016 albata
2292 966 2398 1029 est,
2454 960 2597 1016 nihil
2652 962 2787 1016 boni
2847 962 3203 1018 merebatur.
3237 961 3371 1018 Jam
3425 977 3559 1015 vero
3587 960 3728 1015 alba

2065 1050 2238 1119 facta,
2273 1051 2419 1106 bene
2444 1050 2732 1118 ambulat,
2763 1052 2863 1106 sed
2897 1050 2955 1106 si.
2977 1068 3154 1124 super
3182 1067 3389 1119 eum,a
3415 1065 3531 1121 quo
3568 1049 3727 1104 deal-

2065 1140 2220 1205 bata,
2271 1144 2706 1212 perseveranter
2768 1141 3092 1196 incumbat.
3156 1141 3397 1211 Propter
3453 1138 3608 1209 quod
3662 1142 3727 1193 et

2066 1229 2191 1300 ipse
2228 1230 2426 1297 Jesus,
2473 1247 2650 1302 super
2698 1247 2871 1301 quem
2921 1228 3214 1284 incumbit
3254 1228 3543 1295 dealbata,
3575 1227 3729 1282 dixit

2064 1318 2372 1391 discipulis
2418 1320 2543 1375 suis
2595 1336 2606 1372 :
2658 1342 2684 1369 ‹‹
2718 1319 2854 1373 Sine
2902 1334 2995 1373 me
3045 1317 3190 1372 nihil
3241 1316 3489 1389 potestis
3535 1316 3727 1371 facere

2066 1429 2094 1457 ιι
2123 1410 2301 1477 (Joan.
2332 1410 2445 1474 xv).
2480 1430 2507 1457 η

2132 1497 2275 1552 XIV.
2310 1497 2492 1569 (Ibid)
2525 1498 2686 1554 Dona
2709 1514 2819 1554 sua
2847 1503 3088 1553 coronat
3118 1496 3294 1564 Deus,
3349 1512 3465 1550 non
3514 1493 3730 1550 meriia

2062 1589 2186 1653 tua,
2221 1588 2268 1641 si
2300 1587 2405 1641 tibi
2439 1603 2472 1642 a
2502 1575 2707 1658 teipse,
2742 1604 2857 1642 non
2889 1586 2962 1642 ab
2995 1585 3117 1650 illo,
3152 1589 3294 1641 sunt
3343 1584 3552 1640 merita
3597 1586 3723 1649 tua,

2063 1678 2191 1731 Haec
2221 1677 2380 1731 enim
2411 1676 2459 1731 si
2491 1675 2631 1731 talia
2660 1680 2817 1741 sunt,
2851 1673 3008 1729 mala
3037 1679 3196 1740 sunt,
3231 1690 3359 1745 qua:
3393 1689 3507 1727 non
3552 1687 3728 1727 coro—

2062 1770 2165 1819 nat
2196 1765 2377 1831 Deus;
2412 1766 2459 1819 si
2493 1768 2687 1821 autem
2722 1765 2875 1819 bona
2905 1769 3067 1831 sunt,
3091 1763 3190 1818 Dei
3215 1763 3369 1818 dona
3401 1760 3727 1831 sunt,quia

2062 1854 2216 1908 sicut
2242 1855 2387 1909 dicit
2415 1853 2715 1925 apostolus
2744 1852 3000 1907 Jacobus
3033 1868 3047 1905 ι
3076 1875 3097 1899 α
3134 1850 3319 1906 Omne
3342 1851 3548 1904 datum
3580 1847 3732 1921 opti-

1982 1972 2031 2039 B
2066 1965 2094 1993 (ι
2128 1959 2291 1997 mum
2313 1946 2369 1997 et
2388 1960 2561 1997 omne
2592 1942 2812 1996 donum
2836 1940 3160 2011 perfectum
3180 1940 3495 1993 desursum
3519 1940 3613 1993 est
3630 1938 3731 1993 de-

2076 2053 2103 2081 ‹‹
2136 2032 2424 2087 scandens
2473 2049 2507 2085 a
2551 2030 2717 2084 Patre
2765 2028 3061 2083 luminum
3093 2028 3227 2099 (Jac.
3263 2027 3323 2098 ι).
3368 2046 3397 2075 ι)
3430 2025 3601 2081 Unde
3640 2025 3735 2079 di-

2073 2122 2154 2177 cit
2181 2122 2433 2176 Joannes
2465 2122 2792 2191 praacurSor
2822 2115 3055 2171 Domini
3084 2115 3270 2172 nostri
3302 2130 3356 2169 :«
3385 2115 3509 2170 Non
3543 2117 3741 2187 potest

2076 2230 2104 2259 ‹‹
2135 2208 2310 2264 homo
2342 2207 2605 2278 accipere
2634 2202 3117 2277 quidquam,nisi
3145 2202 3323 2258 fuerit
3351 2201 3403 2258 ei
3433 2203 3639 2257 datum
3660 2202 3741 2257 de

2076 2320 2104 2347 α
2134 2296 2277 2353 coelo
2309 2297 2484 2369 (Joaa.
2518 2295 2625 2367 Ill).
2658 2316 2687 2345 »
2722 2293 2937 2365 Utique
2965 2292 3038 2347 de
3066 2291 3232 2359 cmlo,
3259 2292 3416 2347 unde
3441 2290 3621 2346 etiam
3635 2306 3737 2345 ve-

2072 2386 2161 2441 nit
2187 2385 2463 2458 Spiritus,
2496 2383 2730 2457 quando
2755 2383 2931 2439 Jesus
2961 2380 3229 2437 ascendit
3265 2381 3327 2436 in
3357 2379 3564 2447 altum,
3595 2395 3737 2451 eap-

2070 2475 2273 2530 tivavit
2301 2472 2719 2546 captivitatem,
2744 2471 2917 2527 dedit
2935 2472 3092 2526 dona
3120 2468 3482 2526 hominibus.

2142 2562 2257 2618 XV.
2285 2562 2438 2635 (Cap.
2484 2561 2565 2632 8.)
2606 2561 2741 2616 Vita
2789 2561 2945 2616 bona
2993 2563 3198 2614 nostra
3242 2556 3388 2614 nihil
3434 2561 3526 2613 est
3570 2555 3737 2612 aliud

2071 2669 2249 2724 quam
2285 2651 2386 2707 Dei
2412 2650 2621 2723 gratia.
2655 2650 2793 2706 Sine
2826 2648 3005 2705 dubio
3052 2652 3112 2704 et
3158 2648 3277 2703 vita
3323 2648 3555 2714 aeterna,
3602 2660 3735 2717 qua:

2072 2743 2236 2798 bona:
2279 2742 2409 2796 vitm
2461 2739 2745 2807 redditur,
2795 2738 2895 2795 Dei
2952 2737 3141 2811 gratia
3177 2741 3289 2793 est.
3320 2737 3392 2793 Et
3420 2736 3546 2808 ipsa
3571 2733 3734 2790 enim

2072 2831 2256 2904 gratis
2287 2831 2481 2897 datur,
2496 2828 2637 2901 quia
2664 2827 2847 2902 gratis
2879 2827 3020 2882 data
3048 2831 3138 2882 est
3169 2826 3268 2881 illa
3297 2826 3389 2881 cui
3420 2824 3736 2880 datur.Sed

2070 2919 2173 2975 illa
2201 2918 2295 2975 cui
2330 2920 2524 2983 datur,
2555 2915 2965 2972 tantummodo
2995 2914 3186 2988 gratia
3214 2919 3323 2970 est.
3359 2914 3489 2969 Haec
3535 2915 3735 2968 autem

2072 3026 2199 3081 qua)
2230 3007 2313 3062 illi
2345 3008 2539 3075 datur,
2574 3005 2854 3078 quoniam
2886 3004 3199 3076 prtemium
3233 3004 3362 3075 ejus
3403 3006 3513 3069 est,
3542 3001 3737 3074 gratia

2070 3103 2162 3154 est
2190 3114 2293 3169 pro
2325 3095 2532 3170 gratia,
2568 3100 2851 3166 tanquam
2884 3110 3110 3149 merces
3140 3110 3247 3165 pro
3270 3091 3524 3165 justitia.

2141 3186 2286 3242 XVI.
2319 3186 2469 3257 (Cap.
2524 3184 2635 3255 11.)
2684 3183 2929 3251 Quando
2977 3181 3186 3254 spiritu
3239 3181 3497 3237 actiones
3536 3178 3740 3235 carnis

2080 3274 2451 3330 mortiﬁcatis
2483 3278 2549 3328 ut
2576 3273 2802 3339 vivatis,
2838 3271 3005 3327 illum
3038 3271 3382 3344 glorificate,
3412 3268 3581 3325 illum
3608 3268 3741 3324 lau-

306 3366 492 3420 Deum
524 3366 725 3418 nostra
753 3361 1077 3427 conversio,
1120 3378 1235 3417 non
1278 3363 1330 3417 ei
1380 3361 1669 3418 diceretur
1702 3380 1715 3417 :
1753 3385 1780 3413 ‹‹
1812 3364 1968 3420 Deus
1996 3338 2042 3409 (ἶ
2079 3365 2233 3431 date,
2253 3363 2335 3418 illi
2365 3362 2588 3435 gratias
2619 3361 2793 3434 agite,
2809 3361 2981 3432 cujus
3004 3360 3218 3432 spiritu
3249 3357 3513 3432 agimini,
3531 3362 3598 3413 ut
3623 3356 3744 3414 ista

307 3476 334 3503 α
365 3452 951 3517 virtutum,converte
983 3466 1090 3503 nos
1122 3450 1292 3519 (Psal.
1329 3451 1544 3521 LXXIX);
1579 3458 1671 3506 net
1704 3469 1755 3507 ;‹‹
1788 3452 1963 3518 Deus,

311 3563 339 3591 «
373 3545 438 3595 tu
466 3542 809 3594 convertens
836 3536 1162 3593 viviﬁcabis
1194 3555 1301 3593 nos
1332 3539 1503 3605 (Psal.
1538 3542 1783 3609 LXXXIV),
1811 3562 1837 3588 η
1871 3545 1965 3596 et:

305 3652 333 3680 οι
365 3629 644 3684 Converte
674 3643 801 3693 nos,
836 3625 989 3680 Deus
1041 3625 1361 3680 sanitatum
1414 3630 1749 3683 nostrarum
1794 3630 1965 3697 (Psal.

306 3740 335 3769 «
368 3717 613 3784 Lxxxw),
642 3719 700 3770 et
746 3714 1089 3785 hujusmodi
1140 3714 1275 3782 alia,
1330 3731 1459 3786 quae
1509 3731 1971 3774 commemorare

304 3807 545 3879 longum
578 3808 683 3860 est.
722 3803 871 3859 Nam
897 3807 955 3858 et
986 3803 1182 3858 venire
1233 3804 1305 3858 ad
1357 3801 1656 3859 Christum
1706 3806 1847 3877 quid
1880 3810 1973 3863 est

305 3895 489 3962 aliud,
540 3888 653 3950 nisi
706 3894 778 3949 ad
833 3908 969 3947 eum
1018 3892 1307 3948 credendo
1357 3892 1657 3947 converti?
1686 3899 1743 3950 et
1770 3898 1967 3951 tamen

305 3984 388 4041 ait
416 4001 479 4040 :«
506 3983 689 4039 Nemo
720 3984 916 4054 potest
943 3980 1142 4036 venire
1172 3982 1244 4037 ad
1278 3997 1391 4050 me,
1426 3980 1539 4037 nisi
1570 3982 1771 4038 datum
1797 3984 1972 4041 fuerit

309 4095 338 4124 «
371 4090 406 4128 a
435 4072 603 4127 Patre
636 4087 766 4126 meo
801 4070 977 4143 (Joan.
1008 4069 1107 4140 vr).

375 4159 1031 4231 XII.(Cap.6.)Probatur
1045 4159 1234 4231 gratia
1249 4158 1351 4214 Dei
1367 4177 1481 4214 non
1505 4162 1829 4217 secundum
1855 4179 1970 4219 me-

308 4250 422 4305 rita
452 4251 654 4303 nostra
684 4247 834 4316 dari,
869 4247 1348 4318 quandoquidem
1398 4264 1514 4304 non
1564 4248 1755 4305 solum
1788 4251 1968 4308 nullis

308 4337 711 4404 bonis,verum
734 4335 910 4390 etiam
940 4332 1144 4390 multis
1167 4335 1394 4391 meritis
1410 4337 1582 4392 malis
1600 4339 1970 4410 praecedenti-

308 4429 422 4483 bus
453 4425 723 4481 videmus
753 4424 973 4493 datam,
998 4427 1055 4480 et
1082 4423 1345 4496 quotidie
1374 4425 1640 4483 videmus
1674 4428 1820 4483 dari.
1855 4429 1967 4484 Sed

310 4516 483 4590 plane
513 4530 649 4571 cum
678 4513 815 4570 data
846 4513 1040 4581 fuerit,
1072 4513 1365 4586 incipiunt
1394 4531 1523 4571 esse
1550 4516 1726 4571 etiam
1758 4518 1967 4574 merita

311 4609 513 4662 nostra
542 4602 716 4670 bona,
750 4619 854 4675 per
883 4602 1045 4658 illam
1076 4607 1293 4659 tamen.
1329 4603 1476 4659 Nam
1509 4605 1556 4660 si
1590 4622 1652 4660 se
1678 4605 1780 4661 illa
1824 4608 1969 4662 sub-

2076 3452 2338 3518 valcatis,
2372 3456 2431 3506 et
2462 3468 2563 3505 vos
2597 3449 2749 3506 filios
2782 3450 2883 3505 Dei
2917 3466 3049 3505 esse
3079 3448 3438 3505 monstratis.
3463 3446 3745 3517 (Cap.12.)

2079 3543 2375 3611 Quotquot
2404 3538 2559 3594 enim
2584 3540 2794 3610 spiritu
2817 3539 2917 3594 Dei
2941 3537 3281 3610 aguntur,hi
3316 3536 3421 3591 ﬁlii
3443 3540 3584 3592 sunt
3603 3534 3741 3602 Dei;

2080 3633 2368 3702 quotquot
2397 3644 2531 3700 ergo
2568 3628 2843 3698 adjuncto
2895 3626 3020 3681 solo
3062 3625 3353 3697 adjutorio
3401 3624 3568 3697 legis,
3608 3623 3743 3680 sine

2079 3718 2372 3791 adjutorio
2424 3717 2645 3789 gratia),
2693 3716 3055 3775 conﬁdentes
3103 3715 3163 3771 in
3210 3714 3421 3771 virtute
3458 3730 3586 3785 sua,
3627 3730 3741 3770 suo

2079 3807 2292 3881 spiritu
2322 3811 2600 3878 aguntur,
2624 3821 2739 3860 non
2767 3810 2908 3860 sunt
2939 3804 3044 3860 filii
3077 3805 3198 3860 Dei.

2149 3895 2321 3951 XVII.
2350 3895 2502 3967 (Cap.
2538 3894 2647 3964 14.)
2681 3893 2881 3964 Neque
2912 3893 3159 3949 scientia
3197 3892 3405 3947 divinis
3435 3890 3601 3963 legis,
3636 3906 3742 3945 ne-

2079 4002 2192 4058 que
2223 3988 2648 4054 natura,neque
2678 3981 2803 4038 sola
2835 3982 3103 4038 remissio
3136 3985 3508 4054 peccatorum
3528 3983 3620 4035 est
3640 3978 3746 4035 illa

2077 4074 2265 4149 gratia
2288 4091 2413 4145 quae
2438 4089 2542 4145 per
2555 4072 2760 4127 Jesum
2791 4072 3094 4128 Ghristum
3126 4070 3441 4126 Dominum
3471 4072 3743 4124 nostrum

2076 4166 2279 4231 datur;
2314 4164 2415 4218 sed
2446 4163 2576 4234 ipsa
2606 4161 2745 4216 facit
2774 4164 2840 4215 ut
2870 4160 2963 4215 lex
2990 4159 3392 4232 impleatur,et
3422 4162 3634 4214 natura
3663 4156 3742 4212 li-

2078 4254 2332 4319 beretur,
2366 4268 2436 4306 ne
2464 4254 2770 4323 peccatum
2802 4250 3159 4305 dominetur.

2149 4339 2544 4412 XVllI.(Ibid.)
2575 4340 2738 4405 Quod
2770 4338 2863 4393 lex
2884 4339 3058 4411 jubet
3088 4338 3274 4394 facere
3304 4354 3420 4394 non
3450 4335 3741 4401 valemus,

2078 4430 2190 4486 nisi
2222 4447 2324 4501 per
2353 4429 2528 4484 fidem
2561 4428 2821 4500 rogando
2853 4428 3237 4500 impetremus
3258 4431 3325 4483 ut
3347 4426 3534 4483 facere
3551 4424 3748 4481 valea-

2079 4519 2387 4575 mus.Nam
2420 4517 2468 4572 si
2501 4517 2647 4572 ﬁdes
2692 4515 2861 4572 liberi
2907 4521 2997 4573 est
3037 4515 3445 4573 tantummodo
3493 4512 3747 4579 arbitrii,

2079 4625 2185 4665 nec
2217 4609 2391 4663 datur
2419 4624 2453 4662 a
2479 4605 2616 4673 Deo,
2651 4610 2889 4678 propter
2917 4605 3059 4677 quid
3100 4622 3203 4678 pro
3252 4604 3337 4661 eis
3383 4604 3482 4676 qui
3533 4600 3751 4658 nolunt

312 4692 575 4761 traxerit,
606 4691 763 4748 cadit
789 4692 989 4758 homo,
1007 4709 1123 4747 non
1154 4696 1404 4759 erectus,
1437 4693 1538 4748 sed
1572 4693 1966 4766 praecipitatus
1996 4707 2045 4772 Ι)
2083 4698 2339 4762 credere,
2373 4710 2613 4751 oramus
2645 4699 2711 4750 ut
2740 4694 3020 4750 credant?
3048 4694 3209 4759 Quod
3244 4709 3485 4766 prorsus
3525 4692 3747 4747 facere-

311 4782 492 4839 libero
524 4781 1158 4853 arbitrio.Quapropter
1188 4798 1293 4836 nec
1325 4782 1562 4852 quando
1592 4783 1832 4855 coeperit
1861 4784 1963 4841 ho-

313 4888 408 4927 mo
438 4869 652 4927 habere
677 4868 889 4925 merita
913 4869 1069 4925 bona
1093 4869 1205 4925 sibi
1239 4869 1411 4925 debet
1439 4868 1698 4926 tribuere
1730 4871 1849 4941 illa,
1875 4874 1977 4929 sed

313 4959 455 5027 Deo,
485 4958 587 5030 qui
615 4958 831 5015 dicitur
863 4974 876 5013 :
915 4980 943 5009 ‹‹
971 4958 1221 5030 Adjutor
1251 4974 1418 5015 meus
1448 4963 1595 5029 esto,
1634 4978 1706 5016 ne
1735 4961 1981 5019 derelin‘

318 5071 340 5097 ε
376 5064 528 5120 quas
560 5064 653 5103 me
678 5048 848 5117 (Psal.
885 5050 1062 5117 xxvx).
1098 5069 1126 5097 ιι

384 5135 1134 5205 XIIl.(Ibid.)Necessarium
1158 5140 1249 5192 est
1270 5136 1496 5193 homini
1529 5142 1594 5193 ut
1621 5139 1843 5213 gratias
1874 5140 1975 5197 Dei

316 5242 432 5281 non
467 5224 659 5280 solum
683 5224 1048 5297 justiﬁcetur
1074 5224 1320 5297 impius,
1343 5225 1401 5281 id
1425 5229 1535 5294 est,
1571 5244 1639 5282 ex
1671 5228 1852 5301 impio
1875 5230 1976 5285 ﬁat

307 5313 672 5385 justus,cum
706 5313 1033 5369 redduntur
1059 5313 1109 5368 ei
1142 5314 1296 5369 bona
1318 5330 1422 5385 pro
1445 5314 1748 5385 malis,sed
1771 5317 1971 5387 etiam,

317 5418 451 5457 cum
484 5402 660 5458 fuerit
674 5402 801 5473 jam
823 5402 1188 5474 justiﬁcatus
1209 5418 1276 5457 ex
1298 5403 1703 5471 ﬁde,ambulet
1723 5424 1857 5461 cum
1876 5407 1974 5464 illo

318 5488 528 5561 gratia,
565 5494 623 5546 et
652 5490 956 5547 incumbat
986 5508 1162 5563 super
1193 5492 1381 5564 ipsam
1414 5508 1485 5547 ne
1513 5494 1702 5549 cadat.
1741 5495 1978 5569 Propter

321 5576 430 5632 hoc
460 5578 748 5649 scriptum
780 5584 869 5635 est
899 5580 957 5634 in
990 5580 1225 5635 Cantico
1247 5581 1607 5638 canticorum
1632 5583 1702 5639 de
1725 5582 1854 5656 ipsa
1878 5586 1978 5640 Ec-

325 5663 498 5718 clesia
531 5668 721 5729 :«Quze
752 5671 842 5721 est
865 5667 1134 5743 ista'qua:
1167 5670 1430 5724 ascendit
1459 5670 1979 5740 dealbata,incum-

332 5768 359 5792 «ί
390 5748 534 5815 bene
565 5767 739 5820 super
769 5753 1103 5809 fratruelem
1136 5757 1348 5810 suum?
1380 5779 1407 5806 ››
1442 5758 1619 5827 (Cant.
1644 5760 1976 5828 vm.)Deal-

2081 4804 2213 4843 mus
2272 4784 2526 4840 inaniter
2584 4782 2696 4839 nisi
2756 4783 3082 4839 rectissime
3133 4782 3503 4838 crederemus
3560 4782 3744 4840 etiam

2088 4890 2390 4948 perversae
2420 4877 2478 4928 et
2507 4872 2642 4929 fidei
2678 4872 3003 4928 contrarias
3031 4871 3361 4929 voluntates
3384 4870 3745 4943 omnipoten-

2085 4969 2205 5020 tem
2238 4963 2423 5018 Deum
2454 4962 2528 5018 ad
2558 4961 2915 5017 credendum
2948 4978 3116 5033 posse
3147 4962 3498 5016 convertere.

2156 5051 2296 5107 XIX.
2350 5053 2506 5122 (Cap.
2568 5051 2677 5120 15.)
2739 5049 3182 5106 Meminerimus
3242 5049 3425 5105 Deum
3479 5047 3674 5105 dicere
3731 5065 3746 5104 :

2089 5165 2117 5190 α
2147 5139 2568 5198 Convertimini
2593 5143 2651 5196 et
2678 5139 2906 5208 vivetis,
2941 5161 2968 5189 »
3003 5139 3096 5195 cui
3129 5138 3349 5194 dicitur
3375 5154 3437 5193 τι(
3467 5138 3745 5194 Converte

2089 5253 2116 5279 «
2147 5248 2275 5301 nos,
2310 5230 2484 5285 Deus.
2512 5251 2539 5279 »
2572 5228 3027 5284 Meminerimus
3045 5228 3230 5283 Deum
3261 5227 3454 5283 dicere
3488 5243 3539 5282 :«
3572 5225 3751 5300 Proji-

2091 5341 2110 5368 α
2148 5318 2257 5373 cite
2287 5335 2321 5372 a
2351 5316 2514 5372 vobis
2545 5333 2751 5372 omnes
2782 5316 3117 5389 impietates
3140 5320 3395 5385 vestras;
3430 5331 3600 5371 neum
3625 5316 3749 5389 ipse

2077 5408 2369 5479 justiticet
2399 5405 3127 5477 impium.Meminerimus
3148 5406 3344 5479 ipsum
3363 5406 3555 5461 dicere
3581 5422 3634 5459 ει(
3654 5405 3753 5461 Fs.

2090 5520 2117 5547 «
2151 5496 2262 5553 cite
2292 5496 2457 5551 vobis
2487 5512 2587 5551 cor
2634 5511 2847 5552 novum
2898 5501 2955 5551 et
3005 5495 3280 5566 spiritum
3322 5509 3558 5562 novum,
3588 5518 3611 5548 ι
3648 5492 3742 5567 qui

2087 5585 2231 5640 dicit
2264 5602 2275 5639 :
2309 5608 2328 5633 α
2367 5585 2525 5639 Dabo
2556 5585 2721 5641 vobis
2753 5601 2852 5639 cor
2892 5601 3107 5640 novum
3139 5589 3197 5639 et
3221 5582 3498 5656 spiritum
3530 5599 3745 5640 novum

2095 5694 2116 5723 ι
2151 5674 2300 5730 dabo
2350 5674 2515 5729 vobis
2549 5674 2721 5745 (Psal.
2777 5691 3007 5740 Lxxxxv;
3034 5673 3222 5729 Bacch.
3258 5689 3418 5740 xvm,
3452 5673 3665 5745 xxxvr).
3721 5695 3744 5721 ι

2089 5763 2389 5829 Quomodo
2416 5778 2551 5833 ergo
2583 5762 2739 5833 quod
2772 5762 2915 5818 dicit
2948 5779 2960 5816 :
3005 5782 3025 5809 ι
3058 5760 3248 5819 Facite
3280 5760 3467 5830 vobis,
3503 5762 3643 5818 nhoe
3664 5761 3749 5835 di_
