3900 6384
137 470 258 534 125

922 479 1026 543 DE
1066 482 1859 564 PRAEDESTINATIONE,
1907 491 2107 570 ETC.,
2154 495 2259 556 EX
2301 495 2780 564 AUGUSTINO.

3455 510 3568 572 126

133 606 216 662 cit
250 623 263 663 ε
295 629 315 656 α
355 607 515 664 Dabo
555 608 818 667 vobis?»
851 615 1039 680 Quare
1062 617 1252 688 jubet,
1289 619 1337 673 si
1382 620 1505 692 ipse
1550 623 1797 678 daturus
1828 623 1882 691 Α
1983 627 2166 684 XXIV.
2205 631 2354 703 (Cap.
2414 634 2518 702 18).
2553 635 2668 690 Cur
2715 635 2938 692 dictum
2987 643 3077 696 est
3125 656 3188 694 :«
3241 640 3568 715 Diligamus

132 696 266 752 est?
295 699 482 763 Quare
514 699 635 768 dat,
658 700 708 755 si
740 701 914 758 homo
939 705 1200 763 facturus
1232 709 1358 764 est?
1389 711 1501 765 nisi
1529 711 1668 783 quia
1699 713 1800 768 dat

133 784 294 856 quod
319 785 512 856 jubet,
544 803 677 842 cum
713 789 953 862 adjuvat
985 798 1051 848 ut
1081 794 1257 851 faciat
1285 798 1377 853 cui
1402 801 1595 871 jubet.

203 871 318 927 XX.
341 872 494 946 (Cap.
523 877 634 944 15.)
659 878 902 952 Semper
921 887 1009 938 est
1030 883 1088 938 in
1113 886 1280 943 nobis
1301 888 1576 947 voluntas
1591 892 1794 961 libera,

131 962 234 1015 sed
271 979 387 1017 non
420 980 656 1038 semper
675 973 765 1023 est
787 969 959 1025 bona.
983 974 1096 1027 Aut
1117 975 1273 1032 enim
1295 995 1328 1032 a
1350 979 1587 1048 justitia
1614 981 1797 1038 libera

130 1053 220 1105 est
252 1053 488 1121 quando
521 1056 697 1110 servit
728 1065 984 1128 peccato,
1017 1067 1074 1116 et
1104 1067 1244 1120 tunc
1274 1072 1362 1122 est
1394 1069 1549 1124 mala
1584 1086 1597 1124 :
1631 1076 1733 1126 aut
1764 1088 1797 1127 a

132 1143 374 1212 peccato
400 1140 586 1197 libera
614 1149 702 1200 est
723 1150 955 1218 quando
981 1153 1156 1208 servit
1177 1155 1444 1224 justitiaz,
1469 1163 1526 1212 et
1546 1163 1685 1214 tunc
1708 1166 1798 1215 est

129 1227 304 1282 bona.
323 1228 522 1286 Gratia
551 1249 684 1288 vero
715 1235 816 1290 Dei
850 1256 1082 1311 semper
1111 1247 1202 1298 est
1234 1245 1408 1312 bona,
1433 1251 1490 1302 et
1523 1265 1624 1319 per
1645 1249 1794 1303 hanc

131 1317 197 1370 fit
227 1320 293 1370 ut
322 1318 400 1373 sit
431 1319 608 1377 homo
652 1323 974 1382 voluntatis
1018 1330 1204 1399 bonae,
1238 1333 1337 1404 qui
1369 1317 1539 1406 prius
1565 1337 1675 1392 fuit
1704 1355 1796 1392 vo-

129 1404 378 1461 luntatis
411 1409 599 1465 malle.
626 1412 732 1468 Per
760 1415 911 1472 hanc
943 1419 1119 1474 etiam
1152 1422 1237 1489 fit,
1264 1428 1330 1478 ut
1361 1404 1490 1496 ipsa
1520 1425 1674 1482 bona
1703 1444 1797 1483 vo-

127 1493 350 1588 luntas,
367 1512 496 1568 quae
511 1498 639 1588 jam
663 1518 792 1558 esse
813 1507 1006 1578 coepit,
1023 1515 1328 1582 augeatur,
1354 1493 1411 1568 et
1434 1517 1553 1569 tam
1578 1531 1793 1588 magna

126 1582 246 1651 ﬁat,
273 1588 342 1639 ut
367 1587 559 1675 possit
588 1588 830 1662 implere
851 1595 1050 1652 divina
1071 1601 1350 1657 mandata
1371 1619 1499 1675 qua:
1518 1582 1790 1675 voluerit,

121 1688 256 1728 cum
289 1674 459 1731 valde
490 1679 860 1754 perfecteque
890 1685 1160 1743 voluerit.
1192 1691 1274 1745 Ad
1312 1674 1419 1748 hoc
1451 1694 1608 1750 enim
1636 1674 1790 1751 valet

122 1763 279 1834 quod
311 1763 601 1838 scriptum
634 1773 724 1824 est
749 1786 761 1825 :
791 1794 818 1821 «
841 1773 900 1828 Si
923 1775 1197 1845 volueris,
1225 1781 1600 1838 conservabis
1629 1799 1795 1838 man'

125 1872 152 1900 «
184 1852 325 1944 data
356 1854 547 1922 (Eccli.
571 1858 730 1926 xv),»
756 1864 823 1916 ut
851 1861 1028 1919 homo
1061 1866 1160 1936 qui
1190 1867 1441 1924 voluerit
1461 1875 1518 1925 et
1549 1889 1663 1927 non
1698 1870 1796 1944 po-

127 1940 324 2029 tuerit,
359 1947 626 2001 nondum
658 1963 721 2004 se
752 1949 924 2021 plane
953 1953 1097 2009 velle
1140 1963 1454 2029 cognoscat
1485 1940 1793 2029 etforet‘ut

1543 2019 1558 2030 υ

124 2025 340 2084 habeat
366 2034 592 2088 tantam
634 2035 1018 2110 voluntatem,
1051 2025 1275 2114 quanta
1322 2025 1557 2104 sufficit
1572 2051 1643 2105 ad
1675 2051 1785 2108 im-

123 2114 338 2187 plenda
389 2122 688 2179 mandata.
723 2125 818 2182 Sic
858 2129 1075 2203 quippe
1135 2134 1446 2205 adjuvetur
1497 2143 1562 2193 ut
1613 2139 1788 2197 faciat

123 2207 278 2276 quod
303 2208 575 2279 jubetur.

191 2295 333 2352 XXI.
364 2297 518 2388 (Cap.
551 2302 663 2371 16.)
685 2305 810 2361 Non
835 2308 1070 2379 juberet
1099 2312 1252 2369 Deus
1284 2318 1437 2388 quod
1473 2318 1648 2375 sciret
1671 2336 1785 2375 non

122 2399 294 2454 posse
323 2385 401 2442 ab
432 2386 669 2447 homine
700 2395 846 2463 fieri,
877 2400 1009 2470 quis
1060 2401 1170 2458 hoc
1200 2385 1465 2462 nesciat?
1514 2408 1624 2463 Sed
1657 2408 1785 2465 ideo

117 2471 289 2541 jubet
319 2473 521 2547 aliqua
540 2495 669 2550 quae
692 2500 808 2539 non
831 2503 1170 2561 possumus,
1198 2496 1263 2548 ut
1284 2497 1620 2553 noverimus
1643 2499 1785 2570 quid

125 2559 198 2614 ab
229 2560 330 2659 illo
362 2569 559 2659 petere
590 2569 932 2630 debeamus.
971 2577 1104 2651 Ipsa
1147 2559 1237 2637 est
1265 2583 1421 2640 enim
1455 2586 1622 2654 ﬁdes,
1657 2559 1784 2659 qua:

126 2651 348 2740 orando
380 2653 658 2726 impetrat
687 2664 844 2733 quod
878 2663 967 2721 lex
998 2667 1265 2740 imperat.

191 2738 361 2835 XXII.
387 2743 571 2835 adid.)
595 2747 831 2806 Certum
862 2759 951 2810 est
995 2738 1102 2813 nos
1143 2762 1422 2817 mandata
1452 2780 1702 2835 servare,
1735 2766 1784 2821 si

120 2826 418 2885 volumus.
453 2833 564 2890 Sed
596 2837 736 2908 quia
760 2850 1123 2915 przsparatur
1149 2847 1419 2906 voluntas
1450 2869 1485 2907 a
1513 2853 1783 2922 Domino,

125 2915 330 3012 abillo
361 2924 682 3012 petendum
715 2934 806 2984 est
836 2936 903 2986 ut
931 2937 1161 2990 tantum
1192 2937 1462 3007 velimus,
1497 2915 1782 3012 quantum

129 3005 351 3062 sufficit
389 3013 454 3063 ut
483 3010 729 3070 volendo
777 3018 1083 3078 faciamus.
1107 3024 1342 3081 Certum
1373 3005 1464 3083 est
1510 3005 1618 3086 nos
1641 3030 1787 3087 velle

126 3107 260 3148 cum
289 3094 589 3186 volumus.
621 3101 733 3158 Sed
761 3103 858 3162 ille
899 3108 1038 3164 facit
1067 3116 1132 3165 ut
1158 3113 1408 3171 velimus
1438 3117 1680 3186 bonum,
1714 3120 1786 3176 de

125 3196 240 3251 quo
268 3183 498 3280 dictum
530 3193 621 3244 est
651 3193 805 3261 quod
839 3196 1014 3265 paulo
1057 3204 1191 3257 ante
1239 3205 1431 3274 posui,
1455 3208 1612 3277 quod
1648 3183 1787 3280 prte-

127 3277 374 3362 paratur
403 3273 675 3333 voluntas
697 3296 731 3333 a
749 3280 1102 3352 Domino,de
1124 3273 1491 3362 quoidictum
1523 3301 1614 3351 est
1642 3273 1666 3351 ε’
1685 3319 1713 3347 ‹‹
1738 3301 1782 3353 Α

1819 1990 1868 2055 Β

1913 740 1939 766 ‹‹
1971 715 2240 788 invicem,
2275 722 2412 792 quia
2455 723 2687 778 dilectio
2737 742 2805 781 ex
2858 728 2972 783 Deo
3004 733 3110 784 est.
3139 752 3163 779 η
3200 732 3247 802 (1
3273 733 3429 788 Ιοαη.
3465 735 3567 804 ιν),

1909 806 2019 862 nisi
2036 807 2172 878 quia
2191 815 2476 883 prmcepto
2494 814 2862 870 admonitum
2883 821 2971 872 est
2987 817 3237 875 liberum
3253 821 3564 878 arbitrium

1907 899 1972 950 ut
1993 903 2277 968 qumreret
2308 901 2406 956 Dei
2430 902 2689 958 donum?
2711 906 2870 970 Quod
2896 906 3134 978 quidem
3160 908 3285 965 sine
3313 927 3419 966 suo
3453 911 3567 967 fru-

1907 987 2001 1038 ctu
2036 1004 2275 1057 prorsus
2315 991 2748 1059 admoneretur,
2785 993 2893 1048 nisi
2937 996 3099 1066 prius
3139 999 3427 1070 acciperet
3458 1001 3563 1055 ali-

1906 1073 2043 1144 quid
2077 1075 2428 1144 dilectionis,
2465 1084 2528 1134 ut
2569 1082 2704 1135 addi
2745 1082 2854 1137 sibi
2889 1089 3173 1155 quaereret
3212 1088 3368 1142 unde
3407 1092 3562 1160 quod

1896 1163 2219 1232 jubebatur
2249 1166 2538 1237 impleret,
2569 1187 2702 1224 cum
2738 1173 2988 1227 dicitur:
3015 1197 3043 1223 ‹‹
3066 1174 3395 1247 Diligamus
3424 1177 3567 1234 invi-

1907 1274 1932 1299 ‹‹
1970 1269 2118 1316 cem,
2143 1276 2170 1303 ››
2197 1253 2286 1309 lex
2317 1260 2406 1312 cst
2431 1274 2441 1310 :
2467 1275 2601 1312 cum
2625 1260 2858 1328 dicitur,
2889 1285 2914 1311 «ι
2941 1263 3079 1334 quia
3101 1264 3330 1319 dilectio
3357 1284 3424 1320 ex
3448 1269 3564 1324 Deo

1908 1361 1935 1388 ‹‹
1967 1345 2075 1407 est,
2103 1364 2128 1389 ››
2149 1342 2336 1414 gratia
2376 1349 2483 1401 est.
2526 1347 2825 1418 Sapientia
2869 1351 3085 1422 quippe
3135 1352 3236 1408 Dei
3286 1354 3473 1428 legem
3506 1362 3565 1412 et

1904 1427 2368 1488 misericordiam
2402 1434 2459 1487 in
2493 1433 2695 1507 lingua
2726 1442 2939 1508 portat.
2966 1438 3129 1493 Unde
3161 1427 3443 1512 scriptum
3476 1448 3566 1500 est

1905 1516 1964 1570 in
1998 1517 2225 1589 psalmo
2262 1536 2274 1574 :
2302 1543 2327 1571 «
2361 1523 2430 1578 Et
2460 1523 2615 1578 enim
2661 1525 3126 1582 benedictionem
3158 1529 3319 1585 dabit
3350 1531 3450 1603 qui
3483 1532 3561 1587 Ie-

1909 1627 1935 1655 «
1969 1622 2100 1678 gem
2133 1609 2292 1664 dedit
2321 1611 2490 1682 (Psal.
2528 1616 2780 1681 LXXXIII).
2807 1635 2834 1665 »

1975 1695 2137 1751 XXV.
2173 1699 2324 1772 (Cap.
2355 1701 2470 1773 21).
2505 1701 2652 1768 Quid
2702 1707 2794 1758 est
2845 1705 3159 1773 amcntius,
3207 1712 3264 1762 et
3313 1709 3386 1763 ab
3437 1709 3566 1781 ipsa

1905 1786 2213 1842 sanctitate
2245 1789 2499 1846 charitas
2535 1791 2785 1848 alienius
2827 1809 3005 1864 quam
3048 1795 3311 1850 conﬁteri
3345 1813 3413 1852 ex
3444 1798 3562 1854 Deo

1904 1890 2032 1929 esse
2054 1877 2382 1946 scientiam,
2408 1896 2536 1951 quae
2558 1880 2684 1936 sine
2707 1881 2989 1938 charitate
3012 1883 3196 1951 inﬂat,
3222 1889 3280 1940 et
3300 1901 3369 1940 ex
3392 1887 3562 1944 nobis

1903 1981 2032 2019 esse
2050 1965 2550 2040 charitatem,quze
2572 1971 2710 2025 facit
2729 1974 2792 2025 ut
2808 1971 3054 2027 scientia
3075 1973 3277 2028 inflare
3294 1992 3408 2029 non
3434 1993 3563 2047 pos-

1898 2053 2015 2108 sit?
2039 2055 2183 2111 Item
2205 2072 2340 2111 cum
2369 2057 2513 2113 dicit
2546 2059 2860 2130 Apostolus
2888 2076 2900 2114 :
2927 2083 2955 2111 «
2983 2062 3172 2134 Super
3201 2064 3560 2120 eminentem

1900 2165 1928 2190 ‹‹
1960 2142 2214 2199 scientiis
2246 2145 2591 2202 charitatem
2623 2147 2837 2203 Christi
2862 2149 3080 2220 (Ephes.
3105 2150 3210 2222 ιιι),
3239 2173 3266 2201 ››
3298 2153 3439 2223 quid
3470 2158 3562 2209 est

1896 2231 2164 2288 insanius
2194 2251 2371 2306 quam
2404 2240 2614 2307 putare
2644 2254 2712 2291 ex
2754 2237 2871 2291 Deo
2905 2254 3033 2293 esse
3065 2239 3396 2307 scientiam,
3431 2258 3562 2313 qua:

1896 2321 2204 2377 subdenda
2223 2328 2313 2378 est
2332 2323 2627 2392 charitati,
2652 2329 2709 2380 et
2729 2342 2798 2380 ex
2817 2325 3162 2382 hominibus
3191 2327 3557 2400 charitatem,

1897 2425 2023 2480 qua:
2056 2411 2460 2483 supereminet
2490 2412 2746 2467 scientiae
2763 2413 2792 2468 ‘I
2813 2413 2985 2469 Fides
3004 2419 3202 2470 autem
3222 2432 3360 2472 vera
3380 2421 3438 2472 et
3457 2419 3560 2474 do-

1895 2500 2086 2555 ctrina
2105 2517 2250 2555 sana
2279 2501 2483 2556 ambas
2514 2518 2643 2557 esse
2667 2501 2808 2556 dicit
2839 2520 2906 2556 ex
2938 2503 3076 2571 Deo,
3103 2503 3244 2575 quia
3274 2505 3560 2578 scriptum

1895 2593 1986 2644 est
2011 2606 2023 2644 :
2052 2612 2078 2637 α
2101 2591 2146 2643 A
2178 2590 2324 2645 facie
2354 2591 2482 2661 ejus
2515 2590 2761 2646 scientia
2790 2595 2846 2646 et
2877 2591 3210 2647 intellectus
3240 2594 3558 2664 procedit,»

1895 2683 1953 2733 et
1983 2679 2268 2749 scriptum
2300 2683 2389 2734 est
2423 2695 2435 2732 :
2466 2702 2492 2727 «
2525 2679 2796 2735 Charitas
2837 2685 3033 2736 autem
3063 2698 3133 2736 ex
3162 2681 3278 2738 Deo
3306 2687 3416 2751 est,
3443 2706 3471 2734 »
3504 2689 3562 2740 ct

1895 2766 2149 2838 legimus
2173 2768 2445 2838 spiritum
2481 2768 2736 2823 scientia:
2761 2773 2817 2823 et
2838 2768 3095 2840 pietatis,
3119 2768 3372 2840 legimus
3394 2772 3562 2843 spiri-

1894 2858 2020 2909 tum
2045 2855 2279 2910 virtutis
2309 2860 2366 2910 et
2387 2856 2712 2921 charitatis,
2731 2861 2787 2911 et
2809 2856 3204 2911 continentia}.
3231 2859 3340 2913 Sed
3365 2861 3560 2930 majus

1894 2947 1984 2997 est
2015 2944 2234 2998 donum
2267 2943 2592 3009 charitatis,
2619 2960 2795 3014 quam
2819 2943 3260 2998 scientiaa.Nam
3292 2946 3554 3016 scientia,

1894 3032 2133 3102 quando
2164 3036 2254 3086 est
2294 3032 2354 3086 in
2399 3031 2659 3098 homine,
2693 3029 2948 3086 charitas
2980 3035 3069 3086 est
3099 3033 3450 3103 necessaria,
3487 3051 3558 3090 ne

1894 3118 2149 3174 infletur.
2183 3120 2448 3175 Charitas
2495 3123 2690 3175 autem
2743 3136 2856 3173 non
2903 3119 3232 3189 aemulatur,
3268 3139 3385 3177 non
3436 3124 3559 3197 agit

1897 3225 2225 3280 perperam,
2260 3226 2374 3263 non
2409 3208 2664 3262 inflatur.

1963 3297 2153 3352 XXVI.
2180 3297 2330 3370 (Cap.
2354 3297 2468 3368 20.)
2492 3297 2692 3353 Gratia
2722 3295 2822 3352 Dei
2843 3296 3115 3354 voluntas
3145 3298 3408 3355 humana
3438 3319 3552 3356 non

127 3377 156 3406 «
188 3359 442 3416 Domino
472 3379 714 3434 gressus
743 3367 999 3430 hominis
1030 3359 1374 3451 dirigentur,
1400 3387 1456 3438 et
1475 3385 1629 3440 viam
1652 3388 1782 3457 ejus
1811 3359 1856 3427 α
1892 3385 2138 3453 tollitur,
2173 3387 2275 3442 sed
2307 3404 2376 3441 ex
2419 3385 2574 3442 mala
2607 3389 2873 3442 mutatur
2919 3387 2980 3442 in
3035 3388 3281 3457 bonam;
3315 3393 3372 3444 et
3420 3406 3554 3446 cum

121 3467 148 3495 α
177 3446 334 3537 volet
364 3448 544 3520 (Psal.
589 3459 801 3530 XXXVI),
827 3482 855 3510 κ
879 3463 950 3518 de
979 3481 1114 3537 quo-
1143 3446 1369 3525 dictum?
1415 3477 1540 3530 est:
1568 3496 1595 3524 ‹‹
1629 3446 1782 3532 Deus

125 3555 152 3582 α
182 3536 285 3607 qui
319 3545 599 3628 operatur
628 3544 687 3600 in
718 3548 882 3606 vobis
911 3557 968 3607 et
997 3536 1142 3611 velle
1173 3559 1343 3625 (Psal.
1380 3564 1462 3628 ιι).
1488 3583 1516 3611 ››
1545 3563 1780 3619 Certum

120 3628 210 3677 est
240 3642 349 3681 nos
381 3627 570 3686 facere
600 3649 736 3689 cum
769 3637 1038 3698 facimus.
1065 3645 1174 3700 Sed
1219 3646 1313 3702 ille
1341 3627 1480 3705 facit
1510 3657 1576 3707 ut
1597 3653 1778 3708 facia-

121 3726 274 3814 mus,
294 3716 613 3786 praebendo
662 3723 814 3782 vires
863 3729 1306 3792 efficacissimas
1336 3737 1641 3808 voluntati,
1678 3743 1776 3814 qui

120 3798 262 3855 dixit
293 3819 359 3856 :«
393 3807 625 3865 Faciam
657 3818 722 3868 ut
751 3815 811 3869 in
835 3818 1367 3887 justiﬁcationibus
1400 3829 1547 3884 meis
1578 3798 1783 3886 ambu-

121 3908 147 3935 ιι
179 3887 330 3960 letis,
353 3898 423 3991 et
441 3896 673 3991 judicia
711 3919 843 3961 mea
872 3908 1194 3968 observetis
1226 3918 1284 3968 et
1315 3916 1541 3973 faciatis
1564 3920 1774 3991 (Ezech.

122 3985 392 4082 «‘axxw).
417 4006 446 4034 ››
474 3984 620 4043 Cum
659 3991 834 4048 dicit:
862 4017 890 4045 «
927 3998 1160 4057 Faciam
1203 4007 1269 4058 ut
1307 3984 1606 4076 faciatisp»
1635 4012 1774 4082 quid

121 4063 275 4123 aliud
308 4070 454 4128 dicit
485 4074 621 4146 nisi,
643 4079 918 4139 Auferam
943 4103 976 4142 a
994 4090 1159 4146 vobis
1179 4108 1280 4147 cor
1299 4093 1597 4166 lapideum
1623 4063 1776 4154 Jndc

121 4169 233 4242 non
265 4157 593 4234 faciebatis,
618 4171 674 4222 et
701 4170 851 4228 dabo
881 4190 981 4230 cor
1001 4193 1277 4235 carneum
1310 4157 1464 4240 unde
1504 4185 1776 4242 faciatis?

118 4240 188 4331 lilt
218 4243 326 4302 hoc
359 4250 502 4322 quid
535 4257 624 4310 est
654 4257 789 4328 nisi,
812 4262 1087 4321 Auferam
1110 4284 1208 4323 cor
1229 4269 1444 4326 durum
1472 4274 1626 4330 unde

120 4328 440 4420 faciebatis,
477 4343 535 4396 et
562 4343 713 4402 dabo
745 4365 844 4405 cor
873 4352 1150 4412 obediens
1183 4360 1338 4415 unde
1368 4328 1645 4419 faciatis?
1675 4328 1776 4420 Ille

119 4417 254 4476 facit
284 4429 695 4522 tit-faciamus,
716 4438 820 4494 cui
845 4441 986 4497 dicit
1015 4443 1222 4503 homo:
1254 4472 1274 4498 ι
1304 4449 1480 4519 Pone,
1505 4417 1770 4522 Domine,

1893 3475 2268 3542 bonaifuerit,
2303 3476 2638 3546 adjuvatur.

1961 3563 2180 3619 XXVII.
2213 3564 2370 3635 (Cap.
2404 3565 2519 3630 21.)
2554 3564 2758 3619 Fixum
2805 3565 2979 3620 debet
3006 3582 3134 3622 esse
3165 3572 3224 3622 et
3253 3567 3555 3625 immobile

1892 3654 1949 3708 in
1984 3655 2154 3709 corde
2186 3659 2396 3720 vestro,
2427 3654 2567 3724 quia
2590 3672 2702 3709 non
2728 3658 2817 3709 est
2847 3655 3131 3727 iniquitas
3156 3657 3311 3728 apud
3344 3657 3552 3714 Deum.

1887 3745 1967 3798 Ac
2001 3760 2102 3815 per
2131 3744 2259 3811 hoc,
2295 3742 2450 3815 quod
2477 3742 2672 3814 legitis
2715 3743 2771 3796 in
2813 3742 3025 3798 litteris
3055 3745 3337 3812 veritatis,
3371 3763 3405 3800 a
3436 3747 3553 3802 Deo

1890 3832 2088 3888 seduci
2134 3831 2429 3898 homines,
2459 3837 2562 3885 aut
2608 3832 2880 3896 obtundi,
2909 3830 2997 3886 vel
3047 3833 3323 3887 obdurari
3373 3835 3553 3890 corda

1887 3937 2112 3989 eorum,
2163 3919 2343 3974 nolite
2390 3920 2662 3974 dubitare
2715 3920 3086 3990 prmcessisse
3135 3919 3291 3975 mala
3339 3921 3552 3977 merita

1886 4027 2110 4077 eorum,
2145 4013 2211 4063 ut
2231 4010 2394 4079 juste
2433 4007 2546 4061 ista
2587 4012 2946 4078 paterentur,
2981 4024 3054 4062 ne
3085 4008 3458 4066 incurramus
3488 4012 3547 4066 in

1885 4098 2027 4153 illud
2065 4096 2432 4168 proverbium
2466 4095 2798 4150 Salomonis
2825 4113 2836 4150 :
2867 4117 2895 4144 α
2927 4096 3269 4169 Insipientia
3297 4099 3402 4153 viri
3435 4100 3549 4156 vio-

1892 4207 1914 4234 α
1949 4186 2032 4241 lat
2059 4185 2183 4241 vias
2213 4186 2363 4256 ejus,
2388 4185 2570 4239 Deum
2603 4188 2797 4240 autem
2831 4189 3114 4241 causatur
3145 4185 3203 4240 in
3236 4188 3409 4244 corde
3439 4206 3547 4244 suo

1888 4298 1915 4326 ‹‹
1947 4277 2130 4344 (Prov.
2162 4278 2298 4341 xxx).
2335 4295 2362 4323 η

1955 4363 2200 4419 XXVIII.
2234 4362 2418 4434 (Ibid.)
2449 4363 2648 4417 Gratia
2677 4381 2791 4418 non
2835 4366 3164 4420 secundum
3197 4366 3409 4422 merita
3439 4367 3544 4422 ho-

1884 4455 2113 4509 minum
2146 4453 2336 4520 datur,
2371 4451 2628 4522 alioquin
2663 4453 2854 4524 gratia
2873 4455 3000 4525 jam
3032 4471 3148 4509 non
3182 4459 3272 4509 est
3299 4455 3492 4526 gratia
3525 4471 3538 4509 :

121 4528 147 4555 κ
179 4516 508 4574 custodiam
540 4522 626 4577 ori
657 4542 786 4582 meo
807 4529 979 4601 (Psal.
1005 4538 1150 4604 exn).
1177 4559 1203 4585 η
1229 4537 1348 4594 Hoc
1374 4516 1474 4596 est
1492 4541 1650 4596 enim
1685 4516 1770 4598 di;
1882 4544 2022 4616 quia
2052 4545 2180 4600 ideo
2210 4546 2401 4615 gratia
2428 4545 2688 4607 vocatur,
2719 4542 2860 4613 quia
2887 4542 3070 4613 gratis
3103 4544 3297 4598 datur.

117 4611 240 4703 06:6
320 4605 432 4663 Fac
469 4613 533 4664 ut
575 4628 791 4684 ponam
823 4622 1151 4678 custodiam
1185 4627 1270 4681 ori
1302 4644 1449 4684 meo.
1477 4631 1637 4696 Quod
1671 4631 1770 4687 be-
1902 4605 1918 4616 ⁸
1952 4633 2140 4689 ΧΧΙΧ.
2177 4605 2326 4703 (ξαρ.
2350 4631 2465 4700 22.)
2498 4631 2610 4684 Lex
2640 4605 2833 4685 autem
2869 4605 3239 4699 svubintravit,
3266 4635 3332 4686 ut
3359 4633 3543 4688 abun-

117 4687 387 4789 neficium
420 4697 524 4754 Dei
547 4701 676 4771 jam
699 4705 889 4764 fuerat
919 4719 1270 4771 consecutus
1291 4717 1389 4788 qui
1411 4687 1636 4792 digituu
1665 4721 1767 4776 Po-
1801 4729 1848 4794 D
1880 4687 2396 4788 daretdelictum;
2451 4687 2554 4773 ubi
2613 4723 2809 4774 autem
2869 4719 3190 4775 abundavit
3237 4719 3537 4791 delictum,

120 4792 146 4819 α
176 4778 382 4884 'ori
414 4802 547 4844 meo
579 4795 908 4853 custodiam
928 4800 1100 4872 (Psal.
1132 4778 1390 4875 xxxvxii).
1418 4830 1446 4859 »
1587 4778 1600 4792 .
1801 4778 1845 4794 υ
1880 4778 2394 4884 superabundavit,
2411 4807 2621 4880 gratia.
2647 4808 2758 4863 Sed
2781 4809 2988 4880 utique
3017 4809 3206 4881 gratia
3233 4808 3293 4864 id
3322 4809 3536 4882 agitur,

407 4875 564 4949 (Cap.
613 4882 726 4952 17.)
767 4863 1151 4960 Omnipotens
1203 4863 1364 4951 Deus
1407 4900 1769 4971 cooperando
1881 4863 2456 4971 utrjamﬁﬁantbon‘a
2477 4896 2549 4952 ab
2581 4897 2666 4951 eis
2699 4897 2798 4968 qui
2830 4863 3294 4966 fecerantmala,
3328 4863 3442 4955 non
3473 4863 3540 4956 ut

119 4953 338 5019 Perﬂcit
359 4965 515 5035 quod
537 4975 832 5041 operando
855 4953 1081 5051 incipit,
1097 4983 1378 5052 quoniam
1403 4953 1532 5057 ipse
1881 4953 2252 5061 perseverent
2281 4987 2340 5041 in
2364 4985 2558 5053 malis,
2583 4989 2638 5040 et
2669 4953 2833 5040 reddi
2863 4986 2974 5042 sibi
2998 4953 3334 5043 existiment
3361 4989 3535 5045 bona.

120 5053 256 5149 mus:
281 5058 556 5146 operatur
585 5056 896 5134 incipiens,
922 5083 1038 5138 quo
1065 5070 1396 5128 volentibus
1423 5053 1771 5148 cooperatur
1880 5053 2006 5135 l‘lon
2039 5079 2236 5149 itaque
2265 5075 2482 5131 debent
2511 5075 2700 5130 dicere
2736 5091 2750 5129 :
2781 5097 2809 5125 «
2831 5074 3138 5131 Faciamus
3169 5075 3328 5132 mala
3358 5080 3423 5133 ut
3450 5095 3540 5134 ve-

120 5131 443 5196 Pcl‘ﬁciens.
479 5131 724 5220 Propter
766 5131 1057 5224 quod-ait
1100 5161 1414 5232 Apostolus
1448 5179 1460 5218 ε
1488 5131 1769 5223 «‘Certus
1881 5131 2480 5235 aniantblonawsed:
2503 5163 2770 5220 Fecimus
2793 5163 2948 5220 mala
2969 5169 3324 5221 etvenerunt
3345 5167 3532 5222 bona:

125 5236 154 5265 (ί
180 5234 316 5331 ιειιῐῖλ³
347 5231 624 5326 quoniam
651 5239 751 5310 qui
783 5249 1057 5315 operatur
1087 5231 1331 5306 invobis
1352 5269 1500 5325 opus
1522 5254 1766 5324 bonum,
1870 5260 1998 5331 jam
2030 5256 2316 5314 faciamus
2345 5254 2516 5321 bona,
2542 5257 2607 5307 ut
2634 5253 2688 5306 in
2719 5253 2915 5308 futuro
2937 5252 3150 5309 saaculo
3181 5253 3535 5325 recipiamus

124 5325 150 5350 “
181 5311 436 5421 gemam
464 5338 652 5396 υείιυθ
697 5327 757 5383 in
808 5311 964 5390 diem
1012 5335 1227 5394 Christi
1276 5311 1438 5396 Jesu.
1466 5365 1492 5393 ››
1530 5343 1601 5399 Ut
1629 5361 1766 5418 ergo
1870 5311 1980 5421 pro
2012 5347 2182 5402 bonis
2213 5347 2385 5413 bona,
2421 5343 2521 5414 qui
2556 5342 2614 5396 in
2648 5346 2755 5397 hoe
2794 5341 3006 5398 saeculo
3056 5342 3384 5414 recepimus
3430 5361 3532 5415 pro

211 5395 221 5406 .
554 5391 572 5396 -
1086 5391 1115 5392 η
1280 5391 1438 5396 nn-
1467 5391 1485 5393 -ν
1535 5391 1601 5399 ν-
1631 5391 1764 5418 --ον
1876 5391 1979 5421 ,ην
2015 5391 2182 5402 υν--ιυ
2214 5391 2246 5400 υ

118 5391 537 5503 νῗ¹¹ξηυεηείηθ
563 5415 732 5473 nobis
757 5427 1060 5494 operatur;
1089 5443 1221 5483 cum
1247 5434 1444 5486 autem
1469 5431 1762 5503 volumus,
1874 5435 2048 5494 malis
2078 5437 2250 5492 bona.

119 5484 284 5595 fantasia
310 5493 580 5595 volumus
613 5511 678 5562 ut
716 5484 1022 5584 faciamus,
1049 5484 1373 5575 nobiscum
2314 5522 2428 5588 23.)
2452 5519 2692 5585 Quando
2741 5518 2960 5574 auditis
2991 5519 3281 5574 dicentem
3332 5520 3528 5576 Domi-

945 5567 950 5568 ,
985 5567 1022 5584 -,
1060 5567 1365 5575 ---π---.πη
1400 5567 1497 5577 vv-
1546 5567 1760 5579 νηηνιυ.
1944 5567 2104 5581 ιιι-ιιι
2138 5567 2290 5595 κισ-Ἴν-
2315 5567 2426 5588 ~v-1
2458 5567 2687 5585 v"-‘""'“'
2742 5567 2959 5574 ‘"""""
2994 5567 3281 5574 "'"""'"'
3332 5567 3500 5576 “’“’”’”“

119 5567 334 5684 Tamen
365 5584 492 5644 sine
520 5592 640 5663 illo,
663 5597 753 5652 vel
775 5609 1048 5672 operante
1074 5611 1137 5661 ut
1156 5607 1424 5677 velimus,
1448 5567 1539 5666 vel
1565 5629 1765 5684 coope.
1874 5633 2014 5672 num
2058 5631 2121 5668 εκ
2167 5613 2286 5683 Ego
2345 5608 2628 5664 Dominus
2688 5608 2892 5663 seduxi
2953 5608 3297 5680 prophetam
3360 5608 3528 5666 illum

307 5685 436 5728 cum
486 5681 778 5754 volumus,
813 5665 884 5744 ad
916 5692 1070 5748 boua
1117 5696 1351 5766 pietatis
1390 5665 1565 5771 opera
2169 5665 2303 5768 xiii);
2335 5720 2359 5746 ››
2385 5698 2613 5768 etquod
2647 5698 2728 5751 ait
2757 5665 3108 5767 Apostolus:
3140 5720 3164 5746 υ
3190 5697 3372 5768 Cujus
3404 5699 3528 5755 vult

766 5745 776 5754 ,
1135 5745 1350 5760 -.-η---ν
1393 5745 1418 5753 ν
1470 5745 1565 5755 νη..
1617 5745 1761 5756 .......
1876 5745 1901 5754 υ
1957 5745 2303 5768 μενων-ειμι,
2387 5745 2439 5752 ν-
2465 5745 2613 5768 Ἵνα*
2649 5745 2727 5751 --σ
2757 5745 3107 5767 ··ι’ν““ν“““’“
3196 5745 3372 5768 *ην-ν
3414 5745 3526 5755 ’“····

117 5745 389 5813 νδῙθιηυε·
726 5778 731 5783 ’
1120 5745 1134 5766 ι
1426 5745 1460 5771 Γ
1876 5817 1902 5842 ‹‹
1933 5745 2264 5858 iniseretur,
2291 5793 2347 5844 et
2398 5802 2572 5857 quem
2619 5785 2742 5841 vult
2789 5786 3038 5842 obdurat
3067 5787 3240 5855 (Rom.
3277 5792 3376 5858 IX),
3403 5811 3430 5836 η
3465 5789 3526 5847 in
