3900 6386
313 462 431 531 137

1527 462 1931 528 AMULONIS
1975 464 2220 537 EPISC.
2267 471 2501 536 LUGD.

3609 478 3729 547 128

310 630 379 676 eo
408 628 585 687 quem
617 608 815 669 seduci
864 605 1153 680 permittit
1181 603 1267 661 vel
1298 602 1596 671 obdurari,
1631 603 1786 660 mala
1832 604 1961 675 ejus
1990 598 2047 665 Α
2148 608 2244 665 III.
2280 610 2429 684 (Cap.
2464 614 2545 680 2.)
2566 613 2691 668 Non
2733 630 2796 670 se
2826 613 3033 671 fallant
3060 615 3161 688 qui
3204 616 3445 674 dicunt:
3470 616 3546 675 Ut
3585 617 3725 692 quid

312 705 524 767 merita
552 700 797 767 credite;
822 698 880 753 in
912 714 977 752 eo
996 712 1130 753 vero
1155 695 1327 765 cujus
1360 694 1690 759 miseretur,
1713 693 1963 765 gratiam

310 793 413 852 Dei
445 807 561 848 non
594 787 892 845 reddentis
938 785 1095 841 mala
1137 801 1240 857 pro
1281 782 1474 850 malis,
1509 784 1611 839 sed
1662 784 1817 840 bona
1860 801 1964 855 pro

310 880 503 947 malis,
537 878 789 936 ﬁdeliter
815 881 871 933 et
907 874 1309 931 indubitanter
1348 873 1665 943 agnoscite.
1690 873 1804 929 Nec
1835 873 1963 930 ideo

309 970 590 1029 auferetis
619 986 653 1024 a
684 967 985 1022 Pharaone
1014 964 1263 1020 liberum
1298 962 1628 1029 arbitrium,
1653 962 1793 1035 quia
1817 963 1964 1019 mu]-

248 1064 253 1071 ’
306 1063 382 1118 tis
403 1061 553 1117 locis
567 1058 711 1116 dicit
733 1059 920 1113 Deus:
947 1076 968 1105 α
992 1055 1111 1124 Ego
1133 1052 1399 1108 induravi
1423 1052 1846 1118 Pharaonem,»
1874 1052 1961 1108 vel

313 1176 334 1201 α
374 1149 667 1216 Induravi,
696 1170 717 1195 η
745 1152 847 1204 aut
880 1166 909 1199 ι
940 1144 1233 1201 Indurabo
1279 1160 1378 1198 cor
1427 1141 1807 1198 Pharaonis.»
1836 1143 1963 1198 Non

305 1241 461 1299 enim
485 1241 791 1313 propterea
813 1236 938 1309 ipse
956 1234 1178 1290 Pharao
1195 1249 1308 1288 non
1332 1232 1630 1291 induravit
1646 1248 1745 1287 cor
1760 1248 1960 1287 suum.

304 1332 455 1389 Nam
484 1333 545 1387 et
575 1329 688 1385 hoc
734 1327 806 1383 de
852 1325 953 1385 illo
998 1322 1231 1395 legitur,
1265 1322 1500 1396 quando
1531 1321 1727 1377 ablata
1774 1325 1864 1376 est
1893 1322 1966 1377 de

306 1420 548 1491 Egypto
570 1412 1142 1490 cynomyia,dicente
1164 1409 1527 1483 Scripturau
1554 1410 1622 1464 Et
1637 1409 1967 1481 ingragavit

309 1531 332 1558 ι
368 1507 591 1565 Pharae
622 1521 722 1561 cor
742 1519 918 1561 suum
940 1500 1001 1557 in
1029 1500 1140 1555 isto
1168 1503 1449 1570 tempore,
1475 1502 1532 1555 et
1554 1496 1741 1554 noluit
1765 1498 1962 1553 dimit-

311 1617 334 1646 ι
366 1601 487 1653 tere
530 1593 815 1668 populum
845 1589 1037 1660 (Exod.
1072 1590 1213 1657 vm).
1242 1607 1266 1638 ι
1301 1589 1379 1643 Ac
1428 1603 1531 1659 per
1572 1587 1682 1643 hoc
1721 1591 1779 1642 et
1809 1587 1964 1644 Deus

301 1684 601 1744 induravit
627 1700 730 1756 per
750 1683 982 1755 justum
1008 1677 1324 1751 judicium,
1360 1681 1417 1734 et
1450 1677 1575 1749 ipse
1608 1676 1829 1733 Pharao
1862 1693 1964 1749 per

302 1775 559 1832 liberum
590 1770 925 1831 arbitrium.

373 1863 562 1922 XXXL
589 1862 743 1933 (Cap.
773 1858 887 1929 23).
910 1858 1060 1913 Certi
1096 1858 1279 1911 estote
1310 1853 1451 1927 quia
1481 1871 1595 1909 non
1630 1853 1740 1909 erit
1770 1854 1964 1910 inanis

2074 700 2244 755 nobis
2272 700 2622 773 przedicatur
2650 708 2827 776 atque
2857 704 3193 777 praecipitur
3213 711 3280 762 ut
3303 706 3665 764 declinemus
3691 726 3729 766 a

2074 788 2226 845 malo
2248 795 2304 846 et
2322 792 2608 847 faciamus
2631 793 2936 860 bonum,si
2962 793 3070 850 hoc
3091 812 3197 850 nos
3220 813 3335 851 non
3357 796 3606 868 agimus,
3624 800 3723 856 sed

2071 877 2131 934 id
2154 878 2298 936 velle
2314 884 2370 935 et
2386 881 2613 952 operari
2635 881 2787 938 Deus
2804 888 3080 955 operatur
3098 883 3155 939 in
3176 884 3384 941 nobis?
3399 886 3509 942 Sed
3535 887 3728 960 potius

2072 967 2421 1040 intelligant,
2456 969 2505 1025 si
2536 969 2640 1025 ﬁlii
2686 971 2786 1026 Dei
2820 976 2978 1039 sunt,
3009 971 3219 1044 spiritu
3250 972 3351 1029 Dei
3405 992 3466 1030 se
3513 976 3626 1047 agi,
3659 980 3729 1033 ut

2071 1059 2225 1129 quod
2251 1059 2545 1129 agendum
2570 1064 2659 1115 est
2682 1064 2885 1133 agant;
2910 1066 2968 1116 et
2999 1078 3133 1117 cum
3156 1063 3405 1133 egerint,
3430 1063 3514 1119 illi
3548 1082 3582 1120 a
3610 1082 3727 1137 quo

2072 1152 2332 1218 aguntur
2359 1148 2579 1219 gratias
2606 1154 2802 1221 agant.
2825 1151 3096 1223 Aguntur
3115 1152 3272 1206 enim
3296 1156 3364 1207 ut
3391 1158 3583 1223 agant,
3610 1171 3725 1209 non

2072 1239 2139 1291 ut
2166 1236 2278 1308 ipsi
2312 1236 2459 1291 nihil
2490 1243 2690 1309 agant,
2722 1245 2780 1294 et
2810 1240 2882 1294 ad
2935 1239 3046 1295 hoc
3094 1240 3180 1295 eis
3225 1241 3557 1297 ostenditur
3584 1242 3728 1314 quid

2073 1341 2244 1398 agere
2274 1327 2547 1395 debeant,
2580 1332 2646 1383 ut
2675 1329 2910 1399 quando
2943 1329 2999 1383 id
3043 1334 3227 1401 agunt
3255 1329 3409 1385 sicut
3436 1332 3728 1404 agendum

2072 1420 2181 1481 est,
2216 1415 2273 1471 id
2306 1420 2413 1483 est,
2451 1434 2585 1473 cum
2616 1417 2926 1474 dilectione
2962 1423 3019 1474 et
3046 1418 3427 1475 delectatione
3458 1420 3727 1492 justitizs,

2074 1507 2421 1562 suavitatem
2445 1524 2624 1579 quam
2647 1508 2809 1563 dedit
2829 1508 3136 1575 Dominus,
3154 1512 3220 1563 ut
3239 1513 3399 1565 terra
3418 1511 3546 1582 ejus
3564 1510 3733 1567 daret

2073 1596 2330 1651 fructum
2367 1613 2563 1663 suum,
2592 1596 2888 1668 accepisse
2918 1614 2981 1651 se
3011 1598 3333 1669 gaudeant;
3368 1600 3605 1670 quando
3636 1616 3736 1655 au-

2071 1691 2191 1743 tem
2219 1704 2335 1742 non
2367 1690 2569 1758 agunt,
2595 1687 2716 1741 sive
2741 1684 2980 1742 omnino
3016 1703 3131 1742 non
3158 1686 3448 1755 faciendo,
3471 1689 3594 1743 sive
3615 1704 3733 1744 non

2072 1791 2140 1830 ex
2162 1775 2445 1831 charitate
2473 1774 2943 1842 faciendo,orent
2963 1776 3029 1829 ut
3049 1775 3201 1847 quod
3227 1776 3491 1831 nondum
3514 1776 3738 1832 habent

2073 1864 2381 1936 accipiant.
2402 1864 2549 1929 Quid
2581 1862 3071 1919 enimhabehunt
3099 1864 3258 1935 quod
3287 1880 3405 1919 non
3435 1866 3733 1937 accepturi

300 1954 469 2011 labor
481 1954 690 2016 vester,
715 1948 764 2005 si
788 1948 846 2004 in
870 1947 1024 2003 bono
1045 1943 1342 2035 proposito
1362 1941 1741 2035 proﬁcientes
1758 1960 1963 2035 perse-
1990 1969 2050 2035 Β.
2071 1958 2230 2018 sunt,
2264 1957 2369 2008 aut
2396 1952 2538 2024 quid
2569 1952 2807 2018 habent,
2832 1952 2987 2023 quod
3018 1968 3137 2007 non
3166 1953 3563 2025 acceperunt?

299 2040 512 2101 veretis
541 2055 728 2111 usque
757 2037 818 2092 in
859 2036 1059 2093 finem.
1092 2032 1248 2088 Deus
1283 2031 1465 2101 enim,
1496 2032 1598 2103 qui
1639 2033 1814 2087 modo
1845 2030 1962 2089 illis

301 2149 452 2206 quos
469 2129 683 2186 liberat
698 2143 813 2185 nou
835 2124 1028 2181 reddit
1045 2122 1371 2178 secundum
1389 2137 1565 2192 opera
1580 2137 1805 2189 eorum,
1821 2126 1962 2177 tunc

302 2220 521 2278 reddet.
537 2214 858 2286 unicuique
876 2211 1201 2269 secundum
1224 2226 1400 2282 opera
1424 2210 1574 2281 ejus.
1602 2209 1825 2266 Reddet
1845 2227 1966 2265 om-

303 2309 447 2367 nino
464 2307 622 2365 Deus
639 2308 698 2363 et
716 2301 874 2359 mala
897 2317 1003 2373 pro
1035 2298 1228 2365 malis,
1245 2299 1525 2371 quoniam
1539 2300 1741 2371 justus
1764 2302 1871 2366 est,
1906 2302 1965 2354 et

303 2399 461 2455 bona
489 2412 595 2469 pro
626 2391 820 2459 malis,
853 2389 1133 2463 quoniam
1182 2389 1372 2444 bonus
1402 2393 1512 2456 est,
1548 2392 1607 2443 et
1656 2386 1811 2444 bona
1857 2404 1962 2460 pro

303 2486 501 2553 bonis,
522 2480 803 2557 quoniam
834 2480 1024 2537 bonus
1062 2482 1121 2534 et
1155 2479 1359 2548 justus
1387 2481 1495 2533 est.
1526 2477 1961 2534 Tantummodo

303 2575 464 2633 mala
491 2590 596 2647 pro
627 2570 797 2629 bonis
836 2585 955 2628 non
992 2566 1217 2634 reddet,
1240 2566 1523 2639 quoniam
1552 2564 1813 2637 injustas
1844 2583 1962 2622 non

303 2668 413 2723 est.
474 2661 698 2723 Reddet
754 2673 891 2731 ergo
949 2655 1105 2715 mala
1161 2671 1266 2728 pro
1326 2653 1523 2720 malis,
1564 2670 1796 2726 poenam
1856 2671 1960 2727 pro

304 2751 619 2827 injustitia,
651 2753 708 2806 et
737 2747 930 2805 reddit
976 2746 1131 2803 bona
1178 2760 1282 2817 pro
1330 2742 1523 2809 malis,
1553 2742 1806 2816 gratiam
1856 2761 1961 2816 pro

302 2841 614 2917 injustitia,
645 2842 706 2897 et
741 2838 945 2896 reddet
991 2835 1148 2893 bona
1194 2850 1300 2908 pro
1350 2831 1538 2901 bonis,
1571 2833 1823 2906 gratiam
1856 2851 1960 2907 pro

304 2931 513 3008 gratia.

944 3057 1179 3115 CAPUT
1221 3055 1314 3112 IV.

400 3172 481 3227 Ea:
508 3170 646 3227 libro
674 3168 740 3226 de
768 3163 1434 3293 ϐοννθίῖξέοῶιηειῗέαξέαεία,
1467 3163 1537 3218 ad
1561 3164 1862 3235 patratum

375 3385 692 3441 Smmu
712 3379 756 3435 Ι.
776 3378 929 3450 (Cap.
949 3379 1026 3446 1.)
1043 3375 1329 3432 Dominus
1352 3391 1468 3430 non
1492 3373 1681 3430 solum
1704 3376 1961 3430 ostendit

304 3470 475 3527 nobis
495 3487 529 3525 a
548 3486 663 3540 quo
685 3465 841 3522 malo
862 3463 1247 3531 declinemus,
1262 3467 1322 3519 et
1349 3463 1505 3534 quod
1534 3463 1756 3519 bonum
1778 3463 1962 3520 facia-

302 3577 459 3626 mus,
485 3557 641 3629 quod
671 3553 863 3612 solum
894 3556 1089 3625 potest
1117 3550 1264 3624 legis
1301 3550 1512 3619 littera,
1530 3567 1734 3607 verum
1781 3551 1958 3609 etiam

304 3648 547 3718 adjuvat
574 3661 702 3712 nos,
727 3647 794 3699 ut
813 3640 1177 3697 declinemus
1199 3656 1233 3693 a
1256 3637 1431 3705 malo,
1455 3643 1513 3693 et
1543 3637 1827 3695 faciamus
1858 3640 1960 3695 bo-

304 3751 471 3802 num,
493 3733 650 3807 quod
681 3731 886 3789 nullus
916 3733 1106 3803 potest
1126 3728 1253 3785 sine
1283 3727 1492 3799 spiritu
1512 3726 1732 3799 gratiae.
1753 3730 1888 3794 Quae
1910 3725 1959 3784 si

303 3825 475 3892 desit,
500 3824 581 3879 ad
623 3823 734 3878 hoc
780 3820 870 3877 lex
920 3820 1109 3886 adest,
1132 3821 1200 3873 ut
1227 3833 1356 3873 reos
1387 3815 1561 3872 faciat
1608 3820 1665 3872 et
1712 3816 1957 3873 occidat.

303 3915 547 3987 Propter
591 3911 747 3985 quod
797 3909 941 3966 dicit
994 3904 1349 3980 Apostolus:
1380 3926 1402 3958 ι
1458 3905 1676 3961 Littera
1724 3905 1956 3974 occidit,

309 4024 331 4054 ι
365 4002 609 4076 spiritus
639 4005 836 4058 autem
868 3997 1139 4054 viviﬁcat.
1168 4018 1190 4045 ι
1228 3994 1335 4062 Qui
1376 4011 1513 4067 ergo
1543 3994 1804 4067 legitime
1835 3993 1961 4067 lege

302 4092 510 4160 utitur,
542 4090 686 4146 dicit
712 4089 771 4145 in
802 4104 872 4145 ea
898 4088 1121 4143 bonum
1153 4089 1210 4141 ot
1239 4084 1497 4151 malum;
1533 4089 1591 4139 et
1620 4102 1733 4140 non
1772 4085 1958 4140 conti-

301 4185 451 4239 dens
477 4180 538 4236 in
563 4179 780 4235 virtute
811 4193 942 4244 sua,
968 4173 1232 4246 confugit
1274 4173 1347 4229 ad
1395 4171 1497 4229 Dei
1536 4172 1809 4246 gratiam,
1843 4190 1961 4245 qua

302 4271 618 4345 praestante
647 4264 901 4321 declinet
944 4280 980 4319 a
1021 4261 1279 4329 malo,et
1326 4260 1503 4316 faciat
1550 4261 1794 4317 bonum.
1819 4261 1959 4328 Quis

302 4364 503 4419 autem
523 4355 789 4428 confugit
807 4355 880 4410 ad
901 4351 1172 4427 gratiam,
1189 4350 1303 4407 nisi
1325 4366 1459 4408 cum
1481 4367 1517 4407 a
1536 4351 1783 4408 Domino
1804 4367 1962 4424 gres-

302 4463 409 4507 sus
428 4444 688 4504 hominis
716 4442 1075 4516 diriguntur,
1100 4445 1158 4497 et
1185 4438 1341 4496 viam
1384 4439 1516 4511 ejus
1542 4439 1732 4496 volet?
1762 4457 1830 4497 ac
1858 4457 1962 4513 per

301 4538 413 4594 hoc
445 4540 504 4593 et
531 4534 863 4591 desiderare
907 4530 1193 4588 auxilium
1238 4529 1457 4603 gratias,
1481 4527 1717 4585 initium
1758 4530 1960 4602 gratiae

302 4633 415 4699 est,
439 4628 513 4683 de
540 4642 659 4699 quo
690 4625 772 4680 ait
800 4622 899 4679 ille
924 4639 938 4678 :
968 4643 991 4674 ι
1016 4622 1089 4677 Et
1132 4619 1274 4687 dixi,
1299 4634 1456 4676 nunc
1508 4617 1675 4690 coepi,
1701 4618 1822 4675 haec
1870 4623 1963 4676 est

310 4736 333 4767 ι
368 4714 620 4773 mutatio
650 4715 897 4770 dextera;
918 4708 1142 4767 Excelsi
1165 4708 1336 4780 (Psal.
1371 4708 1575 4774 uxvn).
1604 4731 1625 4757 ι
1723 4782 1728 4787 .

375 4806 446 4862 IL
471 4804 658 4876 (ιυεά.)
674 4803 949 4863 Liberum
981 4797 1291 4856 arbitrium
1332 4800 1392 4853 et
1433 4795 1506 4853 ad
1546 4796 1770 4853 malum
1800 4801 1857 4853 et
1887 4800 1958 4856 ad

304 4897 529 4951 bonum
558 4891 895 4951 faciendum
913 4886 1313 4945 confitendum
1334 4890 1424 4942 est
1452 4900 1560 4942 nos
1589 4883 1822 4943 habere.
1847 4886 1959 4944 Sed

306 4984 366 5039 in
396 4982 555 5039 male
586 4980 852 5038 faciendo
880 4978 1031 5034 liber
1050 4978 1141 5033 est
1166 4972 1421 5048 quisque
1436 4973 1712 5046 ,justitiaa,
1736 4992 1966 5035 servus—

306 5089 422 5145 que
440 5070 695 5144 peccati;
718 5070 779 5124 in
801 5068 957 5125 bono
975 5069 1174 5123 autem
1194 5063 1344 5120 liber
1362 5079 1491 5120 esse
1517 5061 1719 5122 nullus
1749 5068 1960 5136 potest,

308 5162 422 5218 nisi
455 5160 633 5217 fuerit
659 5158 951 5215 liberatus
977 5154 1050 5210 ab
1080 5170 1147 5209 eo
1177 5152 1280 5226 qui
1310 5150 1456 5207 dixit
1489 5168 1503 5208 :
1533 5172 1564 5204 ι
1583 5152 1643 5207 Si
1673 5169 1776 5211 vos
1802 5152 1963 5211 filius

315 5247 724 5315 «liberaverit,
775 5249 920 5301 tunc
966 5259 1099 5299 vere
1144 5240 1314 5297 liberi
1362 5240 1526 5297 eritis
1572 5240 1750 5309 (Joan.
1781 5242 1902 5316 vu).
1929 5264 1959 5293 »

309 5339 425 5394 Nec
454 5338 545 5393 ita
560 5339 631 5392 ut
643 5352 781 5392 cum
802 5333 1055 5407 quisque
1073 5330 1248 5387 fuerit
1268 5347 1303 5387 a
1325 5328 1547 5402 peccati
1567 5329 1965 5388 dominatione

308 5424 616 5491 liberatus,
633 5425 760 5497 jam
792 5439 907 5478 non
939 5419 1203 5492 indigeat
1232 5418 1324 5475 sui
1353 5417 1685 5476 liberatoris
1714 5419 1962 5490 auxilio;

312 5514 415 5570 sed
444 5514 527 5568 ita
555 5511 771 5583 potius,
807 5514 872 5567 ut
902 5511 972 5565 ab
1022 5508 1122 5564 illo
1154 5506 1398 5563 audiens
1430 5523 1445 5562 :
1475 5528 1497 5558 ι
1523 5505 1661 5565 Sino
1694 5524 1788 5564 me
1817 5509 1964 5565 nihil

319 5618 342 5648 ι
374 5600 621 5672 potestis
642 5600 830 5655 facere
846 5600 1023 5670 (Ιοιιη.
1043 5598 1158 5665 ιν),
1171 5619 1194 5644 ιι
1210 5595 1367 5652 dicat
1387 5594 1441 5652 ei
1465 5598 1524 5651 et
1544 5595 1670 5666 ipse
1688 5612 1702 5651 :
1720 5598 1802 5653 Ad
1801 5598 1967 5669 jutor

321 5706 343 5732 ε
377 5702 546 5739 meus
593 5689 740 5753 esto,
772 5703 845 5743 ne
892 5684 1265 5755 derelinquas
1314 5700 1408 5741 me
1445 5684 1616 5753 (Psal.
1652 5686 1822 5755 xxvi),
1850 5709 1873 5737 ιο
1908 5691 1967 5745 et

321 5774 545 5825 enters.
1866 5786 1871 5789 ·

2145 2042 2237 2099 IV.
2259 2042 2415 2114 (Cap.
2447 2044 2529 2109 3.)
2557 2042 2833 2097 Doctores
2879 2039 3276 2097 Ecclesiarum
3325 2042 3571 2115 apostoli
3604 2059 3735 2099 om-

2072 2132 2171 2188 nia
2195 2131 2489 2187 faciebant
2515 2134 2569 2186 et
2601 2129 3021 2202 praecipiebant
3049 2142 3176 2202 quas
3208 2131 3436 2198 ﬁerent,
3466 2135 3524 2187 et
3551 2132 3735 2187 corri-

2071 2220 2312 2294 piebant
2342 2219 2391 2277 si
2415 2237 2529 2274 non
2555 2220 2779 2285 ﬁerent,
2814 2223 2873 2274 et
2893 2219 3143 2274 orabant
3173 2222 3239 2274 ut
3268 2219 3492 2275 ﬁerent.
3522 2219 3735 2276 Prece-

2070 2308 2157 2383 pit
2185 2308 2498 2382 Apostolus
2535 2307 2737 2365 dicens
2769 2324 2783 2362 :
2817 2327 2841 2357 κ
2873 2306 3086 2363 Omnia
3113 2311 3308 2363 vestra
3346 2308 3415 2364 in:
3445 2306 3733 2366 charitate

2076 2421 2098 2448 α
2136 2399 2281 2454 fiant
2319 2398 2371 2466 (Ι
2408 2397 2529 2454 Cor.
2562 2395 2699 2468 xvi).
2726 2420 2748 2451 ι
2785 2396 3040 2469 Corripit
3086 2396 3289 2453 dicens
3323 2414 3335 2452 :
3365 2414 3388 2445 ι
3417 2398 3549 2454 Jam
3599 2399 3731 2471 qui-

2076 2511 2098 2537 σ
2134 2489 2267 2543 dem
2298 2487 2540 2544 omnino
2571 2485 2855 2542 delictum
2895 2490 2987 2541 est
3018 2485 3078 2541 in
3104 2484 3293 2554 vobis,
3327 2486 3466 2559 quia
3503 2484 3733 2557 judicia

2076 2595 2099 2624 α
2133 2576 2364 2633 habetis
2394 2576 2720 2632 vobiscum.
2744 2576 2934 2641 Quare
2963 2574 3123 2630 enim
3154 2590 3270 2630 non
3299 2575 3489 2648 magis
3516 2575 3733 2649 iniqui-

2077 2684 2102 2715 α
2133 2671 2314 2722 tatem
2346 2664 2669 2737 patimini?
2717 2679 2899 2737 quare
2929 2679 3046 2720 non
3077 2663 3276 2735 potius
3328 2663 3732 2722 ﬁ-audamini‘!

2076 2774 2099 2805 ι
2133 2755 2245 2812 Sed
2276 2771 2380 2811 vos
2414 2753 2787 2825 iniquitatem
2839 2752 3054 2819 facitis,
3084 2756 3144 2808 et
3190 2753 3500 2816 fraudatis,
3530 2758 3593 2810 et
3615 2754 3729 2811 hoc

2079 2865 2101 2894 ι
2131 2845 2360 2901 fratres.
2391 2844 2478 2898 An
2511 2841 2751 2898 nescitis
2783 2841 2925 2913 quia
2961 2840 3170 2912 injusti
3199 2856 3444 2914 regnum
3476 2842 3575 2899 Dei
3608 2861 3725 2901 non

2071 2957 2093 2984 α
2133 2931 2555 3006 possidebunt?
2580 2951 2603 2981 ν
2630 2931 2677 3002 (1
2695 2930 2818 2987 Cor.
2839 2932 2944 2999 vx.)
2962 2930 3292 2986 Audiamus
3332 2933 3392 2986 et
3417 2936 3680 2988 orantem
3706 2949 3722 2988 :

2073 3047 2095 3074 ι
2130 3023 2249 3079 Vos
2267 3025 2487 3088 autem,
2510 3019 2726 3092 inquit,
2749 3017 3037 3075 Dominus
3055 3015 3428 3092 multipliCet,
3450 3023 3517 3075 ut
3536 3020 3724 3076 abun-

2075 3132 2098 3163 ι
2130 3113 2271 3169 dare
2292 3108 2476 3167 faciat
2515 3108 2577 3165 in
2606 3107 2893 3165 charitate
2938 3107 2999 3163 in
3043 3106 3293 3163 invicem
3323 3112 3382 3163 et
3408 3108 3468 3163 in
3516 3124 3723 3167 omnes

2072 3224 2101 3256 ι
2130 3203 2178 3274 (ι
2211 3201 2388 3257 Thess.
2414 3199 2526 3268 3).»
2553 3196 2821 3269 Praecipit
2839 3200 2907 3252 ut
2925 3196 3215 3252 habeatur
3233 3196 3508 3262 charitas,
3540 3198 3724 3253 corri-

2069 3292 2156 3365 pit
2176 3289 2315 3362 quia
2334 3305 2449 3343 non
2472 3286 2727 3342 habetur
2740 3284 3156 3353 charitas,orat
3174 3288 3243 3340 ut
3261 3285 3520 3342 abundet
3539 3286 3727 3343 chari-

2071 3383 2182 3436 tas.
2212 3383 2258 3435 0
2289 3377 2486 3443 homo,
2518 3375 2575 3431 in
2611 3373 2996 3446 praeceptione
3024 3386 3311 3446 cognosce
3337 3374 3476 3446 quid
3510 3375 3726 3432 debeas

2070 3468 2315 3533 habere;
2350 3466 2410 3520 in
2440 3463 2807 3535 correptione
2852 3476 3138 3533 cognosce
3168 3464 3269 3517 tuo
3318 3466 3376 3518 te
3418 3461 3559 3518 vitio
3607 3480 3726 3520 non

2070 3556 2316 3623 habere;
2350 3555 2410 3609 in
2450 3552 2713 3608 oratione
2761 3566 3049 3623 cognosce
3079 3550 3239 3606 unde
3286 3550 3538 3623 accipias
3566 3553 3726 3625 quod

2069 3646 2159 3701 vis
2188 3644 2425 3701 habere.

2138 3733 2208 3788 V.
2232 3732 2384 3803 (Cap.
2406 3729 2486 3801 5.)
2507 3729 2671 3795 Quod
2704 3727 2830 3783 vult
2856 3744 2960 3800 pro
2990 3744 3054 3784 se
3084 3727 3208 3784 fieri
3231 3728 3331 3800 qui
3363 3729 3575 3802 corripi
3607 3747 3728 3787 non

2068 3822 2212 3890 vult,
2236 3826 2294 3878 et
2311 3819 2457 3876 dicit
2480 3835 2492 3874 ε
2518 3818 2632 3874 Ora
2662 3816 2857 3888 potius
2886 3834 2991 3888 pro
3022 3834 3138 3885 me,
3164 3817 3292 3874 ideo
3322 3817 3730 3891 corripiendus

2070 3917 2181 3978 est,
2214 3915 2280 3965 ut
2308 3908 2484 3963 faciat
2511 3906 2685 3962 etiam
2719 3905 2846 3978 ipse
2887 3922 2992 3977 pro
3042 3922 3124 3962 se.
3158 3905 3333 3962 Dolor
3361 3907 3574 3980 quippe
3604 3907 3726 3977 ille,

2070 4016 2188 4073 quo
2218 3996 2330 4055 sibi
2379 3994 2649 4067 displicet
2679 3995 2915 4066 quando
2960 3993 3139 4050 sentit
3175 3996 3555 4068 correptionis
3584 4013 3728 4053 acu-

2069 4086 2480 4155 leum,excitat
2498 4100 2634 4140 eum
2657 4084 2716 4138 in
2740 4082 2985 4154 majoris
3006 4084 3287 4141 orationis
3317 4085 3609 4153 affectum,
3636 4093 3724 4153 ut,

2070 4179 2186 4235 Deo
2217 4177 2555 4241 miserante,
2589 4173 2949 4229 incremento
2989 4172 3293 4229 charitatis
3335 4174 3590 4246 adjutus,
3624 4176 3725 4231 de-

2070 4267 2227 4324 sinat
2257 4280 2427 4339 agere
2468 4262 2745 4336 pudenda
2772 4266 2831 4317 et
2857 4261 3129 4330 dolenda,
3163 4266 3221 4319 et
3250 4267 3386 4337 agat
3430 4263 3729 4320 laudanda

2069 4360 2247 4429 atque
2271 4353 2579 4428 gratanda.

2138 4444 2234 4501 V1.
2258 4442 2444 4516 (Ibid)
2467 4440 2863 4513 Correptionis
2894 4439 3145 4508 utilitas,
3168 4458 3298 4515 quae
3328 4458 3483 4498 nunc
3513 4443 3725 4514 major,

2070 4551 2228 4591 nunc
2260 4532 2475 4596 minor,
2507 4546 2612 4603 pro
2644 4534 3018 4601 peccatorum
3048 4530 3392 4587 diversitate
3413 4528 3730 4588 salubriter

2069 4622 2408 4689 adhibetur,
2430 4622 2572 4675 tunc
2593 4622 2684 4674 est
2713 4616 2991 4686 salubris,
3014 4620 3250 4691 quando
3281 4636 3570 4693 supernus
3602 4636 3726 4677 me-

1989 4716 2038 4781 D
2069 4713 2236 4770 dicus
2268 4708 2525 4781 respicit.
2560 4707 2686 4765 Non
2719 4707 2878 4764 enim
2909 4706 3131 4781 aliquid
3164 4710 3412 4781 proficit,
3443 4710 3554 4765 nisi
3586 4726 3725 4766 cum

2072 4801 2210 4857 fecit
2238 4802 2306 4854 ut
2334 4796 2557 4870 peccati
2588 4795 2680 4852 sui
2711 4808 3008 4868 quemque
3038 4796 3336 4869 pmniteat.
3362 4798 3432 4853 Et
3449 4797 3583 4870 quis
3613 4797 3727 4854 hoc

2070 4891 2193 4958 dat,
2222 4886 2337 4947 nisi
2368 4885 2470 4957 qui
2499 4884 2756 4958 respexit
2785 4884 3120 4957 apostolum
3151 4886 3385 4943 Petrum
3410 4891 3725 4959 negantem

2070 4983 2137 5035 et
2158 4976 2296 5033 fecit
2321 4976 2555 5032 ﬂentem
2570 4973 2599 5030 ?

2142 5065 2266 5124 VII.
2299 5063 2487 5136 (Ibid)
2517 5063 2716 5120 Potest
2761 5062 2917 5120 Deus
2956 5078 3133 5134 quem
3163 5063 3307 5133 vult,
3339 5065 3516 5121 etiam
3560 5062 3726 5119 nullo

2073 5155 2315 5213 homine
2343 5151 2712 5224 corripiente,
2747 5151 3055 5224 corrigere,
3089 5156 3148 5208 et
3172 5153 3245 5208 ad
3277 5152 3534 5209 dolorem
3567 5151 3726 5209 salu-

2072 5247 2238 5301 brem
2269 5240 2622 5315 pmnitentiaa
2653 5238 3058 5297 occultissima
3081 5244 3141 5296 et
3167 5240 3581 5312 potentissima
3603 5257 3727 5298 me-

2073 5334 2279 5391 dicinae
2300 5347 2420 5389 sua:
2446 5332 2734 5402 potestate
2766 5329 3105 5401 perducere.
3129 5330 3201 5385 Et
3233 5329 3389 5386 sicut
3406 5346 3521 5386 non
3543 5333 3635 5385 est
3651 5330 3725 5386 ab

2073 5422 2335 5480 oratione
2367 5417 2721 5475 cessandum
2750 5433 2855 5489 pro
2893 5416 2980 5475 eis
3010 5434 3161 5490 quos
3189 5418 3402 5492 corrigi
3428 5418 3729 5487 volumus,

2074 5510 2306 5571 etiamsi
2337 5506 2498 5565 nullo
2528 5505 2838 5563 hominum
2863 5510 3066 5564 orante
3095 5524 3200 5580 pro
3231 5508 3421 5577 Petro,
3442 5507 3730 5564 Dominus

2075 5598 2329 5674 respexit
2358 5613 2495 5655 eum
2517 5600 2575 5652 et
2594 5595 2732 5652 fecit
2760 5611 2895 5651 eum
2922 5612 3099 5653 suum
3128 5596 3267 5654 ﬂere
3295 5599 3626 5668 peccatum,
3648 5597 3733 5653 ita

2076 5706 2192 5746 non
2222 5691 2312 5744 est
2359 5683 2706 5758 negligenda
2742 5683 3051 5756 correptio,
3082 5684 3352 5757 quamvis
3399 5686 3557 5742 Deus
3582 5702 3735 5758 quos

2073 5776 2344 5844 voluerit,
2368 5774 2544 5831 etiam
2565 5788 2682 5829 non
2712 5776 3027 5844 correptos,
3053 5773 3227 5830 faciat
3256 5790 3385 5831 esse
3415 5778 3732 5835 correctos.
