3900 6378
172 445 285 515 129

948 453 1050 515 DE
1092 440 1880 527 PREDESTINATIONE,
1926 452 2125 529 ETC.,
2170 457 2271 518 EX
2319 455 2806 527 AUGUSTINO.

3463 466 3579 530 l30

169 586 331 642 Tunc
363 588 557 641 autem
589 586 953 657 correptione
974 588 1205 659 prolicit
1225 588 1563 657 homo,cum
1586 588 1820 643 misere-
1843 586 1902 655 Α
1931 590 2337 659 peccatoribus
2368 591 2698 650 crucifixus.
2726 593 2833 661 Qui
2869 596 3138 666 quamvis
3168 597 3261 654 die
3292 601 3462 658 tertio
3489 621 3578 661 re.

168 678 265 731 tur
291 680 467 746 atque
497 675 736 746 adjuvat
760 675 860 747 qui
892 675 1031 731 facit
1051 693 1197 749 quos
1219 676 1467 733 voluerit
1486 678 1664 732 etiam
1688 678 1813 734 sine

164 762 521 835 correptione
550 764 849 836 prolicere.

233 852 379 907 VIII.
413 853 565 925 (Cap.
599 854 679 921 6.)
720 854 1080 927 Cerripialur
1127 874 1263 929 ergo
1310 857 1515 929 (origo)
1563 858 1813 914 damna-

164 940 317 1009 bilis,
356 947 418 996 ut
445 960 514 996 ex
544 942 740 998 dolore
771 945 1157 1016 correptionis
1187 946 1458 1001 voluntas
1507 962 1811 1019 regenera-

162 1030 343 1085 tionis
365 1029 605 1099 oriatur,
632 1030 681 1086 si
706 1035 905 1087 tamen
940 1034 1039 1106 qui
1064 1034 1380 1106 corripitur
1396 1034 1552 1090 ﬁlius
1574 1040 1663 1091 est
1686 1052 1816 1107 pro-

165 1118 554 1187 missionis,ut
583 1120 835 1192 strepitu
867 1123 1253 1194 correptionis
1286 1124 1609 1180 forinsecus
1652 1125 1815 1180 inso-

163 1213 336 1264 nante
362 1225 429 1263 ac
456 1207 805 1281 ﬂagellante,
835 1210 988 1266 Deus
1010 1212 1068 1266 in
1090 1211 1189 1268 illo
1213 1212 1565 1268 intrinsecus
1587 1214 1816 1269 occulta

164 1296 547 1369 inspiratione
577 1303 851 1370 operetur
879 1303 936 1356 et
961 1299 1126 1356 velle.
1158 1302 1216 1357 Si
1251 1306 1445 1357 autem
1487 1303 1615 1375 jam
1646 1320 1813 1375 rcge-

164 1390 400 1442 neratus
423 1390 481 1442 et
492 1387 857 1458 justificatus
874 1388 933 1443 in
953 1388 1168 1445 malam
1189 1390 1366 1446 vitam
1390 1409 1500 1447 sua
1516 1391 1814 1447 voluntate

165 1474 625 1548 relabitur,certe
653 1476 759 1532 iste
793 1494 910 1533 non
940 1483 1134 1550 potest
1163 1479 1355 1535 dicere
1387 1498 1401 1535 :
1435 1480 1560 1537 Non
1595 1480 1814 1554 accepi,

162 1564 262 1636 qui
293 1570 594 1637 acceptam
614 1565 716 1621 Dei
738 1567 992 1638 gratiam
1015 1585 1121 1623 suo
1142 1568 1201 1625 in
1226 1569 1448 1625 malum
1471 1570 1652 1626 libero
1676 1571 1818 1626 ami-

162 1652 239 1708 sit
265 1653 645 1720 arbitrio.Qui
669 1655 718 1709 si
751 1657 1119 1727 correptione
1148 1664 1539 1731 compunctus
1572 1657 1819 1714 salubri-

158 1746 246 1799 ter
274 1743 542 1816 ingemit,
577 1749 635 1799 et
664 1745 735 1800 ad
768 1744 985 1801 similia
1017 1746 1169 1802 bona
1199 1764 1375 1819 opera
1403 1747 1492 1803 vel
1533 1748 1710 1803 etiam
1741 1748 1814 1803 ad

156 1830 402 1888 meliora
429 1832 805 1903 convertitur,
831 1851 1040 1907 nempe
1070 1834 1166 1891 hic
1196 1836 1565 1907 apertissime
1590 1835 1816 1893 utilitas

151 1920 541 1994 correptionis
572 1927 835 1995 apparet.
868 1924 981 1980 Sed
1014 1940 1118 1996 per
1155 1924 1455 1982 hominem
1503 1925 1811 1998 correptio,
1843 1948 1895 2026 Β

152 2010 272 2066 sive
301 2026 371 2066 ex
404 2010 691 2067 charitate
723 2011 819 2079 sit,
846 2012 966 2069 sive
988 2030 1104 2069 non
1126 2014 1222 2082 sit,
1243 2019 1439 2071 tamen
1463 2020 1529 2071 ut
1550 2018 1815 2087 correpto

152 2099 361 2171 prosit,
399 2116 515 2156 non
549 2101 662 2156 nisi
698 2117 803 2173 per
832 2102 1017 2158 Deum
1050 2103 1134 2158 fit.

224 2188 313 2243 1X.
349 2188 538 2258 (Ibid)
569 2189 628 2245 Si
660 2190 990 2247 dixerimus
1021 2193 1515 2265 perseverantiam
1546 2197 1667 2249 tam
1691 2192 1815 2249 lau-

156 2277 417 2333 dabilem
449 2282 689 2351 tamque
721 2278 947 2335 felicem
980 2280 1062 2336 sic
1095 2298 1221 2337 esse
1253 2282 1603 2350 hominis,ut
1625 2283 1676 2337 ei
1700 2298 1817 2339 non

153 2367 232 2424 sit
264 2384 334 2423 ex
367 2367 506 2435 Deo,
540 2367 687 2423 illud
718 2369 994 2441 primitus
1023 2387 1377 2428 evacuamus
1408 2372 1562 2444 quod
1594 2372 1675 2427 ait
1706 2372 1818 2427 Do-

155 2456 358 2512 minus
397 2456 601 2511 Pctro:
635 2480 656 2506 -
683 2458 899 2531 Rogavi
931 2477 1034 2532 pro
1066 2464 1143 2526 te,
1179 2478 1249 2516 ne
1280 2460 1513 2516 deﬁciat
1542 2460 1688 2518 {ldos
1719 2465 1822 2517 tua

161 2568 190 2596 ‹‹
215 2548 370 2615 (Luc.
405 2549 603 2614 xxii)»
628 2547 777 2613 Quid
800 2548 958 2603 enim
980 2548 1032 2603 ei
1062 2549 1430 2622 regavit,nisi
1452 2566 1824 2622 perseveran-

160 2634 306 2691 tiam
340 2652 532 2708 usque
562 2636 621 2691 in
655 2637 876 2692 ﬁnem?
907 2639 1040 2704 Quae
1074 2639 1331 2710 profecto
1362 2640 1410 2693 si
1460 2640 1533 2695 ab
1582 2639 1822 2696 homine

158 2723 393 2780 homini
439 2729 613 2792 esset,
647 2742 681 2781 a
712 2725 827 2781 Deo
876 2728 1170 2798 poscenda
1220 2745 1336 2783 non
1384 2732 1558 2783 esset.
1602 2728 1822 2785 Deinde

158 2829 296 2868 cum
319 2814 480 2869 dicat
502 2814 816 2886 Apostolus
844 2832 857 2869 :
892 2839 911 2863 α
946 2815 1196 2872 Oramus
1219 2820 1415 2872 autem
1439 2818 1511 2872 ad
1535 2817 1823 2884 Deum,ne

160 2923 188 2951 ‹‹
221 2902 368 2974 quid
422 2902 652 2958 faciatis
702 2902 839 2957 mali
872 2902 944 2971 (II
988 2905 1112 2961 Cor.
1148 2908 1296 2972 xm),
1328 2926 1354 2954 »
1388 2904 1591 2977 procul
1643 2905 1821 2961 dubio

154 2990 657 3063 perseverantiam
693 2990 778 3046 eis
800 2996 927 3047 orat
954 2991 1025 3047 ad
1058 2992 1471 3065 Deum.Neque
1495 2992 1652 3048 enim
1674 2992 1821 3049 nihil

155 3080 300 3135 mali
337 3080 482 3136 facit
519 3080 620 3152 qui
674 3080 894 3135 bonum
945 3079 1180 3150 deserit,
1215 3084 1273 3136 et
1304 3097 1338 3135 a
1368 3097 1485 3153 quo
1529 3079 1822 3138 declinare

153 3186 273 3225 non
309 3168 509 3239 debet,
541 3167 861 3224 inclinatur
898 3168 957 3224 in
1004 3168 1227 3226 malum
1279 3186 1394 3225 non
1444 3184 1822 3242 perseverans

148 3257 210 3313 in
245 3260 431 3315 bono.

1923 677 2177 734 surrexit
2188 695 2494 753 nunquam
2509 681 2831 738 moriturus
2847 682 3114 753 ulterius,
3122 688 3366 758 pertulit
3378 693 3574 750 tamen

1924 783 2030 837 pro
2043 768 2390 826 mortalibus
2403 775 2651 826 mortem
2671 789 2683 827 :
2700 770 2799 845 qui
2816 775 3068 830 mortuis
3085 776 3357 848 praestitit
3372 778 3576 852 vitam,

1926 860 1991 910 ut
2021 858 2304 931 redempti
2338 860 2467 931 cjus
2514 862 2820 933 sanguine,
2856 868 3017 919 tanto
3066 883 3133 920 ac
3184 866 3285 921 tali
3334 868 3577 942 pignore

1924 950 2159 1018 accepto
2190 947 2486 1003 dicerent:
2525 971 2553 999 ‹‹
2584 951 2642 1005 Si
2674 951 2830 1006 Deus
2857 969 2959 1024 pro
2992 954 3181 1022 nobis,
3210 956 3344 1028 quis
3373 964 3576 1017 contra

1928 1054 1955 1083 ‹‹
1987 1034 2135 1089 nos?
2165 1035 2265 1107 qui
2301 1037 2535 1109 proprio
2570 1038 2712 1095 Filio
2746 1057 2858 1095 non
2892 1043 3171 1113 pepercit,
3195 1045 3296 1099 sed
3330 1062 3434 1118 pro
3467 1065 3574 1103 no-

1931 1144 1952 1173 ε
1989 1123 2079 1177 bis
2109 1122 2386 1181 omnibus
2418 1126 2660 1181 tradidit
2689 1144 2822 1183 eum
2847 1146 2860 1196 ;
2885 1133 3176 1202 quemodo
3207 1151 3321 1189 non
3353 1140 3408 1191 et
3440 1154 3573 1195 cum

1930 1232 1950 1258 α
1988 1209 2086 1265 illo
2116 1210 2315 1267 omnia
2337 1212 2506 1266 nobis
2538 1213 2817 1269 donavit?
2854 1239 2873 1263 η
2911 1217 3084 1284 (Rom.
3118 1219 3182 1290 ι.)

1995 1297 2137 1354 XIV.
2171 1299 2359 1370 (Ibid)
2394 1300 2547 1355 Deus
2580 1305 2850 1358 naturam
2898 1308 3181 1373 nostram,
3216 1306 3275 1363 id
3306 1315 3415 1378 est,
3450 1313 3574 1367 ani-

1926 1402 2085 1442 mam
2117 1387 2486 1456 rationalem,
2511 1405 2865 1462 carnemque
2886 1391 3145 1448 hominis
3166 1394 3434 1454 Christus
3454 1416 3579 1456 sus-

1925 1475 2098 1548 cepit,
2131 1476 2503 1549 susccptione
2529 1478 2908 1551 singulariter
2936 1479 3314 1550 mirabili,vel
3337 1486 3576 1542 mirabi-

1925 1562 2060 1620 liter
2075 1564 2466 1637 singulari,ut
2482 1566 2661 1623 nullis
2681 1568 2931 1639 justitiae
2963 1587 3082 1626 81183
3114 1573 3580 1643 praecedentibus

1932 1653 2178 1723 meritis,
2215 1654 2397 1711 Filius
2419 1655 2519 1711 Dei
2544 1655 2627 1711 sic
2651 1661 2803 1713 esset
2828 1657 2900 1715 ab
2928 1658 3094 1716 initio
3117 1676 3232 1733 quo
3254 1675 3383 1720 esse
3404 1662 3580 1722 homo

1930 1743 2221 1814 coepisset,
2252 1749 2316 1799 ut
2342 1744 2466 1816 ipse
2497 1748 2556 1801 et
2584 1745 2862 1815 Verbum,
2897 1750 3053 1820 quod
3098 1748 3225 1805 sine
3273 1750 3440 1808 initio
3469 1756 3579 1824 est,

1925 1847 2044 1886 una
2074 1846 2325 1904 persona
2354 1838 2529 1889 esset.
2563 1833 2762 1906 Neque
2793 1835 2950 1890 enim
2974 1836 3290 1910 quisquam
3313 1844 3478 1898 tanta
3498 1844 3581 1900 rei

1924 1918 2105 1992 hujus
2136 1923 2193 1975 et
2222 1919 2355 1976 ﬁdei
2385 1936 2573 1977 ciecus
2604 1926 2694 1978 est
2740 1923 3091 1996 ignorantia,
3128 1930 3193 1983 ut
3234 1929 3452 1988 audeat
3499 1928 3583 1988 di-

1927 2024 2075 2077 cere,
2111 2009 2379 2082 quamvis
2411 2012 2480 2066 de
2512 2011 2731 2084 Spiritu
2763 2019 2966 2070 sancto
3019 2020 3077 2071 et
3128 2015 3351 2090 virgine
3400 2018 3583 2078 Maria

1930 2097 2140 2153 Filium
2154 2097 2412 2155 hominis
2426 2104 2651 2170 natum,
2668 2101 3030 2175 perliberum
3048 2108 3246 2163 tamen
3270 2107 3581 2166 arbitrium

1928 2186 2075 2242 bene
2104 2187 2346 2243 vivendo
2378 2193 2434 2244 et
2465 2190 2592 2246 sine
2624 2197 2860 2262 peccato
2893 2192 3047 2249 bona
3090 2210 3267 2267 opera
3316 2196 3582 2255 faciendo

1929 2276 2216 2332 meruisse
2249 2281 2310 2331 ut
2340 2283 2495 2333 esset
2524 2279 2624 2335 Dei
2671 2280 2869 2349 Filius,
2906 2282 3215 2345 resistente
3270 2285 3581 2359 Evangelio

1930 2369 2106 2436 atque
2128 2365 2356 2421 dicente
2379 2384 2445 2421 :1
2472 2366 2727 2424 Verbum
2750 2387 2883 2425 caro
2907 2370 3127 2427 factum
3149 2377 3241 2429 est
3259 2375 3436 2443 (Joan.
3460 2374 3521 2447 1).
3550 2398 3578 2426 »

1930 2454 2076 2509 Nam
2111 2455 2210 2508 ubi
2242 2454 2349 2510 hoc
2382 2456 2599 2511 factum
2650 2461 2759 2526 est,
2793 2458 2905 2512 nisi
2959 2458 3017 2514 in
3071 2465 3238 2516 utero
3286 2461 3580 2537 virginali,

1932 2544 2088 2599 unde
2119 2543 2230 2599 fuit
2250 2544 2482 2601 initium
2506 2544 2765 2602 hominis
2785 2546 3048 2605 Christi?
3071 2548 3337 2622 Itemque
3356 2549 3580 2625 Virgini

1931 2631 2248 2705 requirenti
2283 2634 2579 2706 quomodo
2611 2635 2774 2691 fieret
2803 2637 2958 2709 quod
2984 2636 3034 2692 ei
3057 2654 3162 2710 per
3188 2638 3465 2712 angelum
3488 2658 3587 2697 an-

1931 2721 2333 2789 nuntiabatur,
2368 2722 2613 2796 angelus
2645 2726 2983 2796 respondit:
3009 2750 3036 2776 ‹‹
3059 2726 3312 2799 Spiritus
3343 2734 3584 2789 sanctus

1936 2833 1962 2859 ‹‹
1996 2811 2365 2881 superveniet
2394 2810 2451 2866 in
2479 2816 2557 2876 te,
2588 2817 2645 2867 et
2670 2813 2857 2868 virtus
2886 2813 3173 2871 Altissimi
3207 2815 3587 2875 obumbrabit

1935 2918 1965 2947 ‹‹
1996 2898 2121 2953 tibi.
2161 2898 2469 2971 Propterea
2500 2899 2654 2971 quod
2689 2905 2964 2956 nascetur
2992 2918 3060 2957 ex
3091 2905 3147 2958 te
3177 2907 3472 2975 sanctum,
3492 2922 3586 2962 vo-

1934 3006 1963 3035 a
1995 2986 2225 3041 cabitur
2272 2984 2454 3041 Filius
2500 2985 2602 3042 Dei
2652 2986 2801 3059 (Luc.
2835 2987 2897 3059 ι).
2929 3011 2958 3038 νο
2995 2988 3323 3062 Propterea,
3365 2992 3583 3066 inquit,

1932 3088 2048 3128 nor.
2080 3078 2316 3146 propter
2338 3090 2514 3147 opera
2543 3090 2671 3148 quis
2701 3076 2965 3132 nondum
3010 3077 3133 3134 nati
3182 3078 3387 3153 utique
3418 3082 3585 3138 nulla

1931 3166 2090 3229 sunt,
2125 3161 2226 3218 sed
2256 3167 2563 3236 propterea
2601 3164 2742 3237 quia
2788 3160 3041 3237 Spiritus
3094 3172 3335 3224 sanctus
3377 3186 3581 3244 super-

1929 3250 2124 3306 veniet
2150 3251 2210 3306 in
2242 3256 2321 3321 te,
2353 3255 2411 3307 et
2451 3252 2639 3308 virtus
2684 3251 2975 3309 Altissimi
3023 3255 3406 3314 obumbrabit
3452 3259 3581 3329 tibi,

220 3347 293 3403 Χ,
328 3344 785 3417 (Cap.7.)-Electi
818 3349 958 3402 sunt
980 3348 1080 3419 qui
1105 3347 1431 3404 secundum
1452 3348 1819 3422 propositum
1850 3324 1895 3393 C
1934 3340 2090 3413 quod
2149 3344 2426 3397 nascetur
2479 3357 2549 3397 ex
2602 3344 2660 3398 te
2716 3346 3009 3412 sanctum,
3040 3345 3348 3402 vocabitur
3403 3324 3585 3404 Filius

144 3433 351 3493 vocati
384 3438 548 3489 sunt.
586 3434 957 3507 Propositum
990 3440 1331 3504 autem,non
1363 3439 1676 3507 suum,sed
1698 3437 1823 3509 Dei,

147 3526 222 3581 de
256 3541 382 3597 quo
418 3524 557 3579 alibi
591 3524 734 3579 dicit
770 3542 782 3579 :
811 3547 838 3575 κ
877 3525 949 3580 Ut
979 3526 1304 3582 secundum
1335 3526 1678 3583 electionem
1700 3545 1827 3601 pro.

149 3637 180 3665 ιι
213 3614 491 3688 positum
524 3612 625 3668 Dei
658 3620 949 3684 maneret,
974 3632 1090 3671 non
1121 3632 1189 3671 ex
1219 3616 1623 3689 operibus,sed
1647 3634 1715 3673 ex
1733 3634 1827 3674 vo-

152 3727 177 3754 α
212 3707 395 3759 cante
427 3702 652 3758 dictum
685 3706 774 3759 est
813 3704 886 3772 ei,
920 3705 1061 3775 quia
1110 3706 1305 3775 maior
1349 3705 1558 3761 serviet
1608 3706 1821 3763 minori

149 3816 178 3844 ‹‹
212 3795 400 3865 (Rom.
438 3795 551 3861 ix);
579 3816 606 3842 η
641 3798 699 3847 et
726 3791 864 3847 alibi
891 3811 903 3848 :
943 3817 969 3843 ‹‹
997 3793 1123 3849 Non
1154 3795 1479 3850 secundum
1512 3813 1687 3868 opera
1719 3815 1820 3853 no-

148 3904 179 3933 α
212 3887 365 3948 stra,
387 3882 493 3938 sed
516 3883 842 3937 secundum
876 3883 1241 3955 propositum
1277 3902 1450 3941 suum
1483 3890 1540 3941 ct
1570 3887 1820 3947 gratiam

148 3995 179 4022 ‹‹
211 3974 291 4043 (II
327 3974 469 4028 Tim.
504 3973 567 4039 1).
605 3990 634 4021 η

218 4061 317 4117 XI.
355 4060 547 4134 (Ibid)
580 4059 747 4115 Multi
787 4061 998 4127 vocati,
1034 4062 1201 4133 pauci
1252 4061 1440 4118 electi.
1475 4063 1823 4136 Quicunque

142 4150 309 4206 enim
345 4148 545 4219 electi,
576 4148 702 4204 sine
750 4150 929 4204 dubio
981 4151 1158 4205 etiam
1206 4150 1412 4217 vocati,
1458 4169 1573 4207 non
1622 4156 1819 4207 autem

144 4238 505 4311 quicunque
538 4238 746 4309 vocati,
772 4243 1199 4310 consequenter
1227 4238 1415 4294 electi.
1443 4239 1528 4294 Illi
1552 4257 1687 4314 ergo
1712 4240 1821 4297 ele-

142 4328 248 4397 eti,
286 4332 361 4384 ut
390 4343 550 4398 saepe
581 4326 807 4381 dictum
837 4326 1065 4398 est,qui
1090 4327 1414 4383 secundum
1449 4330 1817 4402 propositum

139 4417 361 4485 vocati,
397 4414 506 4488 qui
538 4414 717 4470 etiam
747 4419 889 4470 sunt
917 4415 1312 4488 praedestinati
1342 4420 1515 4489 atque
1542 4418 1817 4491 praesciti.

213 4506 343 4563 XII.
376 4509 547 4577 (Cap.
575 4503 686 4575 12.)
719 4503 780 4559 Si
812 4521 920 4560 nos
949 4504 1022 4559 de
1052 4503 1371 4577 Scripturis
1402 4507 1623 4563 sanctis
1646 4525 1818 4564 nosse

139 4595 462 4668 potuimus
497 4597 733 4648 sanctos
764 4592 1003 4665 angelos
1027 4593 1153 4664 jam
1186 4592 1379 4650 nullos
1402 4611 1530 4651 esse
1554 4613 1813 4669 casuros,

1934 3429 2058 3484 Dei.
2095 3429 2215 3485 Ista
2244 3428 2519 3485 nativitas
2569 3431 2825 3503 profecto
2874 3433 3132 3504 gratuita
3178 3436 3485 3508 conjunxit
3524 3438 3584 3494 in

1936 3517 2220 3575 unitatem
2253 3534 2514 3591 persona:
2564 3518 2865 3576 hominem
2911 3520 3053 3591 Deo,
3083 3539 3322 3581 carnem
3370 3522 3581 3583 verbo.

1934 3607 2114 3664 Istam
2162 3608 2525 3664 nativitatem
2575 3608 2734 3665 bona
2772 3626 2949 3683 opera
3006 3617 3210 3669 secuta
3259 3619 3421 3681 sunt,
3467 3630 3584 3672 non

1933 3698 2086 3754 bona
2132 3714 2309 3770 opera
2354 3703 2715 3755 meruerunt.
2749 3700 2948 3772 Neque
2991 3700 3150 3757 enim
3197 3706 3583 3761 metuendum

1932 3791 2075 3857 erat,
2110 3805 2182 3842 ne
2214 3788 2326 3842 isto
2357 3786 2636 3844 ineffabili
2668 3788 2842 3843 modo
2873 3787 2933 3842 in
2985 3789 3273 3847 unitatem
3322 3806 3583 3865 personas

1932 3875 2180 3931 aVerbo
2229 3876 2344 3931 Deo
2399 3880 2609 3932 natura
2656 3875 2925 3931 humana
2965 3884 3259 3951 suscepta,
3292 3894 3395 3952 per
3439 3881 3583 3938 libe-

1932 3981 2064 4021 rum
2096 3964 2415 4021 voluntatis
2445 3968 2713 4036 peccaret
2742 3965 3215 4038 arbitrium,cum
3236 3968 3365 4039 ipsa
3393 3982 3588 4028 susce-

1930 4053 2053 4125 ptio
2085 4052 2220 4107 talis
2251 4057 2425 4120 esset,
2459 4057 2525 4107 ut
2564 4056 2776 4109 natura
2818 4052 3076 4109 hominis
3113 4071 3150 4110 a
3188 4055 3305 4113 Deo
3335 4057 3419 4114 ita
3446 4074 3582 4115 sus-

1929 4141 2104 4218 cepti,
2122 4140 2349 4197 nullum
2367 4140 2428 4196 in
2445 4157 2508 4197 se
2525 4144 2752 4196 motum
2777 4140 2943 4197 malae
2966 4143 3288 4203 voluntatis
3307 4148 3582 4205 admitte-

1930 4234 2036 4285 ret.
2072 4230 2177 4285 Per
2204 4229 2361 4285 hunc
2410 4228 2792 4287 mediatorem
2831 4230 2987 4287 Deus
3017 4234 3277 4290 ostendit
3304 4252 3403 4291 eos
3434 4246 3583 4310 quos

1928 4320 2059 4390 ejus
2087 4318 2375 4391 sanguine
2404 4319 2642 4374 redimit
2673 4319 2860 4375 facere
2892 4337 2953 4377 se
2984 4338 3055 4378 ex
3093 4322 3268 4382 malis
3306 4325 3583 4399 deinceps

1928 4409 1989 4464 in
2020 4413 2302 4464 aeternum
2333 4408 2538 4464 bonos.
2565 4410 2755 4474 Quem
2780 4408 2865 4464 sic
2895 4412 3174 4485 suscepit,
3191 4418 3256 4468 ut
3276 4426 3582 4486 nunquam

1926 4502 2081 4555 esset
2103 4497 2317 4569 malus,
2333 4514 2437 4552 nec
2458 4513 2527 4552 ex
2548 4496 2703 4553 malo
2724 4498 2915 4553 factus
2937 4515 3170 4572 semper
3189 4505 3349 4556 esset
3369 4502 3579 4559 bonus.

1996 4587 2112 4643 XV.
2147 4586 2335 4657 (Ibid.)
2367 4587 2482 4642 Nec
2526 4586 2723 4658 ipsum
2755 4586 2911 4642 Deus
2941 4604 3070 4643 esse
3099 4588 3284 4643 voluit
3314 4590 3447 4646 sine
3472 4607 3583 4648 sua

140 4690 375 4757 quanto
408 4681 606 4755 magis
646 4682 755 4737 hoc
784 4681 898 4755 ipsi
923 4681 1174 4737 revelata
1205 4681 1317 4739 sibi
1346 4683 1664 4743 sublimius
1678 4688 1825 4744 veri-
1848 4694 1898 4763 Ι)
1928 4678 2327 4752 gratia,quem
2347 4675 2584 4748 reliquit
2606 4675 2663 4730 in
2685 4676 2814 4747 ejus
2830 4674 3012 4732 libero
3028 4677 3579 4750 arbitrio,quoni'am

137 4777 263 4830 tate
298 4771 642 4830 noverunt?
671 4771 853 4827 Nobis
884 4771 1103 4844 quippe
1146 4772 1315 4827 beata
1364 4772 1492 4829 sine
1542 4774 1658 4831 ﬁne
1702 4777 1819 4834 vita
1927 4767 2179 4823 liberum
2214 4764 2521 4821 arbitrium
2547 4764 2619 4821 ad
2642 4764 2865 4821 malum
2888 4765 3127 4834 sufﬁcit,
3144 4765 3217 4821 ad
3240 4766 3460 4824 bonum
3481 4785 3581 4825 au-

138 4862 450 4936 promissa
481 4864 591 4928 est,
625 4865 684 4915 et
713 4859 1017 4932 aequalitas
1046 4860 1509 4933 angelorum.Ex
1539 4881 1655 4935 qua
1683 4883 1814 4938 pro-

136 4952 438 5009 missione
471 4949 614 5004 certi
647 4966 878 5016 sumus,
912 4966 1046 5004 cum
1080 4951 1152 5004 ad
1184 4949 1343 5005 illam
1375 4951 1554 5007 vitam
1581 4959 1711 5026 post
1723 4956 1817 5027 ju-

136 5042 372 5097 dicium
398 5038 889 5107 venerimus,non
914 5039 1049 5093 inde
1073 5055 1178 5094 nos
1199 5056 1329 5095 esse
1352 5039 1812 5111 lapsuros.Quod

138 5131 188 5186 si
223 5132 299 5187 de
332 5128 557 5201 seipsis
583 5127 774 5200 angeli
808 5127 1219 5195 nesciunt,non
1253 5128 1525 5199 requales,
1553 5132 1655 5187 sed
1688 5133 1817 5189 bea-

138 5220 327 5276 tiores
357 5217 612 5275 erimus.
635 5216 866 5272 Veritas
901 5221 1096 5272 autem
1122 5217 1291 5281 nobis
1317 5234 1519 5274 eorum
1544 5222 1816 5293 promisit

136 5309 576 5381 aequalitatem.
614 5305 848 5362 Certum
880 5311 970 5361 est
999 5305 1179 5379 igitur
1208 5305 1316 5361 hoc
1361 5324 1459 5364 eos
1508 5325 1680 5365 nosse
1713 5328 1816 5384 per

138 5399 433 5471 speciem,
470 5395 629 5467 quod
661 5411 766 5451 nos
801 5413 902 5468 per
933 5398 1129 5464 fidem,
1166 5396 1391 5452 nullam
1434 5398 1658 5455 scilicet
1690 5400 1813 5455 rui-

137 5504 282 5545 nam
315 5488 682 5559 cujusquam
716 5486 900 5540 sancti
935 5485 1125 5557 angeli
1149 5486 1275 5557 jam
1317 5486 1596 5544 futuram.

210 5576 369 5633 XIII.
406 5574 565 5648 (Cap.
603 5574 712 5647 11.)
748 5574 847 5629 Dei
881 5574 1220 5647 unigenitus
1245 5574 1694 5648 Filius,aequalis
1718 5577 1817 5633 Pa-

134 5669 211 5725 tri
244 5673 315 5723 et
339 5669 699 5732 coaeternus,
728 5680 832 5735 pro
853 5663 1023 5717 nobis
1044 5663 1220 5718 homo
1242 5664 1451 5732 factus,
1468 5671 1525 5721 et
1546 5667 1671 5722 sine
1694 5666 1813 5721 ullo

129 5757 286 5819 velle
320 5752 626 5828 originali,
658 5751 747 5808 vel
793 5752 1030 5826 proprio
1078 5757 1335 5827 peccato,
1371 5754 1442 5811 ab
1473 5754 1816 5815 hominibus

1926 4862 2043 4911 tem
2076 4872 2284 4928 parum
2308 4858 2416 4922 est,
2433 4854 2544 4909 nisi
2569 4853 2878 4925 adjuvetur
2898 4854 2970 4909 ab
2993 4854 3379 4927 omnipotenti
3403 4856 3575 4914 bono.

1924 4945 2086 5009 Quod
2118 4942 2480 5016 adjutorium
2512 4942 2560 4998 si
2592 4942 2768 4999 homo
2797 4942 2895 4998 ille
2926 4960 3030 5015 per
3059 4942 3310 4999 liberum
3339 4963 3455 5002 non
3486 4947 3578 5002 de-

1926 5033 2207 5092 seruisset
2235 5033 2566 5101 arbitrium,
2601 5049 2832 5104 semper
2868 5038 3024 5088 esset
3073 5032 3284 5089 bonus.
3320 5035 3449 5091 Haec
3488 5041 3579 5091 est

1925 5125 2115 5198 prima
2147 5123 2335 5196 gratia
2366 5138 2493 5194 qua:
2526 5122 2662 5177 data
2709 5126 2799 5177 est
2844 5121 3035 5194 primo
3077 5123 3299 5192 Adam;
3333 5125 3434 5180 sed
3467 5124 3578 5195 hac

1925 5214 2216 5288 potentior
2245 5212 2419 5268 estin
2473 5211 2729 5267 secundo
2776 5212 2983 5266 Adam.
3020 5211 3213 5268 Prima
3259 5216 3348 5268 est
3394 5214 3572 5283 enim,

1924 5321 2041 5377 qua
2073 5305 2136 5357 fit
2170 5307 2233 5357 ut
2263 5301 2477 5356 habeat
2506 5301 2683 5356 homo
2705 5301 3034 5372 justitiam,
3054 5301 3103 5356 si
3125 5300 3282 5357 velit.
3307 5302 3578 5359 Secunda

1922 5410 2058 5465 ergo
2090 5391 2223 5463 plus
2256 5393 2463 5462 potest,
2497 5406 2615 5461 qua
2652 5389 2827 5444 etiam
2877 5389 2942 5444 ﬁt
2972 5393 3037 5445 ut
3067 5389 3225 5460 velit,
3259 5394 3316 5445 et
3344 5395 3574 5449 tantum

1923 5482 2082 5550 velit,
2114 5484 2396 5550 tantoque
2427 5479 2630 5534 ardore
2663 5478 2963 5551 diligat,ut
2991 5480 3184 5535 carnis
3214 5479 3573 5537 voluntatem

1923 5568 2215 5626 contraria
2238 5567 2748 5639 concupiscentem
2771 5566 3071 5623 voluntate
3092 5567 3335 5639 spiritus
3356 5568 3571 5626 vincat.

1923 5660 2037 5717 Nec
2071 5658 2173 5714 illa
2200 5656 2441 5729 quidem
2474 5674 2649 5730 parva
2699 5660 2843 5721 erat,
2874 5673 3005 5730 qua)
3055 5658 3457 5715 demonstrata
3486 5662 3576 5717 est

1925 5754 2102 5811 etiam
2133 5747 2394 5825 potentia
2420 5745 2589 5803 liberi
2620 5745 2868 5819 arbitrii,
2900 5747 3181 5824 quoniam
3222 5748 3312 5808 sic
3332 5750 3573 5827 adjuvay
