3900 6376
382 435 489 497 131

1600 429 2006 492 AMULONIS
2049 430 2294 492 EPISC.
2341 431 2572 493 LUGD.

3683 430 3795 490 132

382 566 575 635 batur,
593 570 656 621 ut
670 565 797 622 sine
817 564 925 620 hoc
943 564 1312 635 adjutorioin
1331 564 1482 618 bono
1502 580 1617 619 non
1639 564 2031 629 manoret,sed
2062 564 2119 631 Α
2149 562 2256 618 hac
2287 580 2501 632 eremo,
2531 569 2595 619 ut
2624 582 2693 620 ex
2723 580 2788 619 co
2820 565 2988 636 quasi
3020 562 3203 637 guttis
3249 562 3603 635 quibusdam
3649 562 3795 617 irro-

378 653 489 709 hoc
548 653 911 725 adjutorium
966 651 1015 706 si
1065 650 1256 719 vellet,
1298 652 1613 708 desereret.
1649 651 1780 707 llaec
1836 656 2035 707 autem

377 744 540 796 tanto
573 743 762 813 major
791 745 900 808 est,
934 745 1000 795 ut
1045 756 1256 812 parum
1306 740 1382 794 sit
1432 739 1658 797 homini
1712 756 1816 812 per
1874 739 2035 795 illam

378 846 648 899 reparare
679 828 967 900 perditam
1012 827 1366 896 libertatem,
1396 845 1606 901 parum
1656 829 1734 883 sit
1783 829 2037 901 denique

380 936 493 973 non
527 934 701 989 posse
732 918 858 973 sine
898 917 999 972 illa
1045 918 1133 972 vel
1184 918 1621 990 apprchendere
1669 919 1912 985 bonum,
1944 917 2033 973 vel

374 1022 721 1078 permanere
754 1006 810 1060 in
846 1007 1018 1073 bono,
1044 1006 1093 1061 si
1124 1006 1280 1074 velit,
1315 1006 1427 1062 nisi
1461 1007 1636 1062 etiam
1660 1007 1950 1062 efﬁciatur
1970 1009 2038 1061 ut

373 1093 702 1150 velit.Tunc
732 1111 871 1168 ergo
902 1096 1144 1151 dederat
1175 1096 1329 1151 Deus
1352 1095 1576 1151 homini
1600 1097 1815 1151 bonam
1836 1094 2038 1150 volun-

374 1186 577 1252 tatem,
612 1182 671 1238 in
702 1183 805 1239 illa
837 1184 1053 1257 quippe
1083 1202 1219 1240 eum
1269 1185 1485 1241 fecerat
1535 1185 1638 1258 qui
1692 1185 1906 1240 fecerat
1946 1200 2032 1239 re-

372 1278 568 1341 ctum;
594 1274 835 1330 dederat
864 1274 1385 1345 adjutorium,sine
1398 1291 1514 1347 quo
1532 1274 1591 1330 in
1610 1291 1676 1330 ea
1699 1291 1814 1329 non
1837 1278 2037 1346 posset

371 1378 717 1434 permanere
748 1361 797 1419 si
829 1361 1022 1431 vellet,
1058 1367 1125 1418 ut
1156 1367 1354 1419 autem
1395 1362 1569 1418 vellet
1600 1363 1658 1418 in
1691 1363 1820 1435 ejus
1850 1361 2033 1419 libero

372 1450 614 1523 reliquit
645 1451 913 1507 arbitrio.
942 1452 1054 1508 Sed
1082 1452 1221 1525 quia
1261 1451 1451 1508 noluit
1497 1468 1862 1525 parmanere,
1896 1468 2034 1524 pro-

372 1539 523 1596 fecto
551 1541 681 1613 ejus
711 1544 801 1597 est
831 1540 1003 1614 culpa
1054 1542 1226 1613 cujus
1274 1541 1552 1597 meritum
1587 1540 1797 1597 fuisset
1821 1540 1870 1596 si
1904 1557 2031 1613 per-

373 1645 613 1686 manere
641 1629 955 1696 voluisset;
990 1630 1144 1685 sicut
1169 1631 1433 1686 fecerunt
1464 1629 1655 1702 angeli
1689 1628 2033 1701 sancti,qui,

373 1718 723 1791 cadentibus
755 1717 886 1775 aliis
915 1735 1020 1790 per
1054 1718 1306 1774 liberum
1358 1718 1689 1787 arbitrium,
1726 1735 1829 1791 per
1874 1718 2030 1774 idem

370 1787 965 1865 liberum.arbitrium
998 1811 1290 1863 steterunt
1321 1808 1455 1880 ipsi,
1490 1812 1548 1863 et
1579 1787 1759 1879 hujus
1782 1806 2035 1862 mansio-

369 1896 464 1953 nis
496 1896 753 1952 debitam
787 1897 1114 1952 mercedem
1147 1896 1401 1969 recipere
1424 1899 2029 1964 moruerunt,tantam

369 1984 597 2041 scilicet
626 1984 1009 2041 beatitudinis
1041 1985 1490 2058 plenitudinem,
1516 2002 1633 2057 qua
1664 1985 1749 2040 eis
1781 1985 2033 2041 certissi-

370 2090 537 2129 mum
569 2074 645 2129 sit
677 2092 910 2147 semper
939 2092 1001 2131 se
1024 2074 1083 2129 in
1110 2074 1209 2129 illa
1238 2091 1367 2131 esse
1399 2074 1811 2130 mansuros.Si
1834 2079 2030 2130 autem

368 2163 480 2219 hoc
510 2163 869 2236 adiutorium
921 2163 1008 2219 vel
1062 2164 1290 2237 angelo,
1322 2163 1410 2220 vel
1461 2163 1708 2233 homini,
1743 2180 1879 2219 cum
1911 2164 2031 2236 pri»

371 2268 537 2307 mum
569 2252 705 2308 facti
727 2257 885 2320 sunt,
909 2253 1500 2325 defuisset,quoniam
1525 2271 1640 2309 non
1664 2253 1798 2308 talis
1823 2257 2033 2309 natura

373 2341 532 2396 facta
557 2345 701 2410 erat,
734 2342 800 2396 ut
828 2341 957 2398 sine
980 2342 1178 2397 divino
1212 2341 1504 2413 adjutorio
1546 2347 1746 2414 posset
1794 2358 2031 2398 manere

373 2430 424 2485 si
456 2428 647 2497 vellet,
682 2447 795 2485 non
830 2430 1035 2503 utique
1065 2448 1173 2487 sua
1200 2430 1375 2503 culpa
1404 2431 2031 2504 cecidissent.Adjuto-

372 2519 527 2574 rium
542 2518 761 2592 quippe
778 2519 1081 2586 defuisset,
1095 2520 1221 2575 sine
1237 2537 1354 2592 quo
1367 2537 1603 2576 manere
1627 2538 1741 2576 non
1763 2525 2028 2593 possent.

374 2608 543 2663 Nunc
575 2612 773 2664 autem
806 2608 1023 2681 quibus
1045 2610 1209 2664 deest
1242 2607 1354 2664 tale
1384 2609 1893 2681 adjutorium,jam
1918 2627 2031 2681 pm-

375 2715 451 2753 na
500 2698 722 2770 peccati
771 2702 893 2768 est;
947 2697 1164 2770 quibus
1223 2702 1421 2753 autem
1474 2698 1668 2766 datur,
1703 2699 2030 2754 secundum

371 2786 625 2860 gratiam
677 2788 871 2854 datur,
906 2805 1022 2843 non
1074 2788 1397 2843 secundum
1448 2787 1735 2854 debitum,
1770 2791 1827 2841 et
1868 2792 2031 2843 tanto

371 2876 630 2949 amplius
659 2878 837 2932 datur
866 2894 970 2949 per
993 2876 1197 2932 Jesum
1229 2875 1527 2932 Christum
1557 2877 1873 2932 Dominum
1904 2895 2033 2933 nos-

372 2965 781 3038 trum,quibus
803 2965 857 3020 id
880 2967 1017 3021 dare
1041 2965 1156 3021 Deo
1178 2963 1621 3038 placuit,utnon
1636 2964 1827 3021 solum
1854 2965 2028 3035 adsit,

374 3054 500 3112 sine
513 3073 629 3128 quo
651 3071 993 3127 permanere
1014 3072 1132 3110 non
1157 3053 1734 3127 possumus,ctiamsi
1757 3054 2028 3123 velimus,

374 3161 571 3200 verum
633 3144 811 3199 etiam
862 3148 1091 3199 tantum
1140 3159 1207 3198 ac
1256 3142 1372 3198 tale
1422 3143 1500 3198 sit
1525 3147 1592 3198 ut
1635 3142 1907 3199 velimus.
1943 3144 2033 3199 Fit

373 3232 590 3305 quippe
621 3232 680 3287 in
714 3232 884 3288 nobis
910 3249 1013 3303 per
1041 3231 1196 3286 hanc
1226 3230 1328 3287 Dei
1358 3231 1611 3302 gratiam
1637 3232 1695 3285 in
1720 3232 1873 3287 bono
1895 3232 2034 3287 reci-

2147 652 2256 707 rati
2288 669 2404 707 non
2436 652 2782 709 deﬁciamus
2814 652 2876 707 in
2900 651 3015 708 via.

2803 784 3035 841 CAPUT
3073 785 3141 840 V.

2218 893 2299 946 Ex
2322 909 2569 947 sermone
2597 894 2661 946 51
2696 894 3054 1020 expositioan
3100 891 3385 963 Evangelii
3430 892 3733 947 secundum

2865 980 3117 1019 oannem.

2865 980 3097 1019 oannem
3105 1004 3117 1017 .

2217 1098 2533 1153 SENTENTIA
2566 1098 2607 1153 Ι.
2643 1098 2959 1153 Dominum
2992 1096 3303 1171 prmscium
3330 1095 3665 1153 futurorum
3699 1114 3796 1170 per

2142 1186 2488 1258 prophetam
2513 1186 2849 1259 praedixisse
2873 1186 3277 1243 inﬁdelitatem
3294 1186 3799 1259 Judzeorum,pres-

2143 1273 2360 1330 dixisse
2408 1279 2629 1344 tamen,
2678 1293 2794 1332 non
2847 1273 3075 1332 fecisse.
3109 1275 3235 1331 Non
3293 1274 3450 1331 enim
3494 1279 3797 1348 propterea

2142 1379 2502 1437 quemquam
2536 1365 2690 1421 Deus
2720 1365 2876 1439 cogit
2898 1366 2971 1421 ad
3004 1364 3387 1438 peccandum,
3420 1364 3559 1438 quia
3601 1365 3797 1421 futura

2141 1452 2451 1509 hominum
2497 1458 2736 1525 peccata
2756 1456 2884 1526 jam
2916 1452 3095 1511 novit.
3126 1455 3395 1527 Ipsorum
3425 1453 3583 1511 enim
3614 1470 3796 1526 prais-

2140 1540 2277 1596 civit
2322 1547 2581 1614 peccata,
2614 1559 2729 1599 non
2778 1560 2920 1613 sua;
2956 1559 3073 1598 non
3124 1544 3480 1616 cujusquam
3530 1542 3793 1609 alterius,

2141 1629 2240 1685 sed
2274 1629 2558 1702 ipsorum.
2594 1632 2959 1703 Quapropter
2989 1629 3040 1688 si
3070 1647 3138 1686 ea
3186 1647 3315 1703 qua:
3366 1630 3463 1688 ille
3507 1629 3795 1704 praescivit

2140 1717 2424 1789 ipsorum,
2457 1736 2571 1775 non
2599 1725 2738 1778 sunt
2758 1718 3046 1793 ipsorum,
3073 1737 3189 1776 non
3211 1735 3344 1776 vere
3358 1718 3461 1776 illa
3481 1719 3792 1792 prescivit.

2140 1806 2249 1862 Sed
2284 1807 2422 1879 quia
2460 1806 2620 1863 illius
2671 1807 3040 1881 prmscientia
3088 1807 3210 1864 falli
3259 1824 3375 1864 non
3426 1812 3652 1880 potest,
3681 1808 3794 1864 sine

2140 1896 2318 1952 dubio
2350 1914 2465 1953 non
2496 1896 2672 1964 alius,
2706 1899 2808 1953 sed
2839 1896 2950 1970 ipsi
2993 1902 3257 1970 peccant,
3290 1914 3438 1970 quos
3470 1897 3632 1954 Deus
3659 1915 3792 1971 pec-

2139 1990 2373 2042 caturos
2421 2002 2552 2041 esse
2601 1986 2911 2059 prmscivit.
2965 1987 3251 2042 Fecerunt
3297 2001 3434 2059 ergo
3491 1991 3791 2059 peccatum

2137 2073 2345 2143 Judaei,
2381 2075 2537 2147 quod
2568 2091 2668 2131 eos
2700 2076 2886 2132 facere
2918 2091 3035 2130 non
3060 2074 3354 2148 compulit
3373 2075 3467 2130 cui
3489 2080 3790 2148 peccatum

2140 2181 2254 2219 non
2288 2163 2501 2236 placet,
2534 2165 2637 2219 sed
2667 2165 2925 2221 facturos
2958 2180 3088 2221 esse
3119 2163 3386 2237 prmdixit
3423 2180 3600 2236 quem
3651 2163 3790 2219 nihil

2138 2251 2299 2308 latet.
2333 2254 2404 2308 Et
2436 2254 2565 2310 ideo
2597 2254 2645 2310 si
2678 2272 2793 2309 non
2828 2252 3078 2322 malum,
3108 2253 3211 2310 sed
3239 2254 3459 2310 bonum
3488 2254 3681 2309 facere
3710 2271 3790 2309 vo-

2140 2339 2413 2407 luissent,
2447 2358 2564 2398 non
2596 2342 3066 2415 prohiberentur,
3095 2347 3155 2399 et
3184 2342 3293 2398 hoc
3337 2342 3546 2399 facturi
3591 2343 3789 2415 praevi-

2140 2431 2417 2485 derentur
2437 2431 2510 2486 ab
2530 2448 2598 2487 eo
2620 2431 2722 2504 qui
2755 2431 2915 2487 novit
2944 2432 3087 2504 quid
3119 2432 3198 2487 sit
3227 2432 3478 2504 quisque
3506 2431 3787 2500 facturus,

2139 2523 2197 2576 et
2227 2520 2371 2592 quid
2402 2520 2455 2576 ei
2487 2521 2565 2576 sit
2595 2537 2699 2594 pro
2730 2522 2860 2592 ejus
2890 2536 3063 2593 opere
3096 2521 3457 2577 redditurus.

2211 2608 2283 2664 II.
2318 2608 2535 2665 Malam
2564 2609 2904 2665 Judmorum
2933 2609 3299 2666 voluntatem
3330 2608 3594 2683 praevidit
3615 2610 3789 2681 Deus,

2140 2703 2197 2754 et
2226 2715 2330 2770 per
2359 2698 2711 2771 prophetam
2764 2699 3177 2772 praenuntiavit
3226 2698 3323 2754 ille
3369 2699 3463 2754 cui
3510 2698 3789 2755 abscondi

2141 2787 2341 2842 futura
2371 2805 2486 2843 non
2518 2793 2789 2859 possunt.
2815 2788 2926 2843 Sed
2959 2787 3136 2843 aliam
3170 2805 3434 2857 causam,
3464 2787 3686 2861 inquis,
3713 2789 3791 2842 di-

2141 2875 2221 2930 cit
2250 2875 2554 2948 propheta,
2580 2893 2697 2931 non
2720 2875 3040 2932 voluntatis
3060 2875 3319 2932 illorum.
3342 2878 3526 2942 Quam
3549 2893 3787 2932 causam

2141 2963 2284 3019 dicit
2314 2964 2642 3037 propheta?
2676 2989 2696 3014 α
2725 2965 2872 3031 Quia
2893 2964 3154 3020 deditilli
3172 2965 3327 3021 Deus
3344 2965 3616 3038 spiritum
3640 2983 3790 3021 com-

2146 3076 2166 3101 α
2204 3052 2561 3125 punctionis,
2595 3052 2799 3109 oculos
2820 3058 2886 3109 ut
2906 3072 3020 3110 non
3053 3054 3307 3122 videant,
3322 3058 3380 3109 et
3396 3071 3565 3110 aures
3588 3060 3656 3109 ut
3676 3072 3788 3110 non

2145 3163 2173 3191 «
2206 3142 2470 3210 audiant,
2504 3147 2563 3198 et
2591 3143 2898 3199 oxcmcavit
2926 3143 3128 3199 oculos
3158 3148 3454 3215 eorum,et
3484 3143 3789 3199 obduravit

2146 3253 2167 3279 «ι
2203 3247 2303 3286 cor
2325 3248 2528 3287 eorum
2562 3233 2736 3302 (Rom.
2768 3234 2871 3301 x1).
2905 3254 2932 3282 ››
2966 3232 3157 3288 Etiam
3186 3232 3294 3288 hoc
3313 3248 3509 3288 serum
3529 3231 3790 3288 volunta-

375 3303 589 3394 piendo
623 3325 681 3375 et
711 3325 1148 3392 perseveranter
1176 3320 1451 3385 tenendo,
1487 3336 1601 3373 non
1638 3319 1829 3375 solum
1862 3337 2035 3392 posse
2063 3303 2106 3370 (ἶ
2143 3324 2261 3375 tom
2295 3320 2582 3377 meruisse
2613 3321 2957 3394 respondeo.
2981 3321 3077 3377 Sic
3105 3321 3263 3377 enim
3292 3325 3556 3390 excmcat,
3578 3322 3670 3378 sic
3699 3322 3790 3378 ob-

377 3410 532 3482 quod
565 3408 859 3475 volumus,
891 3424 1094 3463 verum
1127 3407 1307 3463 etiam
1340 3406 1483 3463 velle
1527 3408 1683 3479 quod
1732 3425 2030 3480 possums.

366 3582 369 3585 _
448 3524 592 3580 XVI.
624 3524 789 3595 (Cap.
845 3526 959 3591 l2.)
1005 3522 1199 3578 Prima
1255 3522 1496 3578 libertas
1551 3522 1868 3580 voluntatis
1913 3530 2039 3583 erat

380 3629 553 3684 posse
582 3628 699 3668 non
740 3628 979 3682 peccare
1012 3626 1027 3665 :
1061 3610 1387 3666 novissima
1435 3611 1547 3666 erit
1591 3611 1779 3667 multo
1826 3615 2035 3686 major,

381 3719 498 3758 non
534 3718 709 3775 posse
738 3716 999 3774 peccare.
1033 3699 1229 3755 Prima
1259 3699 1672 3757 immortalitas
1702 3706 1829 3758 erat
1866 3719 2039 3774 posse

382 3808 497 3847 non
530 3789 680 3847 mori
716 3807 729 3845 :
766 3787 1087 3846 novissima
1119 3789 1232 3844 erit
1261 3787 1448 3844 multo
1479 3789 1687 3860 major,
1722 3808 1837 3846 non
1864 3808 2038 3862 posse

380 3880 553 3937 mori.
588 3879 784 3935 Prima
830 3882 957 3935 erat
1006 3877 1450 3951 perseverantia:
1501 3867 1781 3949 potestas,
1816 3879 2037 3935 bonum

381 3985 553 4041 posse
585 3987 700 4026 non
731 3970 997 4025 deserere
1031 3984 1044 4023 :
1081 3966 1403 4024 novissima
1438 3967 1549 4024 erit
1596 3968 2038 4040 perseverantia

369 4057 648 4127 felicitas,
683 4058 902 4114 bonum
933 4074 1049 4113 non
1083 4073 1255 4129 posse
1287 4056 1571 4113 deserere.
1598 4057 1875 4130 Nunquid
1899 4057 2040 4130 quia

380 4152 557 4202 erunt
584 4146 740 4202 bona
768 4146 1090 4202 novissima
1121 4145 1346 4218 potiora
1384 4149 1560 4217 atque
1612 4147 1875 4215 meliora,
1907 4146 2038 4203 ideo

383 4235 622 4290 fuerunt
651 4234 749 4291 illa
780 4236 972 4307 prima
999 4233 1088 4289 vel
1116 4233 1280 4290 nulla
1310 4233 1398 4289 vel
1430 4235 1649 4307 parva?

454 4341 625 4397 XVII.
659 4344 814 4414 (Cap.
849 4343 961 4409 14.)
992 4340 1135 4396 Cum
1170 4340 1439 4397 homines
1471 4358 1574 4414 per
1611 4344 2038 4416 correptionem

384 4431 444 4485 in
474 4430 628 4486 viam
655 4430 900 4503 justitiaz
933 4446 1036 4486 seu
1070 4430 1330 4497 veniunt,
1366 4446 1471 4486 seu
1505 4432 2040 4504 revertuntur,quis

382 4524 660 4593 operatur
690 4520 749 4576 in
783 4520 1058 4575 cordibus
1086 4535 1288 4575 eorum
1322 4519 1596 4587 salutem,
1627 4521 1740 4575 nisi
1788 4520 1886 4577 ille
1938 4520 2041 4594 qui

382 4609 646 4680 quolibet
675 4609 979 4681 plantante
1009 4612 1068 4664 et
1099 4610 1346 4681 rigante,
1381 4614 1441 4664 et
1471 4609 1735 4680 quolibet
1774 4610 1835 4666 in
1883 4610 2042 4684 agris

381 4696 468 4752 vel
502 4697 833 4755 arbusculis
863 4698 1268 4770 operante,dat
1298 4697 1726 4753 incrementum
1758 4699 1956 4755 Deus?

453 4814 650 4873 XVIll.
682 4818 839 4887 (Cap.
876 4815 986 4886 16.)
1017 4815 1131 4869 Nec
1172 4813 1361 4886 gratia
1404 4813 1675 4886 prohibet
1720 4817 2038 4889 correptio-

383 4920 537 4972 nem,
556 4921 658 4959 nec
677 4903 961 4975 correptio
985 4907 1157 4974 negat
1178 4902 1667 4973 gratiamlﬂtideo
1686 4905 1768 4959 sic
1791 4910 1879 4960 est
1896 4924 2038 4979 prte-

384 4992 653 5063 cipienda
674 4993 930 5063 justitia,
965 4997 1028 5046 ut
1058 5010 1091 5045 a
1122 4992 1235 5045 Deo
1267 4991 1477 5061 gratia,
1501 4993 1694 5062 quaid
1724 4997 1876 5066 quod
1903 5014 2041 5067 prm-

384 5080 599 5152 cipitur
634 5081 917 5148 ﬁat,ﬁdeli
952 5080 1213 5135 oratione
1243 5084 1553 5151 poscatur;
1588 5086 1645 5135 et
1677 5081 1783 5138 hoc
1819 5089 2041 5139 utrum-

384 5186 495 5241 que
529 5170 610 5224 ita
660 5170 993 5225 faciendum
1055 5175 1161 5236 est,
1198 5172 1263 5223 ut
1311 5184 1501 5239 neque
1528 5170 1694 5240 justa
1750 5173 2039 5245 correptio

385 5258 738 5331 negligatur.
772 5260 984 5314 Omnia
1011 5275 1143 5314 vero
1182 5258 1305 5312 haec
1353 5274 1488 5312 cum
1540 5259 1823 5318 charitate
1872 5264 2035 5332 ﬁant,

384 5346 662 5417 quoniam
693 5348 950 5403 charitas
990 5365 1093 5404 nec
1145 5346 1281 5403 facit
1329 5355 1655 5426 peccatum,
1692 5355 1749 5405 et
1782 5353 2041 5424 cooperit

384 5434 826 5491 multitudinem
860 5442 1254 5508 peccatorum.

454 5540 593 5595 XIX.
626 5542 806 5599 Nemo
842 5543 1015 5599 habet
1046 5547 1114 5601 de
1147 5565 1252 5603 suo
1278 5548 1388 5603 nisi
1425 5548 1801 5603 mendacium
1826 5552 1883 5604 et
1907 5565 2037 5621 pec-

387 5632 607 5682 catum.
642 5630 701 5686 Si
730 5632 872 5702 quid
904 5637 1099 5688 autem
1132 5635 1307 5692 habet
1338 5638 1513 5693 homo
1562 5636 1824 5694 veritatis
1864 5642 2039 5709 atque

382 5713 648 5786 justitim,
683 5718 753 5774 ab
785 5717 885 5775 illo
932 5719 1089 5780 fonte
1118 5727 1209 5782 est
1239 5741 1417 5799 quem
1448 5725 1733 5783 debemus
1773 5726 1937 5783 sitire
1978 5728 2039 5784 in

2144 3409 2320 3465 durat
2348 3410 2525 3479 Deus,
2558 3409 2898 3479 deserendo,
2920 3414 2979 3465 et
3009 3427 3128 3466 non
3149 3410 3500 3483 adjuvando,
3518 3411 3679 3484 quod
3707 3428 3791 3467 oc-

2144 3497 2301 3554 culto
2324 3498 2551 3570 judicio
2582 3500 2769 3555 facere
2800 3503 3012 3573 potest,
3040 3498 3244 3572 iniquo
3284 3516 3399 3555 non
3428 3503 3642 3573 potest.
3676 3500 3789 3557 Hoc

2144 3587 2385 3644 omnino
2416 3588 2604 3660 pietas
2636 3588 3044 3661 religiosorum
3074 3589 3489 3646 inconcussum
3520 3590 3697 3646 debet
3714 3590 3791 3646 in-

2144 3676 2544 3748 violatumque
2559 3693 2809 3733 servare.
2827 3677 2992 3733 Sicut
3009 3677 3343 3751 Apostolus,
3356 3693 3499 3749 cum
3520 3679 3788 3735 eamdem

2147 3765 2337 3838 ipsam
2377 3770 2657 3822 tractaret
2681 3766 3093 3823 difﬁcillimam
3120 3767 3500 3839 quaestionem
3535 3783 3550 3823 :
3584 3790 3617 3818 «
3646 3768 3791 3837 Quid

2151 3872 2344 3928 «ergo
2394 3856 2682 3925 dicemus,
2714 3856 2928 3929 inquit,
2981 3856 3252 3928 nunquid
3301 3856 3583 3929 iniquitas
3640 3858 3789 3931 apud

2150 3966 2179 3996 «
2211 3944 2441 4001 Deum?
2467 3944 2635 4001 Absit
2672 3946 2848 4015 (Rom.
2882 3944 2981 4017 Ix).
3014 3966 3042 3996 »
3078 3944 3173 4002 Sic
3219 3961 3356 4019 ergo
3403 3944 3558 4003 absit
3603 3952 3676 4003 ut
3723 3947 3793 4003 sit

2146 4034 2428 4107 iniquitas
2459 4035 2614 4107 apud
2645 4035 2852 4090 Deum.
2885 4034 3016 4091 Sive
3045 4035 3280 4107 quando
3301 4036 3791 4108 adjuvat,miseri-

2148 4124 2401 4180 corditer
2430 4124 2601 4192 facit;
2630 4124 2750 4179 sive
2781 4124 3017 4196 quando
3045 4140 3161 4179 non
3183 4124 3619 4197 adjuvat,juste
3640 4126 3787 4192 facit,

2148 4211 2288 4284 quia
2318 4209 2518 4265 omnia
2547 4227 2663 4266 non
2695 4211 3047 4281 temeritate,
3080 4211 3182 4267 sed
3205 4211 3428 4282 judicio
3458 4210 3619 4269 facit.

2221 4299 2317 4356 III.
2351 4299 2409 4356 Si
2434 4298 2663 4370 judicia
2692 4303 3031 4356 sanctorum
3053 4300 3222 4372 justa
3249 4304 3408 4370 sunt,
3424 4305 3646 4374 quanto
3677 4319 3790 4358 ma-

2148 4390 2239 4463 gis
2263 4387 2648 4462 justiﬁcantis
2699 4392 2756 4445 et
2803 4388 3226 4446 sanctiﬁcantis
3274 4389 3415 4445 Dei?
3442 4389 3619 4447 Justa
3665 4407 3790 4464 ergo

2150 4483 2309 4548 sunt,
2342 4477 2445 4535 sed
2478 4477 2728 4545 occulta.
2756 4478 2888 4533 Ideo
2909 4495 3045 4534 cum
3076 4479 3427 4551 quaestiones
3454 4478 3789 4552 bujusmodi

2149 4569 2210 4624 in
2234 4567 2496 4624 medium
2518 4567 2992 4640 venerint,quare
3013 4567 3164 4623 alius
3186 4567 3449 4641 sic,alius
3469 4572 3673 4625 autem
3695 4570 3789 4635 sic,

2074 4673 2119 4737 D
2154 4674 2334 4730 quare
2363 4655 2481 4725 ille,
2517 4656 2633 4712 Deo
2664 4657 3327 4726 deserente,excaacetur,
3358 4656 3605 4726 ille,Deo
3635 4659 3790 4729 adju~

2152 4750 2342 4814 vante,
2376 4745 2765 4814 illuminetur,
2798 4763 2914 4801 non
2964 4746 3134 4803 nobis
3154 4746 3447 4818 judicium
3477 4748 3548 4802 de
3568 4748 3789 4818 judicio

2151 4835 2297 4893 tanti
2321 4836 2545 4908 judicis
2576 4834 3601 4907 usurpemus,sedeontremiscentes
3623 4836 3791 4893 excla-

2152 4944 2383 4982 memus
2415 4942 2550 4981 cum
2581 4924 2857 4998 Apostolo
2892 4942 2905 4980 :
2940 4950 2959 4973 «
2995 4926 3039 4980 Ο
3068 4924 3313 4981 altitudo
3344 4924 3687 4981 divitiarum
3716 4942 3788 4980 sa-

2155 5040 2175 5064 α
2213 5015 2441 5087 pientis)
2475 5020 2531 5069 et
2557 5014 2813 5069 scientia:
2847 5014 2978 5069 Dei!
3015 5031 3193 5086 quam
3226 5014 3639 5071 inscrutabilia
3668 5015 3787 5070 sunt

2156 5130 2175 5154 (ι
2203 5105 2433 5177 judicia
2464 5106 2679 5175 ejus,et
2710 5103 3145 5175 investigabiles
3176 5104 3277 5159 vim
3309 5105 3437 5174 ejus
3469 5102 3783 5176 (Rom.xi)ln

2150 5194 2311 5250 Unde
2342 5194 2565 5248 dictum
2590 5196 2647 5247 et
2663 5192 2722 5246 in
2743 5191 2971 5263 psalmo
2997 5209 3009 5246 :
3038 5215 3064 5241 «ι
3086 5192 3319 5248 Judicia
3341 5197 3442 5247 tua
3463 5193 3623 5248 sicut
3642 5194 3787 5264 abys

2154 5305 2180 5333 ‹‹
2214 5300 2319 5339 sus
2349 5282 2536 5336 multa
2566 5281 2734 5353 (Psal.
2770 5283 2959 5351 xxxv).
2993 5303 3021 5331 »

2223 5372 2313 5426 IV.
2347 5372 2673 5426 Audiamus
2704 5371 3115 5427 admonentem
3139 5371 3502 5443 Scripturam
3525 5377 3703 5444 atque
3721 5369 3788 5423 di-

2150 5465 2375 5516 centem
2411 5476 2423 5514 :
2457 5483 2484 5509 ‹‹
2516 5459 2737 5514 Altiora
2768 5463 2822 5514 te
2852 5477 2921 5515 ne
2946 5460 3269 5530 quaesieris,
3293 5463 3351 5514 et
3380 5460 3625 5516 fortiora
3656 5466 3710 5515 te
3729 5472 3786 5511 ne

2151 5554 2446 5604 scrutatus
2462 5547 2640 5604 fueris
2665 5548 2943 5620 (Eccli.m)
2954 5591 2964 5602 .
2976 5572 3000 5597 ι»
3024 5549 3148 5604 Non
3162 5548 3300 5620 quia
3314 5548 3426 5606 ista
3438 5554 3655 5621 negata
3669 5551 3789 5604 sunt

2150 5628 2483 5705 nobiscum
2498 5638 2652 5693 Deus
2676 5638 2955 5711 magister
2976 5639 3132 5695 dicat
3156 5656 3168 5693 :
3198 5662 3218 5690 α
3237 5638 3394 5694 Nihil
3406 5638 3789 5696 estoccultum

2154 5749 2182 5783 ς(
2215 5728 2372 5805 quod
2404 5743 2520 5788 non
2552 5726 2837 5788 reveletur
2865 5728 2999 5805 (Luc
3025 5728 3169 5808 vni).
3202 5751 3230 5781 »
3264 5727 3376 5789 Sed
3408 5728 3460 5789 si
3493 5750 3521 5781 «
3551 5728 3619 5788 in
3650 5725 3790 5808 quod
