3900 6376
187 429 301 490 133

184 584 215 614 ι(
242 562 618 636 pervenimus
668 561 727 617 in
778 581 844 618 eo
882 564 1258 620 ambulemus
1288 564 1458 632 (Phil.
1482 567 1589 631 ιιι),
1618 583 1648 613 ιι
1679 561 1837 618 sicut
1860 561 1918 627 Α

184 650 325 707 dicit
337 649 795 724 Apostolus,non
810 652 1001 708 solum
1015 652 1170 724 quod
1187 650 1484 708 nescimus
1498 656 1557 706 et
1568 648 1716 705 scire
1745 650 1840 705 de-

185 741 413 805 bemus,
438 741 539 795 sed
562 739 736 796 etiam
757 763 776 790 α
797 742 1001 814 siquid
1021 741 1188 797 aliter
1204 741 1491 813 sapimus,
1514 740 1569 795 id
1604 753 1838 812 quoque

188 828 396 883 «nobis
419 829 573 884 Deus
595 829 889 885 revelavit.
912 852 941 880 »
970 830 1344 886 Pervenimus
1367 834 1562 885 autem
1593 829 1652 883 in
1684 828 1838 882 viam

186 918 339 985 ﬁdei,
357 917 506 973 hanc
531 918 1106 990 perseverantissime
1119 923 1444 975 teneamus.
1464 919 1594 990 Ipsa
1626 917 1837 989 perdu-

113 1047 124 1057 .
183 1005 261 1061 cit
281 1006 353 1062 ad
378 1007 718 1063 cubiculum
742 1008 968 1081 Regis”:
987 1010 1045 1063 in
1063 1026 1177 1081 quo
1204 1026 1408 1065 omnes
1429 1003 1840 1064 suntthesauri

189 1119 210 1146 ιι
247 1095 546 1167 sapientiae
578 1099 636 1152 et
663 1096 920 1152 scientiis
953 1097 1302 1153 absconditi.
1344 1121 1365 1147 ιι
1400 1084 1838 1152 Ambulandum

182 1185 727 1257 est,proficiendum
751 1191 862 1256 est,
878 1187 1263 1242 crescendum
1285 1191 1394 1255 est,
1419 1191 1487 1242 ut
1516 1186 1635 1242 sint
1665 1184 1841 1240 corda

183 1277 384 1330 nostra
410 1273 649 1346 capacia
677 1290 881 1330 earum
914 1292 1112 1330 rerum
1135 1292 1284 1347 quas
1304 1292 1509 1348 capere
1530 1275 1703 1329 modo
1722 1288 1837 1328 non

181 1363 694 1435 possumus.Quod
726 1362 775 1418 si
807 1380 914 1419 nos
947 1362 1192 1419 ultimus
1223 1364 1349 1420 dies
1369 1361 1842 1436 proﬁcientcsin-

179 1451 428 1523 venerit,
458 1451 540 1506 ibi
571 1451 857 1507 discimus
889 1453 1044 1523 quod
1076 1452 1171 1507 hic
1203 1470 1317 1507 non
1348 1450 1671 1524 potuimus.

248 1575 317 1631 ν.
352 1574 436 1631 Ne
469 1576 682 1631 audeat
739 1576 1057 1649 quisquam
1116 1576 1367 1632 liberum
1412 1575 1721 1632 arbitrium
1754 1575 1840 1631 sic

179 1665 513 1732 defendere,
547 1670 614 1719 ut
644 1664 813 1720 nobis
861 1665 1182 1720 orationem
1230 1683 1345 1736 qua
1383 1665 1657 1735 dicimus,
1698 1685 1720 1711 α
1755 1663 1840 1722 Ne

183 1777 205 1803 ι
241 1770 349 1809 nos
410 1753 628 1808 inferas
685 1754 743 1808 in
804 1753 1207 1823 tentationem,
1246 1775 1266 1803 ι
1304 1759 1548 1809 conetur
1588 1754 1835 1809 auferre.

178 1842 411 1899 Rursus
442 1858 513 1897 ne
543 1843 859 1914 quisquam
894 1847 1062 1914 neget
1089 1841 1410 1897 voluntatis
1440 1842 1750 1897 arbitrium
1782 1847 1838 1897 et

177 1932 398 1988 audeat
453 1947 731 1987 excusare
792 1936 1115 2003 peccatum.
1152 1932 1262 1986 Sed
1294 1931 1605 1986 audiamus
1635 1930 1837 1985 Domi-
1868 1929 1916 1993 B
1946 1896 2366 2003 :‘_q}l?,fut‘fra
2399 1898 2578 1969 εωὶί(

167 2038 331 2089 ιιιιιιι,
351 2024 415 2076 et
444 2018 898 2092 praacipientem,
924 2024 980 2075 et
1012 2018 1417 2091 opitulantem,
1441 2024 1498 2072 et
1520 2019 1830 2090 jubentem

160 2109 305 2181 quid
359 2109 554 2164 facere
610 2108 952 2173 debeamus,
983 2112 1042 2162 et
1085 2107 1457 2179 adjuvantem
1492 2112 1556 2162 ut
1590 2106 1830 2180 implere

162 2213 488 2269 posmmus.

234 2314 328 2370 Vl.
364 2314 664 2381 Quosdam
689 2314 872 2370 nimia
894 2330 1013 2369 suae
1036 2313 1355 2369 voluntatis
1386 2312 1603 2368 ﬁducia
1627 2310 1833 2367 extulit

162 2402 224 2458 in
250 2402 681 2475 superbiam,et
701 2402 990 2474 quosdam
1023 2402 1208 2456 nimia
1237 2419 1357 2457 sua)
1385 2401 1705 2457 voluntatis
1728 2399 1832 2455 dif-

165 2492 411 2547 ﬁdentia
441 2492 655 2562 dejecit
674 2490 733 2546 in
756 2490 1198 2563 negligentiam.
1229 2490 1315 2546 Illi
1339 2489 1659 2546 dieuntzUt
1688 2490 1828 2562 quid

166 2598 449 2654 rogamus
475 2585 655 2636 Deum
680 2597 751 2635 ne
775 2580 1083 2635 vincamur
1102 2581 1442 2645 tentatione,
1464 2579 1620 2651 quod
1642 2579 1703 2633 in
1734 2596 1832 2634 no-

165 2674 291 2725 stra
322 2674 416 2725 est
446 2669 780 2741 potestate?
813 2670 912 2725 Isti
946 2670 1151 2724 dicunt
1185 2685 1198 2724 :
1234 2669 1307 2725 Ut
1353 2669 1494 2740 quid
1547 2684 1832 2723 conamur

165 2759 316 2815 bene
347 2758 565 2826 vivere,
588 2759 741 2830 quod
777 2758 834 2812 in
869 2758 968 2813 Dei
1002 2763 1091 2813 est
1121 2762 1407 2830 potestate
1427 2758 1454 2811 ?
1484 2757 1529 2812 Ο
1560 2756 1827 2826 Domine,

161 2852 385 2921 opater
407 2847 509 2919 qui
533 2864 595 2902 es
617 2847 675 2902 in
701 2846 885 2917 caelis,
917 2863 990 2901 ne
1026 2863 1133 2901 nos
1168 2845 1387 2900 inferas
1411 2845 1469 2900 in
1503 2844 1832 2917 quamlibet

161 2935 419 2994 istarum
451 2935 864 3001 tentationum,
900 2935 1002 2990 sed
1026 2933 1210 2989 libera
1230 2950 1338 2988 nos
1360 2950 1395 2988 a
1413 2932 1589 2988 malo.
1620 2931 1831 2987 Audia-

161 3042 297 3081 mus
321 3025 643 3081 Dominum
674 3023 996 3078 dicentem:
1023 3047 1044 3072 ιι
1062 3022 1279 3095 Rogavi
1302 3037 1407 3092 pro
1427 3025 1505 3087 te,
1538 3020 1727 3088 Petre,
1756 3036 1829 3074 ne

162 3137 183 3164 ι
222 3114 466 3170 deficiat
506 3114 651 3168 ﬁdes
676 3117 776 3167 tua
801 3111 951 3183 (Luc.
974 3114 1137 3180 XXII),
1164 3135 1186 3161 ι
1215 3126 1289 3164 ne
1309 3109 1392 3164 sic
1424 3108 1827 3165 existimemus

144 3203 337 3276 fidem
369 3206 638 3257 nostram
660 3217 789 3255 esse
812 3200 871 3254 in
893 3198 1075 3254 libero
1100 3198 1362 3265 arbitrio,
1390 3203 1454 3253 ut
1483 3198 1679 3252 divino
1710 3214 1827 3252 non

973 430 1075 493 DE
1119 425 1900 499 PRIEDESTINATIONE,
1949 427 2146 502 ETC.,
2193 430 2295 492 EX
2334 434 2809 498 AUGUSTINO.

3484 440 3599 503 134

1946 650 2030 705 Ex
2060 649 2200 733 {ibro
2253 653 2318 709 de
2371 656 2861 733 Praedestinatiqne
2915 666 3250 733 sanctorum,
3278 662 3509 733 ﬂetuque
3536 661 3602 717 de

2044 721 2182 779 dono
2207 729 2646 796 perseverantiw,
2671 728 2742 783 ad
2770 730 3096 801 Prosperum
3127 737 3178 786 et
3204 721 3498 788 Hilariu'm.

2021 830 2335 888 SENTENTIA
2367 834 2409 888 Ι.
2432 834 2593 907 (Cap.
2629 836 2742 905 10.)
2785 836 2941 891 Inter
2987 836 3237 910 gratiam
3282 841 3341 893 et
3388 840 3602 911 praede-

1948 918 2327 980 stinationcm
2361 922 2469 977 hoc
2501 928 2731 979 tantum
2767 926 3198 997 interest,quod
3231 928 3601 999 praedestina-

1947 1006 2028 1061 tio
2049 1014 2137 1063 est
2156 1010 2353 1081 gratiae
2378 1011 2739 1083 praeparatio,
2755 1012 2942 1085 gratia
2960 1031 3095 1069 vero
3108 1016 3234 1086 jam
3256 1015 3387 1087 ipsa
3413 1018 3602 1072 dona-

1948 1095 2049 1151 tio.
2084 1099 2244 1163 Quod
2286 1100 2482 1171 itaque
2509 1100 2591 1155 ait
2619 1101 2950 1172 Apostolus,
2989 1124 3016 1153 «
3047 1104 3171 1157 Non
3203 1120 3269 1159 ex
3299 1106 3597 1177 operibus,

1952 1206 1979 1233 «
2014 1202 2083 1241 ne
2115 1187 2260 1241 forte
2293 1188 2426 1259 quis
2457 1188 2789 1258 extollatur,
2820 1190 3010 1263 ipsius
3067 1191 3225 1247 enim
3282 1208 3492 1250 sumus
3531 1194 3599 1249 ii-

1952 1295 1979 1323 α
2011 1280 2340 1346 gmentum,
2375 1277 2552 1333 creati
2586 1278 2645 1333 in
2678 1278 2905 1334 Christo
2936 1281 3072 1336 Jesu
3104 1281 3165 1336 in
3195 1281 3470 1354 operibus
3502 1283 3603 1339 bo-

1952 1385 1980 1411 «
2014 1363 2105 1419 nis
2127 1365 2334 1436 (Ephes.
2354 1368 2438 1435 ιι),
2465 1389 2492 1416 n
2524 1366 2711 1439 gratia
2740 1369 3019 1434 est.Quod
3053 1374 3246 1425 autem
3281 1370 3551 1443 sequitur
3582 1388 3596 1427 :

1952 1472 1979 1501 «ι
2011 1467 2138 1524 quas
2169 1454 2516 1526 praeparavit
2572 1455 2727 1511 Deus
2778 1460 2843 1511 ut
2889 1456 2950 1510 in
2982 1455 3102 1511 illis
3140 1458 3537 1530 ambulemus,
3568 1481 3598 1510 »

1948 1541 2384 1611 prmdestinatio
2410 1547 2518 1611 est,
2553 1560 2679 1616 quae
2711 1544 2837 1600 sine
2868 1544 3237 1615 prmscientia
3263 1562 3379 1601 non
3409 1549 3604 1618 potest

1948 1645 2095 1695 esse,
2131 1636 2323 1702 potest
2352 1636 2547 1687 autem
2579 1650 2707 1688 esse
2739 1633 2865 1688 sine
2913 1633 3422 1705 prindestinatione
3451 1651 3602 1707 prae-

1947 1717 2210 1775 scientia.
2246 1720 2756 1776 Prredestinatione
2788 1722 3004 1794 quippe
3035 1723 3189 1778 Deus
3219 1738 3287 1778 ea
3314 1723 3607 1795 praescivit

1947 1823 2075 1878 quae
2105 1808 2294 1864 fuerat
2323 1808 2449 1880 ipse
2479 1809 2760 1865 facturus.
2800 1809 2962 1865 Unde
2993 1810 3220 1866 dictum
3251 1816 3366 1867 est:
3403 1812 3606 1868 «Fecit

2583 1898 2686 1953 Isa.
2720 1901 2870 1966 va).
2906 1920 2933 1948 ››
2970 1899 3241 1955 Ριιωεοὶιιθ
3273 1904 3470 1956 autem
3498 1916 3601 1972 po-

1945 1988 2058 2039 test
2077 1984 2251 2040 etiam
2277 1986 2400 2057 ipse
2419 2003 2545 2058 qua:
2571 2004 2684 2041 non
2708 1986 2866 2056 facit,
2885 1986 3040 2042 sicut
3072 2005 3435 2062 quaecunque
3463 2006 3603 2061 pec-

1939 2073 2245 2145 cata,quia
2272 2073 2379 2129 etsi
2414 2079 2554 2130 sunt
2581 2075 2873 2147 quadam,
2897 2092 3026 2147 quis
3057 2075 3139 2132 ita
3169 2081 3408 2149 peccata
3438 2083 3601 2144 sunt,

1939 2166 2005 2217 ut
2030 2179 2211 2233 preme
2235 2163 2355 2218 sint
2383 2162 2561 2219 etiam
2592 2169 2988 2236 peccatorum,
3024 2166 3178 2221 unde
3207 2166 3432 2222 dictum
3462 2171 3554 2222 est
3585 2183 3599 2222 :

1941 2271 1971 2301 κ
2002 2251 2272 2306 Tradidit
2311 2250 2447 2307 illos
2477 2252 2632 2308 Deus
2661 2252 2720 2307 in
2762 2253 3068 2324 reprobam
3104 2258 3386 2320 mentem,
3417 2258 3484 2309 ut
3513 2255 3602 2311 fa-

1940 2362 1968 2388 α
2002 2340 2161 2395 ciant
2187 2357 2313 2413 quas
2345 2358 2462 2396 non
2493 2342 2852 2397 conveniunt
2883 2342 3057 2413 (Rom.
3084 2344 3183 2411 1),»
3217 2360 3333 2399 non
3366 2342 3448 2398 ibi
3478 2359 3606 2415 pec-

1938 2433 2134 2483 catum
2159 2430 2259 2484 Dei
2284 2431 2501 2500 est,sed
2519 2429 2838 2502 judicium.
2858 2431 3140 2496 Quocirca
3168 2431 3603 2504 praedestinatio

1940 2516 2198 2589 Dei,qum
2227 2518 2285 2573 in
2319 2519 2472 2574 bono
2509 2523 2619 2587 est,
2655 2518 2857 2591 gratiae
2890 2524 3001 2588 est,
3037 2523 3104 2574 ut
3131 2519 3273 2588 dixi,
3307 2537 3606 2592 praepara-

1939 2606 2241 2679 tio,gratia
2268 2624 2404 2664 vero
2434 2612 2522 2664 est
2552 2609 2743 2681 ipsius
2773 2609 3309 2681 praedestinationis
3336 2610 3598 2666 effectus.

2014 2695 2086 2751 ll.
2130 2699 2285 2768 (Cap.
2322 2697 2431 2768 11.)
2492 2696 2639 2751 Cum
2698 2697 3012 2768 Apostolus
3071 2699 3272 2754 dicat:
3313 2722 3334 2748 α
3371 2699 3503 2756 Ideo
3534 2716 3604 2755 ex

1940 2806 1968 2833 «
2000 2784 2137 2852 fide,
2170 2789 2236 2839 ut
2270 2785 2598 2839 secundum
2660 2784 2911 2857 gratiam
2968 2787 3142 2842 ﬁrma
3181 2787 3259 2841 sit
3286 2786 3601 2858 promissio

1940 2894 1970 2923 «
2002 2872 2175 2944 (Rom.
2212 2875 2313 2940 ιν),
2348 2894 2376 2922 »ι
2402 2864 2633 2928 ‘mirum
2686 2878 2776 2928 est
2825 2867 3095 2929 homines
3121 2873 3453 2929 infirmitati
3481 2891 3601 2930 suae

1936 2974 2001 3015 se
2016 2959 2207 3016 .malle
2236 2960 2628 3027 committere,
2662 2977 2843 3032 quam
2893 2962 3158 3017 ﬁrmitati
3187 2962 3601 3033 promissionis

1937 3046 2058 3103 Dei.
2076 3048 2186 3102 Sed
2214 3046 2437 3104 incerta
2457 3053 2549 3105 est
2577 3049 2746 3117 mihi,
2782 3049 3003 3121 inquis,
3036 3051 3108 3106 de
3140 3050 3364 3122 meipso
3393 3051 3598 3108 volun-

1935 3140 2027 3190 tas
2050 3136 2171 3191 Dei.
2188 3136 2334 3203 Quid
2353 3153 2491 3209 ergo
2507 3139 2743 3193 ?Tuane
2755 3137 2861 3192 tibi
2876 3137 3146 3195 voluntas
3157 3139 3229 3195 de
3242 3139 3428 3212 teipse
3440 3144 3600 3198 certa

1935 3227 2048 3291 est,
2081 3240 2191 3277 nec
2212 3223 2432 3279 times?
2464 3247 2491 3274 ‹‹
2524 3224 2631 3290 Qui
2687 3224 2920 3279 videtur
2970 3229 3143 3293 stare,
3175 3226 3369 3281 videat
3399 3243 3471 3282 ne
3502 3244 3597 3283 ca-

151 3286 1495 3387 θὲἕδθξξξάιίυ.ί⁰¹’ί⁰·ᾼ⁰ξίίξιωυῖῗξθνῖηέξθξδίξίῐξ
1511 3286 1822 3387 dicent?“
1856 3294 1899 3361 (ἶ
1941 3333 1969 3362 ‹‹
2000 3286 2100 3367 dat
2117 3313 2166 3382 (1
2193 3316 2317 3370 Cor.
2351 3317 2428 3378 κ).
2462 3335 2490 3363 ››
2526 3286 2672 3369 Cum
2730 3313 2913 3386 igitur
2970 3286 3218 3387 utraque
3247 3315 3468 3371 incerta
3496 3316 3594 3384 sit,

157 3400 182 3429 ι
205 3379 389 3436 Dedit
442 3378 526 3434 eis
582 3381 936 3449 potestatem
970 3376 1122 3432 filios
1154 3376 1256 3432 Dei
1289 3375 1414 3432 fieri
1443 3377 1620 3448 (Joan.
1653 3376 1761 3447 ιιι),
1800 3399 1822 3425 ι

150 3486 227 3526 ne
262 3467 514 3524 omnino
575 3466 980 3522 existimemus
1038 3465 1099 3521 in
1146 3470 1348 3521 nostra
1388 3469 1680 3536 potestate
1711 3480 1826 3520 non

151 3574 287 3616 esse
348 3560 512 3630 quod
571 3555 892 3612 credimus.
925 3554 1342 3611 Verumtamen
1383 3553 1442 3608 in
1476 3558 1727 3625 utroque
1756 3552 1826 3608 il-

150 3646 272 3703 lius
320 3645 613 3703 beneficia
659 3660 1112 3717 cognoscamus.
1144 3643 1291 3698 Nam
1322 3647 1381 3698 et
1410 3643 1647 3716 agendae
1688 3646 1830 3699 sunt

151 3734 385 3808 gratiae,
408 3734 551 3806 quia
575 3733 716 3790 data
734 3737 826 3788 est
851 3737 1132 3805 potestas,
1166 3735 1223 3787 et
1242 3732 1555 3803 orandum,
1587 3748 1660 3787 ne
1688 3747 1826 3787 suc-

151 3826 403 3883 eumbat
437 3824 775 3880 inﬁrmitas.
802 3821 934 3894 Ipsa
966 3826 1056 3877 est
1087 3822 1254 3887 fides,
1277 3838 1407 3893 qua:
1436 3837 1541 3893 per
1569 3820 1824 3875 dilectio-

150 3929 291 3971 nem
315 3911 923 3987 operatur,sicutejus
945 3927 1284 3967 mensuram
1308 3909 1592 3966 Dominus
1615 3908 1826 3980 cuique

148 4001 417 4075 partitus
448 4005 561 4070 est,
581 4005 647 4056 ut
676 4000 777 4073 qui
810 3999 1116 4072 gloriatur,
1143 4016 1259 4055 non
1286 3999 1344 4054 in
1378 3997 1592 4071 seipse,
1628 3998 1728 4055 sed
1761 3997 1821 4052 in

146 4089 405 4149 Domino
437 4088 743 4165 glorietur.

214 4206 341 4265 VII.
368 4209 675 4280 Quotquot
704 4211 826 4262 tam
862 4206 1111 4278 superbe
1133 4203 1464 4276 sapiunt,ut
1484 4220 1602 4259 suae
1622 4202 1822 4260 volun-

140 4296 284 4353 tatis
307 4296 546 4353 viribus
568 4299 802 4352 tantum
827 4294 1166 4350 existiment
1186 4310 1313 4349 esse
1344 4292 1820 4361 tribuendum,ut

140 4392 362 4459 negent
373 4384 495 4442 sibi
509 4384 907 4441 necessarium
922 4383 1187 4438 divinum
1211 4381 1570 4453 adjutorium
1585 4381 1657 4436 ad
1672 4382 1819 4437 bene

137 4474 492 4542 vivendum,
545 4491 660 4529 non
695 4478 945 4546 possunt
976 4473 1210 4527 credere
1241 4472 1299 4525 in
1332 4470 1654 4526 Christum.
1690 4470 1814 4526 Non

140 4572 302 4621 enim
335 4563 573 4636 aliquid
627 4566 876 4635 prosunt
923 4560 1158 4633 syllaba:
1202 4559 1460 4615 nominis
1491 4559 1728 4628 Christi,
1760 4564 1819 4617 et

1938 3418 2044 3456 cur
2072 3418 2188 3457 non
2218 3401 2393 3457 homo
2426 3400 2673 3457 ﬁrmiori
2704 3402 2881 3458 ﬁdem
2913 3420 3105 3473 suam,
3129 3420 3318 3477 spem,
3351 3405 3600 3461 charita-

1938 3494 2175 3562 temque
2205 3490 2524 3546 committit
2544 3490 2573 3546 ?

2010 3579 2107 3635 ΙΙΙ.
2141 3577 2294 3652 (Cap.
2325 3580 2439 3653 15.)
2469 3580 2573 3636 Est
2601 3581 2781 3639 etiam
2827 3581 3349 3655 prmelarissimum
3395 3583 3595 3641 lumen

1936 3668 2472 3740 prmdestinationis
2503 3673 2561 3725 et
2590 3670 2791 3744 gratim
2823 3671 2949 3744 ipse
2979 3672 3254 3742 salvator,
3287 3673 3415 3746 ipse
3472 3691 3595 3731 me-

1935 3756 2126 3813 diator
2153 3756 2255 3813 Dei
2285 3762 2343 3814 et
2371 3757 2681 3816 hominum
2733 3760 2910 3816 homo
2958 3759 3231 3818 Christus
3267 3762 3464 3823 Jesus.
3496 3763 3596 3820 Ille

1934 3845 2092 3901 enim
2123 3845 2322 3917 homo,
2338 3850 2403 3902 ut
2427 3864 2461 3903 a
2488 3847 2679 3903 Verbo
2712 3848 2868 3904 Patri
2899 3853 3183 3905 comterno
3214 3850 3275 3905 in
3302 3850 3591 3907 unitatem

1933 3951 2196 4007 persona
2210 3939 2558 4007 assumptus
2579 3934 2762 3991 Filius
2778 3935 2880 3992 Dei
2895 3936 3237 4009 unigenitus
3247 3941 3422 4006 esset,
3437 3939 3594 3995 unde

1932 4022 2042 4078 hoc
2063 4021 2317 4078 meruit?
2332 4022 2485 4093 quod
2517 4024 2646 4094 ejus
2676 4023 2896 4079 bonum
2926 4023 3333 4097 qualecunque
3352 4042 3592 4098 preces-

1930 4111 2103 4182 sit,ut
2128 4112 2198 4167 ad
2223 4111 2375 4167 hanc
2401 4111 2757 4168 ineffabilem
2788 4113 3190 4172 excellentiam
3219 4116 3545 4189 perveniret
3562 4117 3592 4173 τ

1931 4199 2201 4256 Faciente
2231 4216 2298 4256 ac
2330 4200 2689 4272 suscipiente
2737 4201 2948 4271 Verbo,
2983 4203 3107 4277 ipse
3145 4203 3341 4274 homo,
3373 4222 3442 4262 ex
3471 4222 3589 4278 quo

1928 4306 2057 4345 esse
2073 4290 2268 4362 ccepit,
2304 4290 2487 4347 Filius
2509 4291 2610 4347 Dei
2634 4292 2846 4350 unicus
2867 4309 2996 4350 esse
3016 4295 3210 4367 coepit.
3244 4295 3455 4352 Filium
3486 4297 3589 4353 Dei

1931 4378 2171 4435 unicum
2197 4379 2417 4435 femina
2452 4380 2552 4436 illa
2584 4382 2776 4452 gratia
2805 4384 3187 4456 concepit.De
3210 4384 3440 4456 Spiritu
3457 4402 3588 4442 san-

1928 4472 2018 4523 cto
2050 4472 2107 4524 et
2135 4468 2359 4541 virgine
2419 4470 2604 4525 Maria
2661 4471 2762 4526 Dei
2796 4472 2978 4528 Filius
3007 4473 3219 4528 unicus
3251 4478 3426 4529 natus
3455 4477 3582 4541 est;

1926 4575 2041 4614 non
2075 4559 2269 4614 carnis
2330 4558 2628 4630 cupidine,
2660 4560 2760 4616 sed
2795 4559 2918 4616 solo
2949 4560 3049 4615 Dei
3082 4576 3344 4617 munere.
3379 4561 3586 4618 Libera

141 4657 527 4710 sacramenta
555 4651 795 4718 Christi,
831 4651 929 4705 ubi
963 4648 1259 4705 resistitur
1287 4648 1419 4703 fidei
1450 4648 1689 4703 Christi.
1719 4649 1814 4705 Fi-
1843 4664 1893 4729 D
1928 4648 1985 4703 in
2009 4647 2106 4703 illo
2129 4647 2402 4704 voluntas
2424 4652 2646 4719 erat,ac
2666 4652 2829 4704 tanto
2850 4649 3039 4721 magis
3059 4653 3430 4722 erat,quanto
3453 4668 3582 4707 ma-

140 4744 247 4800 des
287 4747 495 4799 autem
528 4740 745 4797 Christi
777 4744 866 4796 est
897 4740 1133 4795 credere
1158 4739 1214 4792 in
1238 4754 1372 4793 eum
1406 4737 1502 4808 qui
1528 4738 1814 4809 justiﬁcat

141 4832 438 4905 impium;
465 4832 702 4886 credere
732 4828 791 4884 in
826 4829 1229 4894 mediatorem,
1255 4826 1384 4881 sine
1414 4844 1529 4897 quo
1559 4827 1814 4899 interpo-

142 4923 255 4978 site
279 4940 398 4978 non
426 4918 879 4975 reconciliamur
908 4918 1054 4984 Deo;
1079 4917 1311 4972 credere
1346 4916 1402 4969 in
1427 4914 1808 4984 Salvatorem,

140 5010 242 5082 qui
265 5009 429 5065 venit
451 5008 610 5080 quod
647 5008 897 5079 perierat
931 5022 1188 5078 quaarere
1219 5009 1392 5076 atque
1417 5004 1812 5071 salvare;cre-

138 5099 277 5154 dere
319 5099 378 5152 in
416 5112 556 5152 cum
590 5097 689 5167 qui
725 5095 907 5149 dixit:
940 5116 959 5142 ‹‹
987 5095 1123 5149 Sine
1155 5110 1247 5148 me
1282 5092 1423 5146 nihil
1457 5094 1700 5164 potestis
1727 5095 1809 5150 fa-

137 5208 168 5236 α
197 5200 331 5242 cere
362 5186 415 5253 (I
442 5187 603 5242 Joan.
636 5188 750 5251 xv).
783 5207 809 5232 ››
843 5184 952 5250 Qui
985 5199 1121 5255 ergo
1171 5182 1449 5255 ignorans
1498 5182 1597 5236 Dei
1631 5183 1809 5254 justi-

135 5275 439 5347 tiam,qua
456 5273 830 5345 justiﬁcatur
850 5272 1267 5345 impius,suam
1288 5270 1413 5325 vult
1432 5271 1807 5340 constituere,

135 5381 254 5435 qua
283 5363 677 5420 convincatur
708 5361 1104 5433 superbus,in
1138 5361 1288 5414 hanc
1319 5377 1433 5414 non
1467 5364 1657 5432 potest
1687 5377 1807 5415 cre-

135 5453 293 5519 dere,
332 5469 453 5508 non
478 5450 618 5522 quia
642 5450 857 5505 mutari
900 5448 1168 5505 homines
1195 5449 1249 5502 in
1276 5448 1487 5505 melius
1527 5466 1641 5503 non
1674 5466 1808 5521 pos-

134 5542 413 5611 sunt,sed
432 5538 699 5611 quandiu
714 5538 854 5594 talia
878 5539 1259 5610 sapiunt,non
1284 5542 1531 5610 possunt
1553 5539 1806 5593 credere.

136 5630 285 5688 Hinc
319 5632 694 5687 excaacantur
714 5632 770 5682 et
793 5628 1168 5694 indurantur,
1200 5628 1338 5699 quia
1368 5629 1635 5703 negando
1669 5628 1811 5684 divi-

120 5737 285 5791 ,num
318 5715 687 5795 adjutorium
719 5734 836 5776 non
867 5717 1238 5799 adjuvantur.

1926 4738 2018 4809 gis
2048 4737 2261 4793 servire
2292 4743 2528 4809 peccato
2562 4754 2675 4793 non
2697 4742 2941 4810 poterat.
2960 4740 3216 4810 Apparet
3245 4738 3443 4811 itaque
3473 4756 3580 4795 no-

1927 4826 2015 4880 bis
2040 4825 2096 4879 in
2124 4829 2325 4881 nostro
2349 4825 2538 4897 capite
2558 4825 2684 4897 ipse
2706 4826 2834 4880 lens
2855 4825 3236 4897 gratiae,unde
3253 4826 3580 4881 secundum

1926 4915 2396 4986 uniuscujusque
2426 4931 2763 4969 mensuram
2790 4932 2851 4970 se
2873 4931 2976 4986 per
3003 4918 3215 4969 cuncta
3244 4915 3374 4985 ejus
3399 4933 3577 4970 mem-

1922 5005 2029 5060 bra
2051 5004 2350 5060 diffundit.
2386 5006 2466 5059 Ea
2494 5004 2684 5075 gratia
2717 5006 2780 5058 lit
2801 5004 2874 5058 ab
2897 5003 3064 5057 initio
3088 5003 3220 5058 fidei
3250 5021 3370 5059 suae
3402 5005 3576 5060 homo

1921 5095 2261 5166 quicunque
2281 5093 2669 5159 Christianus,
2694 5110 2812 5164 qua
2826 5092 3014 5164 gratia
3034 5092 3208 5147 homo
3231 5092 3329 5148 ille
3358 5095 3432 5148 ab
3466 5094 3575 5148 ini-

1920 5184 2001 5238 tio
2025 5201 2131 5239 suo
2158 5184 2346 5238 factus
2370 5188 2460 5237 est
2480 5182 2771 5248 Christus,
2805 5183 2874 5236 de
2898 5182 3025 5252 ipso
3048 5181 3269 5254 Spiritu
3285 5187 3341 5237 et
3361 5182 3456 5238 hic
3487 5199 3574 5238 re-

1922 5279 2119 5339 natus,
2157 5274 2226 5327 de
2260 5289 2375 5343 quo
2408 5274 2498 5327 est
2529 5270 2627 5325 ille
2659 5276 2854 5336 natus,
2884 5272 3088 5326 eodem
3141 5270 3360 5342 Spiritu
3420 5272 3486 5326 ﬁt
3513 5271 3574 5327 in

1922 5362 2093 5417 nobis
2126 5360 2393 5416 remissio
2424 5365 2816 5431 peccatorum,
2841 5376 2955 5431 quo
2989 5359 3209 5431 Spiritu
3243 5358 3460 5414 factum
3485 5364 3575 5416 est

1921 5456 1984 5506 ut
2002 5450 2227 5505 nullum
2253 5449 2491 5504 haberet
2521 5448 2617 5502 ille
2646 5452 2973 5519 peccatum.
3008 5449 3136 5503 Haec
3168 5465 3228 5504 se
3261 5448 3416 5505 Deus
3446 5465 3574 5505 esse

1920 5540 2211 5595 facturum
2236 5538 2492 5610 profecto
2514 5536 2820 5608 praescivit.
2857 5538 2991 5608 Ipsa
3037 5541 3125 5592 est
3154 5535 3335 5608 igitur
3363 5538 3576 5609 praede-

1919 5629 2154 5686 stinatio
2195 5632 2553 5696 sanctorum,
2588 5642 2716 5699 qua:
2748 5626 2807 5681 in
2841 5626 3052 5683 Sancto
3085 5631 3423 5684 sanctorum
3455 5644 3575 5687 ma-

1917 5718 2071 5783 xime
2102 5716 2329 5779 claruit.
