3900 6382
319 429 438 497 ωδ

795 563 868 621 De
893 562 1032 621 dono
1052 564 1493 634 perseverantia

1545 425 1949 491 AMULONIS
1993 424 2233 488 EPISC.
2283 426 2514 491 LUGD.

2000 562 2060 628 Α
2091 560 2342 632 aequales
2363 561 2587 633 angelis
2618 561 2743 631 Dei,
2775 561 3039 618 nondum
3069 524 3205 637 ergo
3234 562 3390 622 sicut
3417 563 3478 620 in
3505 562 3646 619 cmlo
3676 564 3735 621 iu

3620 428 3736 495 136

390 614 484 710 1v.
516 653 670 726 (Cap.
706 614 1228 721 afﬁgatis;
1246 614 1972 723 “essewpcrseverantiam,
2000 614 2060 628 "
2083 614 2175 706 εείέ
2189 614 2545 707 sanast.
2574 614 3731 725 seit'.isa;;;.;s;.;;;.saat;

318 758 435 816 qua
463 757 653 814 usque
683 740 741 796 in
775 741 952 797 ﬁnem
986 743 1395 814 perseveratur
1423 738 1483 795 in
1516 739 1768 806 Christo,
1795 740 1973 796 ﬁnem

316 836 509 888 autem
536 848 651 903 quo
672 831 791 886 vita
810 830 923 887 ista
947 829 1170 897 ﬁnitur,
1203 830 1260 885 in
1294 846 1411 902 qua
1437 830 1850 885 tantummodo
1880 846 1974 900 pe-

312 920 563 977 rieulum
585 925 677 976 est
707 937 779 975 ne
810 920 1073 975 cadatur.
1109 920 1311 991 Itaque
1345 922 1546 974 utrum
1579 919 1832 990 quisque
1860 918 1970 973 hoc

312 1026 531 1066 munus
562 1009 871 1082 acceperit,
897 1008 1161 1082 quandiu
1194 1008 1346 1064 hanc
1370 1008 1552 1063 vitam
1581 1007 1762 1075 ducit,
1787 1008 1971 1063 incer-

309 1103 435 1155 tum
469 1103 579 1155 est.
614 1098 674 1156 Si
705 1098 863 1155 enim
896 1097 1247 1171 priusquam
1309 1096 1597 1153 moriatur
1627 1098 1815 1164 cadat,
1851 1114 1966 1153 non

309 1202 712 1260 perseverasse
770 1187 974 1260 utique
1035 1186 1272 1253 dicitur,
1306 1190 1365 1241 et
1394 1184 1697 1241 verissime
1727 1184 1964 1241 dicitur.

307 1277 609 1343 Quomodo
629 1292 767 1349 ergo
790 1274 1284 1348 perseverantiam
1303 1273 1403 1345 qui
1436 1290 1552 1328 non
1583 1274 1969 1344 perseveravit

307 1365 605 1438 accepisse
634 1363 723 1419 vel
754 1363 1036 1419 habuisse
1067 1362 1355 1418 dicendus
1384 1365 1473 1417 est
1492 1361 1520 1416 ?

378 1453 447 1508 V.
473 1452 660 1523 (Ibid)
690 1451 751 1509 Si
783 1451 998 1507 habeat
1052 1449 1271 1523 aliquis
1326 1451 1771 1519 continentiam,
1806 1456 1863 1507 et
1892 1450 1965 1507 ab

306 1558 378 1599 ea
407 1540 640 1597 decidat
659 1544 836 1613 atque
860 1539 1232 1596 incontinens
1254 1539 1377 1607 ﬁat,
1406 1538 1456 1596 si
1480 1538 1776 1611 justitiam
1807 1539 1967 1595 simi-

306 1630 460 1699 liter,
494 1629 544 1686 si
576 1628 941 1702 patientiam,
976 1629 1025 1685 si
1067 1626 1259 1701 ipsam
1308 1628 1507 1696 ﬁdem,
1541 1633 1696 1684 recte
1750 1628 1966 1684 dicitur

306 1719 587 1777 habuisse
613 1722 672 1775 et
700 1734 818 1774 non
850 1717 1085 1774 habere.
1120 1716 1435 1773 Continens
1494 1717 1652 1773 enim
1710 1717 1841 1786 fuit,
1872 1716 1962 1775 vel

295 1809 499 1880 justus
514 1806 749 1879 thit,vei
776 1806 1031 1880 patiens,
1051 1805 1143 1862 vel
1163 1804 1353 1862 ﬁdelis
1372 1806 1487 1861 fuit
1516 1807 1782 1878 quamdiu
1812 1807 1960 1875 fuit;

2085 758 2115 789 α
2136 738 2212 793 da
2229 739 2401 795 nobis
2423 739 2611 796 hsdie.
2631 761 2660 791 »
2685 741 2839 813 (Cap.
2864 741 2941 813 4.)
2964 742 3130 797 Hunc
3148 757 3361 814 panem
3393 746 3589 797 autem
3610 741 3737 797 dari

2084 827 2255 882 nobis
2276 829 2538 900 quotidie
2559 829 3030 901 postulamus,ne
3051 829 3226 903 quiin
3254 830 3485 887 Christo
3506 842 3735 897 sumus,

2081 917 2578 974 etEucharistiam
2594 919 2853 991 quotidie
2866 921 2936 976 ad
2952 920 3149 975 cibum
3165 920 3372 976 salutis
3392 919 3734 994 accipimus,

2078 1008 2474 1064 intercedente
2491 1009 2689 1081 aliquo
2712 1009 2975 1083 graviore
2995 1001 3373 1077 delicto,dum
3397 1004 3651 1066 abstenti'
3678 1014 3761 1066 οι.

2078 1115 2194 1152 non
2229 1099 2734 1155 communicantes
2766 1116 2800 1155 a
2829 1098 3051 1155 ctslesti
3081 1116 3232 1172 pane
3263 1098 3665 1172 prohibemur,
3698 1116 3737 1154 a

2077 1184 2291 1240 Christi
2322 1200 2560 1257 corpore
2592 1202 2958 1259 separemur.
3003 1209 3029 1235 ‹‹
3063 1187 3305 1242 Dimitte
3336 1187 3509 1244 nobis
3540 1186 3735 1244 debita

2080 1275 2503 1339 «nostra,sicut
2514 1275 3031 1332 etnosdimittibus
3052 1276 3416 1333 debitoribus
3441 1275 3676 1333 nostris.
3703 1297 3734 1327 ››

2076 1362 2229 1433 (Cap.
2251 1362 2330 1433 5.)
2352 1364 2538 1429 Quam
2563 1365 2891 1421 necessarie
2923 1367 3144 1431 autem,
3165 1381 3345 1438 quam
3367 1366 3740 1439 providenter

2075 1454 2132 1506 et
2162 1450 2481 1507 salubriter
2509 1452 2900 1509 admonemur
2951 1455 3106 1525 quod
3138 1457 3472 1526 peccatores
3501 1468 3736 1523 sumus,

2076 1538 2176 1612 qui
2199 1556 2303 1613 pro
2326 1539 2580 1613 peccatis
2604 1556 2809 1614 rogare
2831 1540 3280 1615 compellimur?
3300 1546 3368 1599 ut
3386 1543 3531 1600 dum
3546 1542 3741 1601 indul-

2074 1627 2268 1703 gentia
2302 1629 2373 1685 de
2404 1628 2521 1685 Deo
2551 1629 2789 1702 petitur,
2823 1629 3193 1688 conscientia
3234 1648 3354 1688 suae
3384 1632 3625 1690 animus
3656 1649 3744 1690 rc-

2073 1717 2365 1774 cordetur.
2399 1717 2481 1774 Ne
2513 1718 2647 1792 quis
2679 1717 2790 1774 sibi
2812 1718 2981 1792 quasi
3003 1718 3285 1777 innocens
3309 1715 3556 1793 placeat,
3590 1726 3650 1779 et
3674 1736 3740 1780 se

2072 1796 2398 1863 extollendo
2418 1807 2554 1880 plus
2580 1808 3122 1880 pereat,instruitur
3139 1813 3197 1866 et
3227 1809 3469 1866 docetur
3494 1825 3739 1884 peccare

303 1913 442 1955 cum
475 1908 611 1955 vero
639 1912 770 1952 esse
799 1895 1045 1963 destitit,
1080 1912 1197 1950 non
1217 1898 1310 1950 est
1339 1894 1494 1966 quod
1523 1894 1654 1950 fuit.
1688 1895 1797 1961 Qui
1824 1911 1962 1951 vero
1991 1927 2041 1994 Β
2075 1911 2136 1994 se
2149 1895 2581 1994 quotidie,dum
2604 1895 2865 1994 quotidie
2885 1914 2988 1968 pro
3010 1896 3267 1970 peccatis
3278 1890 3526 1970 jubetur
3543 1915 3732 1981 orare.

305 2003 423 2044 non
455 1984 1227 2059 perseveraverit,quomodo
1258 1999 1635 2056 perseverans
1667 1983 1799 2052 fuit,
1827 1999 1962 2040 cum
1991 1981 2039 1994 “’
2074 1981 2167 2039 Sic
2189 1984 2443 2056 denique
2464 1988 2520 2038 et
2538 1983 2796 2040 Joannes
2821 1983 2878 2040 in
2901 1985 3160 2057 Epistola
3181 2003 3292 2043 sua
3313 2002 3537 2059 ponens
3560 1988 3730 2045 dixit:

302 2075 727 2149 perseverando
740 2074 993 2147 quisque
1004 2073 1281 2131 ostendat
1290 2077 1754 2145 perseverantem
1765 2072 1793 2128 ?
1805 2073 1961 2145 quod

303 2164 416 2221 iste
446 2181 563 2221 non
592 2163 748 2221 fecit.

373 2252 469 2309 VI.
495 2253 682 2322 (lbid.)
723 2251 1241 2319 Perseverantiam,
1274 2268 1393 2323 qua
1421 2251 1481 2307 in
1512 2250 1745 2308 Christo
1776 2268 1965 2324 perse-

302 2347 536 2400 veratur
562 2358 751 2414 usque
779 2341 839 2396 in
871 2342 1070 2408 ﬁnem,
1107 2340 1268 2396 nullo
1322 2341 1495 2396 modo
1554 2340 1832 2397 habuisse
1883 2341 1965 2396 di-

304 2432 561 2487 cendum
583 2434 696 2498 est,
728 2430 829 2502 qui
862 2447 977 2485 non
1010 2429 1397 2501 perseveravit
1452 2446 1638 2501 usque
1667 2431 1728 2484 in
1760 2431 1961 2500 ﬁnem,

307 2520 620 2594 potiusque
650 2519 802 2575 hanc
831 2518 1040 2574 habuit
1070 2518 1247 2574 unius
1274 2517 1414 2574 anni
1444 2518 1657 2586 ﬁdelis,
1688 2523 1746 2574 et
1775 2535 1961 2590 quan-

306 2614 436 2665 tum
468 2609 623 2664 infra
651 2608 895 2682 cogitari
924 2607 1192 2680 potest,si
1222 2608 1408 2664 donec
1439 2611 1765 2663 moreretur
1785 2606 1964 2663 ﬁdeli-

304 2703 395 2755 ter
421 2696 582 2769 vixit,
612 2712 795 2770 quam
851 2695 1173 2752 multorum
1232 2712 1543 2764 annorum,
1578 2695 1628 2753 si
1685 2696 1959 2770 exiguum

306 2786 588 2859 temporis
618 2790 753 2842 ante
784 2789 1035 2842 mortem
1069 2802 1104 2840 a
1135 2784 1270 2841 ﬁdei
1302 2784 1625 2841 stabilitate
1656 2786 1886 2841 defecit.

374 2876 497 2932 VII.
530 2876 684 2947 (Cap.
714 2876 793 2942 2.)
822 2874 1020 2930 Oratio
1052 2890 1180 2945 qua:
1212 2868 1519 2929 Dominica
1562 2881 1959 2948 nuncupatur,

304 2964 445 3037 quia
473 2980 602 3019 eam
624 2963 911 3019 Dominus
932 2962 1151 3031 docuit,
1168 2963 1401 3035 quando
1432 2968 1636 3018 oratur
1663 2980 1696 3018 a
1719 2964 1957 3035 sanctis,

304 3052 448 3109 nihil
479 3068 625 3125 pene
645 3050 808 3108 aliud
838 3058 1015 3124 quam
1046 3051 1478 3125 perseverantia
1500 3051 1662 3125 posci
1695 3052 1962 3127 intelligi-

302 3141 713 3211 tur.(Dicimus
741 3142 901 3198 enim
925 3158 939 3197 :
968 3162 996 3192 ‹‹
1018 3140 1430 3198 Sanctiﬁcatur
1459 3158 1674 3198 nomen
1704 3149 1895 3213 tuum,
1927 3155 1957 3195 ὠ

304 3249 418 3288 non
440 3230 598 3303 quod
618 3235 891 3302 optemus
930 3230 1047 3285 Deo
1070 3235 1136 3285 ut
1166 3230 1568 3286 sanetiﬁcetur
1595 3232 1961 3289 orationibus
1983 3303 1991 3307 ν

305 3295 547 3387 nostris,
577 3295 680 3375 sed
740 3318 895 3390 quod
955 3322 1227 3390 petamus
1275 3318 1349 3374 ab
1392 3335 1461 3373 eo
1492 3322 1558 3373 ut
1585 3336 1798 3376 nomen
1828 3322 1959 3393 ejus
1983 3295 2032 3363 VC

304 3409 711 3465 sanetiﬁoetur
729 3408 791 3462 in
820 3406 1304 3463 nobis.Casterum
1327 3423 1497 3479 aquo
1525 3407 1681 3464 Deus
1707 3411 1962 3466 sanctiﬁ-

306 3502 495 3563 catur,
528 3495 629 3567 qui
686 3494 812 3567 ipse
870 3493 1244 3551 sanctiﬁcat?
1272 3496 1385 3550 Sed
1433 3494 1574 3568 quia
1609 3496 1735 3569 ipse
1762 3498 1911 3554 dixit
1943 3516 1957 3556 :

310 3608 338 3636 ιι
369 3584 566 3641 Sancti
600 3587 804 3651 estote,
835 3583 1115 3655 quoniam
1146 3586 1211 3639 et
1232 3600 1340 3655 ego
1378 3588 1622 3641 sanctus
1651 3603 1807 3654 sum,
1839 3609 1867 3637 »ι
1902 3589 1959 3644 id

306 3672 563 3746 petimus
584 3675 1043 3744 et-rogamus,ut
1070 3671 1170 3743 qui
1202 3671 1262 3727 in
1293 3672 1587 3744 baptismo
1612 3675 1961 3732 sanctiﬁcati

306 3761 863 3833 sumus,ineoquod
885 3776 1017 3817 esse
1044 3761 1328 3833 cmpimus
1358 3777 1816 3834 perseveremus.
1832 3765 1962 3822 Haec

306 3851 505 3924 itaque
562 3850 951 3907 sanctiﬁcatio
982 3854 1050 3905 ut
1094 3850 1155 3905 in
1200 3850 1370 3906 nobis
1418 3856 1654 3907 maneat
1701 3866 1959 3911 oramus.

305 3942 376 3996 Et
401 3939 541 4012 quia
569 3939 854 3995 Dominus
876 3943 935 3995 et
956 3939 1141 4010 judex
1174 3943 1371 3995 noster
1398 3945 1604 3996 sanato
1640 3957 1674 3996 a
1702 3958 1764 3997 se
1794 3947 1852 3998 et
1878 3944 1961 3998 vi-

303 4029 535 4087 viﬁcato
584 4028 1004 4095 comminatur,
1031 4046 1149 4084 non
1209 4027 1568 4101 delinquere,
1604 4045 1677 4086 ne
1722 4029 1865 4103 quid
1909 4031 1961 4088 ei

304 4117 566 4174 deterius
598 4119 722 4186 ﬁat,
753 4118 906 4173 hanc
954 4117 1251 4173 continuis
1309 4118 1674 4175 orationibus
1728 4132 1961 4193 precem

306 4206 580 4274 facimus,
613 4205 724 4262 hoc
777 4206 988 4262 diebus
1042 4224 1109 4262 ac
1155 4206 1424 4263 noctibus
1473 4208 1861 4280 postulamus,
1896 4214 1964 4265 ut

304 4294 694 4352 sanctiﬁcatio
765 4300 822 4351 et
894 4295 1228 4362 viviﬁcatio,
1286 4313 1416 4367 quae
1470 4298 1541 4352 dc
1599 4296 1700 4353 Dei
1775 4298 1964 4370 gratia

303 4383 583 4453 sumitur,
644 4384 831 4456 ipsius
886 4384 1247 4457 protectione
1299 4389 1606 4454 servetur.)
1636 4386 1787 4454 Quid
1826 4401 1962 4443 cum

302 4473 581 4542 dicimus,
617 4495 647 4524 «
674 4472 963 4530 Adveniet
1009 4490 1256 4547 regnum
1316 4478 1508 4543 tuum,
1545 4497 1573 4526 »
1607 4492 1751 4531 num
1801 4476 1960 4532 aliud

303 4562 606 4636 poscimus
662 4562 774 4618 nisi
829 4567 894 4617 ut
942 4561 1137 4619 veniat
1177 4567 1235 4618 et
1265 4564 1456 4632 nobis,
1488 4565 1643 4636 quod
1674 4581 1803 4621 esse
1831 4580 1964 4621 veni-

2076 2092 2103 2119 κ
2137 2070 2196 2126 Si
2230 2070 2553 2127 dixerimus
2610 2070 2751 2143 quia
2788 2076 3092 2145 peccatum
3125 2090 3242 2130 non
3274 2074 3585 2145 habemus,
3612 2093 3729 2135 nos

2076 2156 2295 2230 «ipsos
2344 2158 2705 2227 seducimus,
2746 2164 2804 2215 et
2858 2160 3071 2217 veritas
3124 2162 3182 2218 in
3242 2162 3413 2220 nobis
3469 2181 3584 2221 non
3640 2168 3734 2223 est

2076 2269 2103 2296 α
2136 2248 2183 2316 (1
2201 2248 2358 2303 Ιοαη.
2393 2252 2455 2316 ι).
2482 2269 2510 2299 »
2544 2248 2676 2305 Jam
2698 2265 2831 2304 vero
2853 2266 2988 2305 cum
3012 2249 3217 2306 dicunt
3235 2252 3450 2308 sancti:
3469 2254 3592 2322 ςιΝο
3621 2255 3730 2311 no's

2076 2357 2104 2387 κ
2120 2335 2339 2393 inferas
2353 2336 2412 2391 in
2430 2336 2834 2406 tentationem,
2849 2338 2952 2394 sed
2973 2338 3159 2396 libera
3174 2356 3282 2397 nos
3300 2358 3334 2396 a
3350 2341 3558 2412 malo,»
3583 2344 3728 2416 quid

2073 2424 2233 2480 aliud
2258 2440 2435 2496 quam
2468 2429 2533 2480 ut
2559 2424 2620 2480 in
2651 2426 2961 2482 sanctitate
2992 2432 3361 2500 perseverent
3380 2424 3730 2502 precantur?

2072 2514 2219 2569 Nam
2243 2512 2501 2586 profecto
2522 2530 2799 2570 concesso
2822 2514 2936 2571 sibi
2954 2514 3068 2572 isto
3091 2515 3193 2573 Dei
3215 2516 3389 2588 dono,
3409 2519 3562 2592 quod
3597 2528 3729 2577 ess‘c

2072 2602 2175 2659 Dei
2205 2602 2427 2658 donum
2460 2616 2595 2657 cum
2628 2603 2700 2658 ab
2733 2602 2832 2659 illo
2891 2604 3155 2677 poscitur
3210 2605 3356 2663 satis
3413 2612 3727 2683 aperteque

2072 2695 2473 2761 monstratur;
2506 2692 2619 2749 isto
2649 2708 2785 2765 ergo
2823 2707 3100 2750 concesso
3127 2694 3238 2751 sibi
3288 2694 3389 2751 Dei
3445 2696 3596 2753 dono
3652 2714 3728 2756 ne

2072 2783 2401 2839 inferantur
2414 2782 2472 2837 in
2486 2781 3073 2849 tcntationem,nemo
3087 2788 3423 2841 sanctorum
3438 2803 3551 2842 non
3568 2789 3726 2843 tenet

2071 2886 2259 2945 usque
2290 2871 2350 2926 in
2395 2870 2573 2926 ﬁnem
2614 2872 3104 2943 perseverantiam
3149 2873 3497 2931 sanctitatis.
3526 2875 3723 2948 Neque

2071 2961 2228 3018 cnim
2251 2959 2569 3032 quisquam
2594 2959 2653 3014 in
2675 2960 2974 3032 proposito
2995 2958 3328 3018 Christiano
3358 2977 3722 3035 perseverare

2070 3038 2321 3117 desistit,
2355 3046 2469 3102 nisi
2498 3046 2567 3102 in
2592 3045 2973 3103 tentati-onem
3020 3047 3297 3122 primitus
3324 3049 3626 3107 inferatur.
3659 3050 3719 3108 Si

2070 3154 2208 3211 ergo
2257 3136 2615 3193 concedatur
2667 3135 2721 3192 si
2780 3137 2938 3209 quod
2996 3140 3146 3207 erat,
3177 3142 3243 3194 ut
3270 3157 3388 3195 non
3416 3138 3717 3209 inferatur,

2070 3229 2276 3301 utique
2304 3226 2367 3281 in
2396 3222 2858 3282 sanctiﬁcatione
2898 3242 3103 3299 quam,
3134 3227 3250 3284 Deo
3281 3228 3553 3299 donante,
3585 3228 3721 3303 per-‘-

2072 3317 2242 3391 cepit,
2276 3314 2393 3372 Deo
2423 3314 2697 3383 donante,
2728 3314 3008 3387 persistit.

2138 3404 2288 3462 VIII.
2313 3403 2697 3477 (Cap.6.)‘Nou
2721 3404 2921 3460 dicant
2939 3403 3209 3463 homines
3228 3406 3719 3480 perseverantiam

2070 3496 2349 3567 cuiquam
2373 3493 2570 3548 datam
2590 3493 2852 3565 usquein
2865 3494 3065 3565 ﬁnem,
3085 3495 3199 3553 nisi
3212 3508 3349 3553 cum
3360 3494 3486 3571 ipse
3496 3488 3722 3555 venerit

2071 3584 2230 3653 ﬁnis,
2256 3586 2315 3639 et
2343 3596 2746 3655 perseverasse
2796 3580 2897 3638 cui
2940 3584 3080 3640 data
3109 3586 3217 3655 est,
3251 3589 3514 3658 repertus
3545 3577 3721 3644 fuerit

2071 3672 2339 3746 usquein
2363 3671 2560 3727 ﬁnem.
2586 3668 2851 3728 Dicimus
2873 3673 3089 3746 quippe
3109 3678 3338 3731 castum
3362 3687 3537 3747 quem
3569 3676 3727 3733 novi-

2071 3774 2205 3817 mus
2228 3759 2604 3828 castnm,sive
2627 3758 2850 3829 sit‘,sivo
2880 3772 2995 3817 non
3023 3761 3103 3818 sit
3129 3762 3188 3817 in
3220 3758 3423 3820 eadem
3454 3765 3722 3822 castitate

2071 3865 2410 3919 mansurus,
2443 3854 2501 3905 et
2530 3850 2578 3904 si
2611 3848 2752 3922 quid
2785 3849 2944 3907 aliud
2985 3851 3165 3907 divini
3196 3846 3457 3909 muneris
3487 3844 3722 3924 habent,

2071 3941 2229 4014 quod
2259 3939 2443 3997 teneri
2477 3943 2533 3995 et
2561 3937 2751 3995 amitti
2779 3944 2989 4012 potest,
3022 3939 3277 3998 dicimus
3323 3952 3458 3999 eum
3506 3942 3723 4000 habere

2071 4029 2572 4102 quandiucunqu'e
2613 4024 2829 4097 habet;
2863 4033 2921 4085 et
2952 4029 3001 4085 si
3034 4029 3317 4100 amiserit,
3349 4024 3602 4088 dicimus
3624 4021 3723 4089 ha-

2071 4119 2293 4176 buisse.
2329 4116 2826 4174 Perseverantiam
2882 4134 3018 4174 vero
3050 4134 3239 4191 usque
3264 4119 3323 4174 in
3353 4119 3554 4191 ﬁnem,
3584 4122 3727 4193 quo:

2072 4208 2233 4263 niam
2253 4224 2369 4263 non
2393 4206 2569 4262 habet
2586 4208 2905 4279 quisquam
2929 4206 3170 4280 nisi-qui
3191 4212 3519 4280 penetraret
3538 4220 3726 4283 usque

2070 4298 2130 4352 in
2147 4294 2527 4365 ﬁnem,multi
2550 4312 2679 4351 eam
2703 4300 2958 4368 possunt
2982 4296 3724 4365 haberemullusamitteml

2070 4386 2270 4458 Neque
2288 4384 2446 4441 enim
2468 4385 2852 4441 metuendum
2874 4389 3064 4453 est,ne
3076 4386 3224 4443 forte
3244 4399 3728 4461 cumpersevcro)

2068 4475 2216 4531 verit
2234 4474 2623 4545 homousque
2644 4473 2705 4529 in
2730 4474 2931 4542 ﬁnem,
2953 4473 3158 4548 aliqua
3172 4475 3236 4531 in
3261 4492 3329 4532 eo
3353 4475 3507 4533 mala
3526 4475 3729 4532 volun!-

2068 4569 2160 4620 tas
2186 4563 2428 4630 oriatur,
2457 4579 2529 4619 ne
2547 4566 2874 4636 perseveret
2902 4572 3105 4635 usque
3122 4564 3183 4620 in
3214 4566 3412 4622 ﬁnem.
3441 4562 3559 4623 Hoc
3587 4578 3725 4639 ergo

303 4656 503 4708 turum
564 4670 681 4709 non
737 4652 1083 4708 dubitamus
1139 4652 1417 4709 omnibus
1473 4654 1694 4709 sanctis
1724 4654 1752 4710 ?
1810 4653 1960 4729 Ergo
1988 4670 2040 4735 ι)
2071 4653 2170 4709 Dei
2194 4651 3725 4724 donumsuppliciteremereripotbStﬁod'cumdatnm

303 4745 362 4797 et
384 4740 466 4810 hi,
495 4742 595 4815 qui
639 4742 767 4813 jam
817 4741 1007 4797 sancti
1067 4745 1227 4809 sunt,
1260 4741 1401 4812 quid
1432 4746 1620 4810 orant,
1654 4742 1768 4799 nisi
1802 4748 1868 4799 ut
1897 4745 1957 4800 in

302 4846 373 4886 ea
389 4830 702 4887 sanctitate
724 4847 852 4902 quas
888 4829 1006 4886 illis
1031 4830 1167 4884 data
1195 4835 1287 4885 est
1317 4831 1734 4901 perseverent?
1762 4832 1961 4905 Neque

304 4920 461 4974 enim
520 4918 691 4975 aliter
746 4919 938 4975 veniet
993 4935 1240 4991 regnum
1299 4918 1423 4988 Dei,
1457 4920 1612 4991 quod
1658 4938 1774 4978 non
1805 4921 1956 4992 aliis,

306 5009 407 5064 sed
440 5008 534 5063 his
564 5008 665 5080 qui
714 5013 1088 5080 perseverant
1145 5025 1332 5080 usque
1388 5008 1450 5063 in
1509 5010 1686 5066 ﬁnem
1734 5015 1960 5067 certum

306 5102 395 5153 est
450 5113 579 5154 esse
634 5101 968 5152 venturum.
1004 5097 1155 5168 (Cap.
1187 5097 1267 5168 3.)
1300 5118 1328 5147 ‹‹
1371 5098 1498 5153 Fiat
1543 5097 1815 5155 voluntas
1863 5102 1965 5156 tua

310 5207 337 5235 ιι
368 5186 429 5240 in
460 5186 603 5241 cmlo
634 5190 692 5241 et
720 5185 779 5240 in
812 5191 984 5254 terra,
1019 5208 1047 5236 ››
1081 5185 1167 5240 vel
1206 5188 1360 5257 quod
1392 5187 1453 5241 in
1486 5186 1781 5259 plerisque
1810 5188 1964 5244 codi-

306 5274 474 5330 cibus
506 5274 740 5348 legitur,
760 5275 1067 5348 magisque
1094 5277 1166 5332 ab
1197 5277 1504 5332 orantibus
1534 5276 1958 5348 frequentatur,

311 5385 337 5413 «
361 5363 515 5419 sicut
539 5364 598 5419 in
641 5364 863 5420 coeloet
896 5365 954 5420 in
990 5369 1166 5421 terra.
1202 5387 1229 5416 ››
1264 5366 1428 5433 Quod
1461 5365 1723 5439 plerique
1754 5366 1964 5422 intelli-

308 5452 635 5523 gunt,sicut
659 5455 847 5509 sancti
874 5453 1151 5527 angeli,et
1166 5471 1273 5509 nos
1296 5455 1582 5511 faciamus
1600 5454 1962 5513 voluntatem

309 5544 493 5607 tuam,
528 5546 593 5595 ut
623 5548 778 5597 terra
807 5543 1031 5597 scilicet
1077 5543 1344 5599 imitetur
1400 5544 1634 5610 omium,
1668 5546 1727 5601 id
1756 5550 1863 5613 est,
1898 5550 1964 5602 ut

311 5625 486 5683 homo
526 5629 821 5700 angelum,
855 5631 943 5687 vel
998 5632 1251 5687 inﬁdelis
1308 5632 1561 5689 ﬁdelem.
1594 5635 1966 5702 Quantalibet

314 5712 471 5786 enim
496 5714 764 5774 homines
785 5720 1093 5779 sanctitate
1116 5720 1510 5797 praepolleant,
1534 5724 1797 5784 nondum
1824 5726 1965 5785 sunt

2069 4741 2265 4809 fuerit,
2297 4740 2486 4797 amitti
2545 4739 2973 4797 contumaciter
3001 4756 3118 4797 non
3150 4742 3359 4815 potest.
3390 4742 3539 4798 Cum
3567 4741 3725 4798 enim

2072 4834 2400 4906 perseveret
2445 4829 2701 4902 quisque
2729 4840 2917 4902 usque
2946 4829 3008 4885 in
3039 4831 3241 4901 ﬁnem,
3276 4847 3465 4904 neque
3492 4830 3603 4886 hoc
3631 4831 3728 4887 do-

2072 4938 2215 4977 num
2228 4922 2420 4992 potest
2430 4917 2720 4987 amittere,
2736 4935 2842 4975 nec
2854 4918 2971 4974 alia
2981 4936 3109 4991 qua:
3121 4920 3350 4993 poterat
3360 4924 3497 4977 ante
3526 4920 3722 4977 ﬁnem.

2144 5009 2235 5065 IX.
2271 5008 2585 5082 Imperavit
2614 5008 2793 5076 Deus,
2810 5012 2879 5063 ut
2898 5007 2949 5063 ei
2971 5009 3158 5065 sancti
3183 5010 3314 5081 ejus
3341 5008 3540 5065 dicant
3563 5024 3728 5064 erant

2071 5104 2188 5156 tes:
2220 5099 2343 5154 «Ne
2366 5115 2473 5154 nos
2505 5097 2723 5154 inferas
2753 5097 2812 5151 in
2842 5098 3246 5154 tentationem.
3280 5121 3310 5150 »
3339 5098 3528 5170 (ιὺὰί.)
3557 5095 3725 5164 Quis-

2072 5188 2209 5261 quis
2235 5187 2420 5260 igitur
2448 5185 2765 5241 exauditur
2793 5185 2902 5241 hoc
2934 5201 3204 5259 poscens,
3237 5203 3355 5243 non
3388 5186 3639 5243 infertur
3666 5187 3724 5241 in

2060 5264 2455 5335 (contumaciae
2488 5275 2897 5342 tentationem,
2930 5292 3049 5348 qua
3080 5277 3266 5348 possit
3292 5276 3381 5334 vel
3412 5276 3631 5349 dignus
3649 5273 3727 5332 sit

2072 5364 2564 5440 perseverantiam
2595 5364 2929 5422 sanctitatis
2958 5366 3325 5424 amittereAt
3343 5366 3502 5424 enim
3529 5365 3729 5424 volun.

2072 5461 2192 5513 tate
2214 5473 2324 5511 sua
2344 5455 2598 5527 quisque
2628 5454 2847 5510 deserit
2866 5455 3155 5523 Deum,ut
3185 5456 3393 5513 merito
3422 5456 3729 5513 deseratur

2074 5564 2108 5602 a
2132 5547 2268 5614 Deo,
2303 5544 2438 5617 quis
2498 5543 2608 5599 hoc
2667 5544 3012 5617 negaverit?
3043 5546 3154 5600 Sed
3207 5543 3338 5601 ideo
3368 5542 3625 5617 petimus
3654 5554 3728 5600 ne

2074 5636 2399 5691 inferamur
2450 5632 2509 5687 in
2574 5634 2976 5705 tentationem,
3010 5639 3076 5689 ut
3132 5634 3243 5691 hoc
3274 5650 3390 5690 non
3420 5620 3543 5690 ﬁat.
3576 5634 3647 5689 Bt
3676 5628 3727 5689 si

2075 5722 2653 5799 exaudimur,utique
2681 5738 2798 5780 non
2830 5724 2915 5793 ﬁt,
2950 5724 3088 5802 quia
3107 5723 3271 5783 Deus
3292 5721 3729 5800 nonopermittﬁ
