3900 6378
109 416 227 476 ιιι

1352 416 1501 478 LIB.
1547 417 1860 479 CONTRA
1900 418 2250 482 JUD/EOS.

3393 425 3511 487 M2

1344 730 2254 839 AMULONIS

508 920 1199 1039 “EPISTOLA
1264 924 1502 1040 SEU
1568 920 1947 1039 LIBER
2021 926 2507 1043 CONTRA
2581 929 3096 1083 JUD/EOS

1232 1120 1364 1188 AD
1431 1119 1916 1195 CAROLUM
1987 1122 2373 1194 REGEM.

1577 1277 2007 1291 ———————-—

161 1372 201 1428 Ι.
233 1373 589 1428 Detestanda
609 1373 947 1430 Judzeorum
980 1377 1245 1448 perfidia,
1270 1381 1326 1432 et
1351 1394 1554 1433 eorum
1586 1379 1740 1434 inter
1767 1380 1823 1446 Α
1854 1379 2125 1435 sissimos
2156 1379 2302 1447 dies,
2330 1379 2388 1433 in
2412 1378 2631 1450 quibus
2653 1378 2991 1435 abundante
3022 1378 3332 1450 iniquitate
3354 1379 3512 1434 refri-

95 1460 446 1517 Christianos
463 1464 826 1521 conversatio
844 1470 1135 1537 quantum
1157 1466 1233 1523 sit
1253 1467 1425 1522 noxia
1442 1467 1737 1537 ﬁdelibus,

94 1552 146 1605 et
172 1550 550 1607 ecclesiarum
582 1553 925 1610 doctoribus
954 1554 1302 1626 periculosa,
1332 1558 1488 1629 apud
1521 1557 1740 1613 multos

92 1637 446 1712 incognitum
469 1645 577 1711 est,
601 1659 718 1697 non
750 1642 943 1699 solum
965 1644 1235 1717 vulgares
1257 1650 1313 1701 et
1334 1645 1611 1717 plebeios,
1637 1647 1740 1702 sed

90 1727 254 1784 etiam
286 1729 513 1786 nobiles
544 1735 601 1787 et
629 1731 969 1804 honoratos,
993 1733 1445 1807 doctostariter
1463 1734 1551 1790 vel
1572 1734 1740 1790 indo-

90 1821 203 1873 ctos
226 1833 239 1872 :
262 1822 321 1874 et
339 1820 496 1891 apud
516 1836 615 1876 eos
638 1820 913 1890 maxime,
938 1821 1093 1877 inter
1116 1838 1263 1893 quos
1296 1821 1460 1878 nulla
1480 1823 1742 1893 praefato-

90 1922 209 1962 rum
241 1907 571 1966 inﬁdelium
598 1909 886 1966 habitatio
909 1914 1010 1966 aut
1030 1911 1423 1983 frequentatio
1444 1916 1552 1966 est.
1579 1911 1741 1966 Unde

90 1996 476 2053 necessarium
508 1997 806 2067 duximus,
831 2003 889 2053 et
920 2003 1208 2070 quantum
1242 1999 1739 2071 religionisﬁam-

89 2100 219 2139 num
268 2102 337 2142 ex
384 2102 589 2143 eorum
640 2087 1023 2159 permistione
1065 2086 1437 2143 Christianus
1485 2087 1741 2160 populus

88 2173 311 2243 sentiat,
338 2179 399 2231 et
429 2175 572 2246 quid
604 2176 676 2231 de
705 2175 791 2231 eis
822 2176 1254 2231 observandum
1284 2176 1371 2232 vel
1404 2176 1620 2249 divina;
1636 2195 1738 2232 au-

88 2262 335 2331 ctoritas,
347 2262 438 2319 vel
456 2268 797 2319 sanctorum
817 2264 1056 2320 Patrum
1069 2264 1426 2321 venerabilia
1445 2266 1737 2335 instituta,

86 2349 163 2405 vel
189 2351 572 2423 antiquorum
607 2352 941 2425 principum
966 2352 1237 2426 religiosa
1259 2354 1450 2409 edicta
1468 2371 1739 2426 percepe-

87 2438 211 2506 rint,
241 2442 625 2512 praesentium
658 2441 988 2498 litterarum
1021 2443 1260 2515 scriptis
1296 2443 1546 2499 breviter
1575 2460 1738 2499 com-

85 2527 467 2598 prehendere:
491 2534 549 2587 et
568 2535 691 2586 tam
715 2548 818 2603 per
837 2548 966 2600 nos,
992 2549 1169 2605 quam
1194 2549 1298 2604 per
1316 2536 1573 2588 vestram
1596 2550 1737 2588 una-

87 2616 296 2673 nimem
344 2618 774 2675 fraternitatem
804 2625 864 2676 et
894 2621 1215 2677 fraternam
1266 2620 1739 2687 unanimitatem,

89 2706 152 2760 ad
181 2707 453 2764 notitiam
485 2709 751 2765 omnium
783 2709 887 2782 qui
921 2709 1091 2765 nobis
1125 2711 1185 2765 in
1220 2709 1468 2765 Domino
1500 2710 1739 2783 regendi

89 2796 375 2853 commissi
426 2801 587 2868 sunt,
607 2797 695 2854 vel
745 2797 1078 2871 cuicunque
1118 2816 1292 2855 nosse
1320 2798 1632 2869 voluerint,
1685 2803 1744 2855 et

89 2882 368 2942 valuerint
398 2887 721 2960 pervenire.

152 2972 216 3028 II.
236 2975 323 3031 Ad
353 2992 537 3048 quam
569 2992 693 3031 rem
738 2975 988 3033 sollicite
1019 2977 1413 3049 peragendam
1446 2976 1743 3032 constrin-

94 3060 167 3131 git
182 3058 290 3119 'nos
309 3063 693 3120 vehementer
711 3064 841 3137 ipsa
861 3065 1176 3136 pastoralis
1196 3065 1372 3121 officii
1393 3064 1744 3133 necessitas;

93 3153 143 3203 et
161 3151 492 3208 animarum
516 3152 753 3221 damna,
771 3170 940 3224 quas,
959 3155 1130 3225 juxta
1149 3152 1479 3225 exemplum
1500 3156 1745 3226 Aposto-

94 3234 254 3304 li,Dei
274 3240 651 3297 aemulatione
674 3240 1262 3310 zelare,debemus,et
1284 3243 1356 3297 ab
1378 3241 1611 3298 insidiis
1633 3260 1745 3298 ser-

94 3329 269 3395 pentis
285 3329 645 3401 antiqui,qui
666 3346 888 3386 veneno
908 3330 1147 3386 malitia)
1168 3349 1287 3387 sua:
1305 3330 1567 3388 ﬁdelium
1591 3348 1748 3386 men-

94 3417 170 3471 tes
199 3434 431 3491 semper
463 3419 797 3491 depravare
826 3424 1093 3488 conatur,
1117 3420 1366 3477 Domino
1408 3421 1744 3489 auxiliante,

94 3508 406 3564 custodire:
432 3511 501 3564 ut
524 3507 785 3565 Ecclesia
808 3509 912 3564 Dei
932 3508 1067 3577 vivi,
1096 3527 1314 3581 sponsa
1333 3511 1503 3583 Agni,
1529 3511 1588 3566 in
1610 3510 1746 3567 ﬁdei

93 3597 143 3647 et
170 3594 468 3667 religionis
501 3596 859 3666 sinceritate,
886 3598 1124 3670 proprio
1167 3598 1290 3653 viro
1329 3597 1669 3670 incorrupta
1693 3601 1750 3655 et

95 3686 242 3739 casta
269 3689 557 3741 servetur.
582 3685 761 3741 Juxta
792 3686 949 3758 quod
1003 3686 1161 3741 idem
1210 3687 1526 3759 Apostolus
1556 3687 1699 3742 dicit
1732 3705 1745 3743 :

101 3770 403 3830 «IEmulor
447 3774 607 3830 enim
658 3791 761 3830 vos
811 3775 913 3831 Dei
964 3774 1340 3831 {emulatione
1396 3793 1410 3832 :
1464 3776 1750 3850 despondi

100 3880 119 3905 ι
151 3860 297 3919 enim
340 3881 446 3920 vos
504 3863 609 3919 uni
668 3864 792 3920 viro
845 3864 1131 3938 virginem
1193 3869 1418 3921 castam
1478 3866 1750 3921 exhibere

102 3967 122 3996 ι
151 3946 393 4008 Christo.
419 3950 626 4007 Timeo
657 3956 856 4008 autem
889 3968 962 4007 ne
994 3953 1148 4008 sicut
1178 3970 1419 4026 serpens
1450 3955 1628 4010 Evam
1660 3972 1749 4010 se-

105 4055 125 4083 ι
156 4038 314 4095 (luxit
332 4040 556 4097 astutia
578 4057 706 4109 sua,
735 4040 819 4097 ita
839 4046 1300 4115 corrumpantur
1321 4061 1532 4099 sensus
1546 4043 1749 4103 vestri,

1850 1468 2036 1539 gescit
2066 1467 2325 1523 charitas
2347 1466 2692 1535 multorum,
2714 1468 2892 1523 etiam
2918 1467 3098 1523 Isaias
3124 1468 3410 1540 propheta
3439 1467 3514 1523 si-

1849 1556 2110 1628 gniﬁcat,
2138 1555 2239 1611 ubi
2268 1556 2352 1611 ait
2384 1573 2396 1611 :
2427 1576 2453 1607 (ι
2479 1556 2542 1611 In
2566 1557 2658 1612 die
2689 1555 2790 1611 illa
2812 1556 3110 1612 auferetur
3138 1555 3392 1628 paxillus
3413 1556 3513 1628 qui

1855 1667 1877 1694 ι
1914 1646 2065 1700 ﬁxus
2098 1645 2286 1700 fuerat
2315 1644 2375 1699 in
2407 1645 2531 1700 loco
2564 1644 2743 1713 ﬁdeli,
2772 1648 2829 1700 et
2857 1645 3181 1718 frangetur,
3210 1645 3516 1717 etperibit

1855 1755 1877 1782 α
1914 1737 1972 1788 et
2001 1734 2169 1789 cadet
2200 1735 2354 1805 quod
2401 1734 2758 1806 pependerat
2807 1734 2865 1788 in
2917 1750 3004 1802 eo,
3039 1734 3180 1805 quia
3226 1734 3513 1791 Dominus

1856 1844 1878 1872 ι
1911 1821 2145 1877 locutus
2176 1826 2267 1877 est
2297 1823 2428 1891 (Isa.
2461 1840 2595 1891 xxu,
2628 1824 2740 1893 25).
2770 1846 2791 1872 ι
3318 1870 3324 1876 .

1924 1909 2021 1965 ΙΙΙ.
2057 1910 2316 1966 Primum
2350 1910 2545 1981 itaque
2590 1910 2735 1966 illud
2783 1911 2855 1966 ad
2906 1911 3252 1967 memoriam
3285 1912 3511 1968 reduci-

1851 2015 2006 2066 mus,
2038 2003 2102 2054 ut
2133 1998 2412 2072 recogitet
2437 2003 2495 2055 et
2526 2000 2849 2072 perpendat
2878 2000 3289 2073 unusquisque
3321 2000 3511 2058 fidelis

1851 2087 1973 2158 qui,
1997 2091 2055 2142 et
2075 2087 2300 2159 quales,
2325 2092 2381 2144 et
2401 2105 2578 2160 quam
2603 2089 2841 2145 cavendi
2873 2089 2993 2147 sint
3013 2091 3085 2146 de
3107 2089 3323 2163 quibus
3352 2107 3510 2147 nunc

1848 2174 2179 2247 loquimur;
2213 2176 2270 2231 id
2319 2181 2427 2244 est,
2456 2178 2661 2249 perfidi
2713 2182 2770 2233 et
2818 2177 3150 2251 blasphemi
3195 2179 3404 2235 Judwi.
3427 2179 3509 2236 De

1850 2264 1997 2336 ipsis
2027 2265 2189 2321 enim
2220 2266 2507 2323 Dominus
2533 2267 2593 2322 in
2622 2267 2967 2340 Apocolypsi
2988 2268 3254 2337 Joannis,
3277 2268 3506 2340 angelo,

1850 2354 1907 2408 id
1940 2358 2029 2409 est
2061 2355 2352 2410 sacerdoti
2376 2354 2647 2412 Ecclesia:
2669 2357 2931 2429 Smyrna:
2959 2356 3242 2428 loquitur,
3265 2357 3505 2413 dicens:

1854 2463 1875 2492 σ
1914 2442 2043 2499 Scio
2076 2442 2518 2501 tribulationem
2547 2448 2733 2515 tuam,
2759 2450 2815 2501 et
2843 2449 3276 2518 paupertatem'
3295 2446 3398 2502 sed
3421 2446 3509 2501 di-

1855 2552 1877 2580 ι
1912 2548 2011 2587 ves
2044 2549 2135 2600 es;
2172 2536 2228 2588 et
2258 2532 2690 2606 blasphemaris
2722 2535 2796 2590 ab
2825 2534 2919 2591 his
2950 2536 3051 2607 qui
3082 2551 3145 2591 se
3177 2536 3385 2592 dicunt
3412 2535 3512 2591 Ju-

1854 2639 1882 2672 α
1913 2621 2066 2676 dmos
2098 2638 2247 2688 esse,
2268 2627 2326 2678 et
2348 2640 2463 2678 non
2488 2627 2648 2688 sunt,
2674 2624 2776 2680 sed
2800 2629 2941 2679 sunt
2962 2641 3262 2697 synagoga
3280 2624 3510 2681 Satanae

1855 2731 1876 2758 α
1913 2708 2094 2780 (Apoc.
2131 2728 2189 2780 ιι,
2223 2711 2299 2779 9).
2322 2730 2350 2763 ιο
2386 2712 2456 2766 Et
2511 2711 2727 2768 iterum
2774 2711 2994 2785 Angelo
3044 2712 3313 2769 Ecclesia:
3371 2713 3510 2768 Phi-

1850 2797 2156 2869 ladelphia:
2209 2798 2412 2854 scribit
2445 2816 2457 2855 :
2489 2821 2516 2852 α
2545 2801 2689 2855 Ecce
2741 2801 2889 2856 dabo
2939 2801 3009 2857 de
3057 2817 3356 2873 synagoga
3405 2802 3509 2857 Sa-

1857 2905 1881 2937 ι
1914 2890 2064 2941 tame
2095 2886 2196 2958 qui
2219 2904 2281 2944 se
2313 2887 2520 2944 dicunt
2547 2888 2783 2944 Judaeos
2814 2905 2963 2958 esse,
2986 2893 3045 2945 et
3074 2907 3191 2945 non
3222 2892 3383 2959 sunt,
3406 2889 3509 2945 sed

1857 2997 1879 3025 ι
1916 2975 2322 3032 mentiuntur:
2349 2993 2481 3033 ecce
2529 2976 2740 3033 faciam
2787 2976 2920 3033 illos
2951 2982 3019 3033 ut
3046 2976 3303 3046 veniant,
3327 2981 3385 3034 et
3414 2978 3514 3032 ad-

1857 3083 1886 3116 ι
1916 3067 2083 3119 orent
2114 3067 2247 3119 ante
2279 3065 2457 3136 pedes
2494 3069 2649 3133 tuos,
2673 3069 2730 3121 et
2769 3064 2958 3121 scient
2996 3065 3136 3137 quia
3182 3081 3288 3138 ego
3335 3065 3510 3121 dilexi

1861 3172 1888 3205 α
1919 3156 1974 3207 te
2003 3151 2185 3222 (Apoc.
2220 3169 2298 3221 ιιι,
2331 3153 2407 3224 9).
2436 3175 2457 3203 ι
2484 3152 2566 3208 De
2596 3151 2688 3208 his
2710 3169 2846 3225 ergo
2878 3168 2994 3209 non
3023 3152 3264 3223 Judaeis,
3299 3158 3366 3208 ut
3395 3154 3508 3226 ipsi

1855 3240 2243 3309 mentiuntur,
2268 3242 2369 3297 sed
2402 3258 2702 3315 synagoga
2731 3244 2979 3310 Satanae,
3005 3242 3148 3298 dicit
3172 3243 3350 3299 etiam
3382 3243 3513 3299 bea-

1856 3333 1953 3385 tus
1986 3329 2201 3385 Paulus
2235 3330 2537 3401 apostolus
2568 3332 2641 3387 ad
2673 3331 3231 3388 Thessalonicenses
3264 3349 3277 3388 :
3307 3355 3328 3382 α
3365 3332 3514 3399 Quia

1861 3440 1884 3470 α
1911 3419 2113 3474 eadem
2133 3418 2293 3491 passi
2311 3419 2453 3475 estis
2470 3423 2527 3475 et
2538 3437 2637 3476 vos
2655 3438 2689 3475 a
2703 3419 3512 3493 contribulibusvestris,qu£e

1864 3528 1892 3561 α
1912 3512 1968 3563 et
1986 3507 2097 3579 ipsi
2117 3526 2150 3563 a
2164 3507 2514 3581 Judazis,qui
2532 3508 2916 3565 etDominum
2931 3510 3510 3578 occideruntJesum,

1864 3616 1891 3650 ιι
1912 3600 1969 3652 et
1986 3596 2304 3668 prophetas
2326 3613 2338 3651 ε
2359 3600 2415 3652 et
2431 3615 2538 3653 nos
2558 3598 2848 3670 persecuti
2874 3602 3098 3669 sunt,et
3118 3599 3235 3655 Deo
3259 3616 3376 3655 non
3398 3598 3518 3672 pla-

1865 3706 1886 3734 ι
1913 3685 2137 3751 cent,et
2163 3683 2440 3738 omnibus
2474 3683 2818 3740 hominibus
2857 3687 3269 3756 adversantur;
3317 3686 3515 3759 prohi-

1867 3791 1889 3821 ι
1914 3772 2119 3827 bentes
2137 3789 2244 3828 nos
2264 3772 2710 3845 gentibusloqui
2730 3773 2973 3830 utsalvze
2992 3774 3519 3846 ﬁant,etimpleant

1865 3883 1886 3911 α
1914 3864 2152 3932 peccata
2174 3877 2282 3916 sua
2307 3878 2538 3932 semper
2562 3877 2573 3916 :
2602 3861 2863 3932 pervenit
2890 3866 3086 3916 autem
3108 3861 3197 3916 ira
3216 3860 3317 3918 Dei
3339 3876 3518 3931 super

1869 3970 1896 4003 α
1925 3966 2023 4005 eos
2055 3964 2245 4019 usque
2291 3948 2351 4002 in
2400 3949 2576 4002 finem
2606 3948 2659 4017 (Ι
2690 3947 2865 4004 Thess.
2899 3964 2958 4019 ιι,
2994 3949 3080 4016 Ui,
3115 3948 3202 4016 15,
3240 3948 3348 4016 16).
3375 3969 3397 4000 ι
3434 3947 3516 4003 De

1861 4036 2082 4092 talibus
2113 4042 2169 4090 et
2197 4036 2405 4091 beatus
2431 4035 2687 4092 Joannes
2716 4036 2776 4091 in
2801 4034 3061 4107 Epistola
3089 4051 3214 4103 sua,
3241 4033 3516 4092 fidelibus

106 4127 205 4178 «et
245 4127 518 4183 excidant
567 4144 601 4183 a
649 4126 1029 4201 simplicitate
1077 4146 1205 4201 quae
1261 4134 1350 4186 est
1404 4130 1465 4185 in
1516 4130 1745 4185 Christo
1776 4116 1819 4183 C
1858 4122 2142 4196 praecipit,
2175 4122 2376 4178 dicens
2410 4139 2423 4178 :
2456 4142 2478 4172 α
2508 4123 2568 4178 Si
2616 4123 2751 4194 quis
2780 4123 2937 4180 venit
2983 4124 3055 4180 ad
3104 4140 3227 4194 vos,
3260 4127 3317 4181 et
3362 4123 3516 4180 hanc

106 4233 124 4260 ι
156 4214 219 4282 (ιι
241 4215 359 4272 Cor.
384 4235 465 4285 χι,
487 4219 542 4285 2,
567 4216 677 4289 3).»
707 4217 871 4284 Quod
893 4217 1147 4274 maxime
1169 4218 1339 4275 nobis
1362 4219 1749 4274 metuendum

101 4315 237 4373 esse,
255 4307 354 4378 qui
374 4307 438 4363 in
462 4306 555 4362 his
577 4307 917 4363 novissimis
939 4311 996 4363 et
1016 4307 1364 4379 periculosis
1385 4307 1751 4380 temporibus

102 4392 310 4451 occulto
332 4394 436 4452 Dei
449 4394 678 4466 judicio
699 4394 969 4452 Ecclesia:
993 4397 1259 4469 regimen
1291 4397 1482 4453 sortiti
1516 4413 1749 4465 sumus,

102 4481 337 4539 testatur
364 4484 508 4541 alibi
539 4485 696 4542 idem
728 4486 854 4557 ipse
875 4483 1213 4556 Apostolus,
1237 4490 1294 4540 et
1322 4484 1640 4541 imminens
1661 4501 1756 4558 pe-

105 4567 341 4628 riculum
361 4578 564 4647 aperte
595 4573 921 4643 denuntiai,
945 4573 1147 4629 dicens
1172 4591 1184 4630 :
1216 4597 1237 4625 α
1270 4574 1524 4646 Spiritus
1555 4579 1754 4630 autem

112 4673 133 4702 α
163 4660 463 4718 manifeste
503 4661 666 4731 dicit,
693 4663 851 4735 quod
900 4661 962 4716 in
1003 4662 1345 4719 novissimis
1390 4663 1757 4735 temporibus

110 4765 129 4793 ι
162 4744 456 4807 discedent
485 4751 729 4823 quidam
773 4768 809 4807 a
855 4751 992 4822 ﬁde,
1026 4752 1401 4808 attendentes
1450 4751 1757 4824 spiritibus

113 4851 134 4879 α
164 4838 390 4908 erroris,
424 4844 483 4895 et
524 4838 809 4897 doctrinis
858 4840 1309 4908 daemoniorum,
1353 4841 1412 4896 in
1461 4841 1757 4914 hypocrisi

115 4922 526 4997 «loquentium
568 4928 968 4999 mendacium,
1009 4934 1066 4987 et
1104 4930 1487 4985 cauteriatam
1537 4930 1759 4987 haben-

1865 4236 1886 4262 α
1922 4211 2249 4267 doctrinam
2267 4228 2383 4267 non
2407 4212 2594 4284 affert,
2612 4212 2791 4268 nolite
2812 4213 3066 4286 recipere
3081 4229 3217 4269 eum
3240 4214 3301 4270 in
3319 4214 3513 4283 domo,

1866 4324 1888 4352 ι
1925 4318 2030 4357 nec
2051 4317 2151 4356 ave
2172 4299 2223 4356 ei
2247 4300 2509 4357 dixeritis
2530 4318 2542 4357 :
2569 4302 2669 4374 qui
2685 4302 2843 4358 enim
2859 4303 3003 4359 dicit
3020 4302 3106 4359 illi
3124 4319 3245 4375 ave,
3260 4321 3521 4361 commu-

1867 4412 1891 4443 ι
1926 4390 2083 4446 nicat
2114 4388 2388 4463 operibus
2428 4389 2590 4446 illius
2632 4391 2910 4465 malignis
2942 4393 3013 4466 (II
3036 4395 3192 4450 Joan.
3229 4395 3316 4463 10,
3351 4393 3461 4465 11).
3488 4417 3512 4447 ι

1863 4481 2028 4549 Quod
2058 4479 2195 4536 licet
2239 4478 2509 4535 nonnulli
2559 4481 2969 4537 tantummodo
3001 4482 3072 4537 de
3101 4481 3390 4537 haereticis
3419 4480 3523 4552 qui

1864 4571 1935 4626 ab
1974 4569 2233 4625 Ecclesia
2283 4573 2672 4639 recesserunt,
2696 4573 2753 4625 et
2782 4569 2998 4625 Christi
3044 4568 3179 4625 ﬁdei
3226 4570 3522 4626 contraria

1865 4661 2096 4728 docent,
2121 4659 2344 4731 dictum
2375 4662 2611 4732 putent;
2645 4675 2752 4714 nos
2775 4662 2970 4713 tamen
2997 4656 3309 4730 vigilanter
3336 4658 3523 4713 consi-

1866 4750 2068 4806 derare
2100 4749 2408 4819 debemus,
2442 4748 2599 4819 quod
2631 4745 2855 4805 nullam
2895 4745 3294 4818 exceptionem
3325 4746 3525 4803 fecerit

1865 4836 2203 4911 Apostolus,
2237 4839 2337 4893 sed
2382 4836 2732 4911 generaliter
2761 4836 2831 4892 de
2869 4836 3147 4892 omnibus
3192 4835 3522 4893 doctrinam

1867 4927 2083 4984 Christi
2114 4927 2529 4998 respuentibus
2560 4926 2769 4981 dixerit
2792 4942 2839 4980 ει
2865 4925 2926 4981 Si
2957 4924 3091 4997 quis
3110 4924 3270 4981 venit
3298 4925 3371 4980 ad
3398 4942 3518 4995 vos,

116 5028 135 5057 ι
167 5012 308 5069 tium
340 5034 509 5073 suam
540 5017 965 5074 conscientiam
998 5018 1047 5087 (Ι
1082 5019 1216 5074 Tim.
1256 5034 1327 5085 Iv,
1357 5020 1429 5087 1).
1454 5038 1481 5068 ιι
1512 5019 1674 5075 Unde
1704 5024 1762 5075 et
1876 5037 1897 5067 ι
1931 5022 1989 5071 et
2018 5017 2171 5071 hanc
2202 5015 2529 5070 doctrinam
2563 5032 2677 5069 non
2709 5014 2893 5086 affert,
2922 5038 2944 5066 ι
2982 5018 3040 5070 et
3068 5016 3293 5070 caetera.

111 5097 382 5161 Dominus
422 5106 482 5160 in
530 5105 864 5179 Evangelio,
899 5106 1165 5161 omnium
1217 5106 1478 5162 ﬁdelium
1530 5114 1759 5163 mentes

1941 5105 2035 5160 1V.
2061 5105 2120 5160 Si
2153 5104 2287 5175 quis
2318 5108 2514 5159 autem
2554 5102 2697 5158 illud
2741 5104 2911 5159 nobis
2940 5102 3201 5175 opponit,
3226 5104 3382 5174 quod
3412 5104 3524 5160 iste

112 5191 297 5260 terret,
321 5198 378 5250 et
415 5200 763 5268 pramonet,
790 5195 992 5251 dicens
1029 5212 1040 5252 :
1075 5216 1095 5244 α
1120 5195 1537 5251 Verumtamen
1580 5197 1760 5252 Filius
1871 5210 2062 5249 sermo
2093 5192 2384 5259 veniendi,
2410 5210 2527 5263 quo
2553 5192 2777 5246 dictum
2802 5196 2917 5247 est.
2951 5211 2972 5240 ι
3008 5191 3068 5247 Si
3099 5192 3232 5263 quis
3259 5193 3420 5248 venit
3450 5193 3523 5249 ad

118 5297 138 5327 «ι
162 5276 409 5339 hominis
424 5285 667 5341 veniens
688 5288 863 5357 putas
886 5283 1141 5340 inveniet
1158 5285 1334 5339 ﬁdem
1356 5284 1413 5339 in
1434 5290 1589 5341 terra
1604 5291 1757 5357 (Luc.

120 5388 139 5414 ι
170 5385 316 5439 xvm,
340 5373 435 5441 8)?
458 5398 479 5426 ι
510 5374 628 5429 Hoc
669 5388 926 5444 namque
966 5378 1225 5445 tempus,
1249 5377 1306 5427 et
1334 5373 1442 5428 hos
1481 5374 1764 5445 periculo-

1869 5301 1991 5350 vos,
2022 5306 2042 5333 ι
2072 5282 2303 5354 proprie
2334 5282 2765 5352 quodammodo
2798 5281 2868 5335 de
2902 5279 3066 5336 falsis
3096 5281 3434 5338 doctoribus
3463 5282 3525 5337 in

1871 5370 2192 5443 Scripturis
2214 5369 2352 5442 poni
2373 5369 2576 5439 soleat,
2603 5370 2674 5425 de
2705 5369 2921 5441 quibus
2946 5374 3003 5424 et
3032 5369 3318 5426 Dominus
3339 5370 3484 5425 dicit
3511 5387 3524 5426 :

178 5502 200 5576 ἦ
226 5493 388 5576 Hune
411 5496 627 5576 librum
645 5497 756 5576 sub
779 5497 1017 5576 nomine
1040 5496 1263 5576 Rabani
1290 5497 1763 5576 Mauri‘ediderat
1791 5486 1840 5550 D
1873 5513 2074 5576 sensu,
2101 5499 2229 5549 tum
2261 5512 2329 5550 ex
2351 5494 2484 5566 styli
2506 5494 3012 5576 dissimilitudine,
3040 5495 3279 5576 Rabano
3304 5494 3534 5576 abjudi-

117 5560 307 5640 Petrus
332 5568 1257 5640 FranciscusChiffletius;critici
1280 5586 1412 5624 vero
1436 5568 1767 5640 plurimi,et
1875 5568 2131 5623 cundum
2171 5560 2526 5640 censuerunt
2567 5566 2932 5640 et_Amul_o_ni
2970 5560 3529 5640 nostrourestit'uen-

117 5630 170 5689 hi
188 5639 379 5711 magni
388 5642 696 5711 ponderis,
712 5640 866 5696 inter
882 5630 1316 5711 quos'auctores
1332 5630 1596 5711 Historia:
1618 5630 1767 5705 litte-

123 5708 519 5788 rariae'Galliae,
543 5716 672 5776 tum
692 5729 762 5773 ex
787 5708 1325 5789 manuscriptorum
1351 5710 1616 5772 unanimi
1637 5730 1769 5774 con-

1876 5638 2038 5711 dum.
2063 5640 2219 5711 Quos
2267 5636 2593 5711 sequimur.
2624 5636 2770 5695 Vide
2820 5637 3135 5697 Historiam
3182 5636 3531 5700 litterariam

1877 5708 2094 5773 Galliae.
2126 5710 2286 5781 Enn.
