3900 6384
363 435 491 514 ης

1586 446 1992 521 ΑΜΠΒΟΝῙΞ
2036 428 2278 525 sese.
2327 456 2559 527 meo.

3661 456 3793 531 1‘14”

365 605 395 643 ι
425 574 724 649 Attendite
748 607 783 646 a
801 575 966 645 falsis
996 574 1315 663 prophetis,
1339 592 1440 664 qui
1468 592 1713 650 veniunt
1732 594 1807 650 ad
1828 611 1931 651 vos
1951 580 2013 650 in
2126 596 2245 669 gio,
2276 601 2334 654 et
2357 599 2485 670 ejus
2530 585 2798 657 Ecclesiae
2829 600 3283 659 communicatio
3315 619 3443 676 qua:
3495 602 3779 659 catholica

365 699 389 731 ι
420 677 790 735 vestimentis
830 677 1048 748 ovium,
1081 678 1440 737 intrinsecus
1479 686 1677 740 autem
1725 688 1865 742 sunt
1891 683 2017 757 lupi

364 790 388 820 ι
423 782 665 841 rapaces
695 766 900 838 (Matth.
943 770 1172 839 "1,15;
1220 791 1241 821 ι
1296 773 1354 827 et
1410 771 1625 829 iterum
1678 790 1691 829 :
1741 793 1765 825 ε
1798 771 2017 830 Omnes

361 877 389 911 σν
417 859 708 930 quotquot
732 862 1043 929 venerunt,
1067 859 1227 918 fures
1258 865 1399 917 sunt
1440 866 1499 935 et
1548 862 1803 919 latrones
1833 864 2012 934 (Joan.

354 964 410 1017 x,
434 945 523 1020 8);
552 970 575 998 ιι
611 946 768 1021 legat
796 946 1014 1005 librum
1059 949 1216 1005 beati
1248 940 1585 1023 Augustini,
1610 955 1812 1007 contra
1834 953 2014 1025 quin—

354 1055 470 1112 que
527 1038 781 1095 hereses
830 1038 1285 1111 pristituiatum;
1348 1041 1405 1095 id
1463 1044 1571 1112 est,
1624 1059 2010 1115 paganorum,

351 1129 721 1197 Judaaorum,
748 1128 1226 1197 Manichzeorum,
1261 1130 1748 1199 Sabellianorum,
1770 1131 2012 1186 Ariano-

353 1234 490 1275 rum
522 1235 536 1274 :
570 1221 629 1275 et
655 1217 954 1275 evidenter
977 1222 1257 1291 agnoscet
1285 1219 1520 1275 Judzeos
1550 1219 1732 1276 falsos
1760 1238 1889 1276 esse
1918 1222 2016 1277 do-

351 1313 569 1377 ctores,
599 1310 659 1363 et
684 1307 842 1366 inter
869 1311 1109 1363 caeteros
1158 1306 1459 1364 haereticos
1505 1309 1807 1380 deputari;
1838 1314 1895 1365 et
1927 1310 2013 1365 id-

350 1390 508 1458 circo
523 1399 586 1459 in
606 1397 775 1455 omni
791 1396 1084 1469 colloquio
1112 1401 1287 1469 atque
1308 1396 1597 1468 convictu,
1623 1414 1904 1455 consessu
1928 1394 2029 1455 vel

351 1478 970 1565 processuwel‘osculo
984 1488 1115 1560 (per
1138 1500 1267 1559 quae
1298 1486 1539 1559 plurimi
1562 1487 1648 1544 eis
1677 1488 2033 1560 adulantur)‘

350 1578 647 1654 tanquam
675 1573 981 1634 haereticos
1012 1590 1141 1632 esse
1173 1577 1490 1645 cavendos;
1520 1576 1637 1633 imo
1687 1581 1745 1633 et
1786 1578 2016 1651 peiores

349 1664 646 1729 hmreticis
675 1684 688 1725 :
716 1667 877 1725 sicut
890 1682 991 1723 eos
1019 1665 1278 1723 Ecclesia
1297 1665 1584 1739 catholica
1612 1681 1739 1723 esse
1762 1667 2013 1739 judicat,

352 1761 483 1834 quis
512 1757 573 1816 in
605 1748 827 1814 diebus
843 1754 1161 1813 Dominicis
1194 1755 1511 1828 passionis,
1530 1738 1667 1828 post
1688 1738 2013 1826 haereticos,

350 1855 413 1908 et
440 1844 871 1915 schismaticos,
896 1850 953 1902 et
983 1856 1163 1918 prope
1194 1859 1455 1917 paganos
1488 1861 1592 1917 pro
1618 1844 1702 1902 eis
1734 1849 1884 1916 orat,
1907 1846 2015 1902 hoc

351 1928 529 2025 modo
559 1940 829 2011 patenter
859 1934 1177 1992 ostendens
1208 1946 1307 1990 eos
1338 1937 1402 1989 et‘
1427 1935 1655 2007 pejores
1685 1950 1814 1991 esse
1843 1935 2018 1993 barre-
2046 1970 2095 2037 Β

350 2022 510 2096 tiois,
541 2031 607 2083 et
630 2024 926 2105 proximos
948 2022 1217 2097 paganis.
1240 2024 1389 2091 Quia
1409 2022 1680 2080 videlicet
1709 2026 2025 2105 proprium

351 2118 484 2195 esse
504 2102 1107 2181 solet'limreticorum,
1125 2113 1198 2170 de
1219 2104 1468 2171 Domine
1488 2113 1520 2171 J
1525 2128 1629 2170 esu
1655 2113 1885 2172 Christo
1910 2114 2013 2173 Dei

354 2200 501 2264 Filio
522 2200 965 2281 quedam‘vom,
981 2202 1251 2276 quaedam
1275 2201 1424 2258 falsa
1442 2202 1658 2260 sentire
1679 2220 1691 2259 :
1711 2204 2015 2277 proprium

353 2288 933 2362 a‘utemJuda‘eorum,
951 2293 1165 2346 cuneta
1193 2291 1264 2345 de
1292 2287 1392 2347 illo
1420 2290 1568 2348 falsa
1582 2293 1845 2362 credere;
1872 2294 2023 2350 dum

353 2379 523 2439 illum
545 2376 811 2437 et’Deum'
825 2378 987 2435 nullo
1010 2378 1184 2434 modo
1205 2394 1333 2435 esse
1355 2380 1621 2450 credunt,
1637 2386 1693 2438 et
1713 2382 2015 2439 hominem

351 2466 587 2529 tantum
619 2466 1227 2536 communis'naturce,
1251 2467 1311 2523 id
1341 2471 1451 2537 est,
1476 2483 1546 2524 ex
1565 2469 1688 2526 viro
1711 2473 1768 2525 et
1798 2470 2017 2527 femina

351 2556 727 2636 procreatum
747 2551 941 2614 adhuc
961 2556 1342 2629 suspicantur
1360 2560 1865 2625 venturum.Quod
1880 2576 2015 2616 vero

352 2666 541 2709 unum
562 2646 749 2707 Deum
770 2646 1132 2704 conditorem
1155 2645 1422 2703 omnium
1447 2646 1818 2717 confitentur,
1835 2649 2014 2706 etiam

349 2739 643 2809 idalorum
674 2736 931 2794 cultores
962 2751 1176 2809 negare
1210 2752 1326 2792 non
1358 2736 1568 2792 solent.

420 2820 489 2884 V.
524 2822 689 2885 Unde
718 2831 783 2884 et
802 2826 1080 2899 praefatus
1110 2824 1464 2881 venerabilis
1496 2825 1728 2895 Doctor,
1759 2826 1909 2883 libro
1942 2824 2023 2884 dc‘

348 2935 485 2977 vera
521 2915 803 2992 religione
833 2914 987 2988 (Cap.
1019 2912 1097 2987 5),
1130 2919 1383 2987 quatuor
1410 2915 1646 2971 ordines
1686 2917 2011 2974 errantium

348 3006 622 3066 ordinum
636 2998 994 3064 omnimodis
1010 3004 1297 3061 cavendos
1310 3004 1370 3061 in
1383 3003 1718 3062 Christiana
1735 3004 2012 3079 religione

342 3096 720 3159 commendat
746 3098 804 3154 et
835 3093 1111 3164 inculCat,
1145 3090 1348 3151 dicens
1383 3110 1397 3150 :
1430 3114 1453 3147 ι
1481 3093 1682 3167 Neque
1712 3093 1771 3149 in
1800 3095 2010 3152 confu-

340 3185 513 3245 sione
535 3190 923 3260 paganorum,
948 3198 1137 3256 neque
1167 3182 1227 3239 in
1271 3183 1678 3256 purgamentis
1709 3184 2008 3242 haeretico-

340 3291 501 3345 rum,
529 3278 731 3347 neque
750 3271 810 3328 in
840 3271 1124 3346 languore
1160 3272 1695 3342 schismaticorum,
1721 3273 2004 3346 nequo'jin

2125 690 2234 755 est,
2267 690 2325 743 et
2354 688 2640 745 catholica
2678 690 3019 748 nominatur
3062 708 3180 747 non
3230 691 3421 748 solum
3452 709 3486 748 a
3512 691 3658 762 suis,
3690 709 3780 749 ve-

2125 790 2258 830 rum
2289 776 2468 832 etiam
2499 778 2571 834 ab
2604 778 2880 836 omnibus
2912 780 3190 837 inimicis.

2195 864 2290 920 VI.
2323 866 2501 922 Juxta
2538 867 2661 925 haec
2690 869 2865 925 verba
2914 870 3100 926 sancti
3151 870 3412 927 Doctoris
3461 875 3518 926 et
3567 870 3775 937 Patris,

2124 955 2473 1027 repudiandi
2504 962 2645 1014 sunt
2675 958 2769 1013 isti
2802 975 3007 1015 omnes
3030 960 3112 1032 (in
3140 961 3378 1032 quibus,
3402 965 3460 1016 et
3488 977 3623 1016 cum
3654 960 3781 1032 qui-

2125 1043 2237 1099 bus
2258 1045 2434 1101 etiam
2455 1047 2695 1117 Judaei);
2728 1052 2785 1103 et
2814 1049 2896 1104 ita
2926 1050 3336 1105 tantummodo
3368 1049 3586 1105 eisdem
3620 1053 3781 1103 uten-

2125 1132 2267 1187 dum
2300 1138 2389 1188 est
2418 1133 2687 1191 Ecclesiae
2718 1136 2842 1205 Dei,
2867 1140 2932 1192 ut
2959 1135 3089 1208 ipsa
3133 1136 3421 1208 proﬁciat,
3443 1139 3508 1191 ut
3538 1135 3619 1190 illi
3651 1152 3777 1191 cor-

2124 1220 2412 1293 rigantur,
2437 1227 2502 1278 ut
2547 1242 2617 1279 ex
2654 1241 2857 1281 eorum
2906 1226 3339 1297 comparatione
3387 1224 3777 1298 pulchrescat,

2124 1326 2240 1365 non
2271 1326 2339 1365 ex
2369 1328 2572 1368 eorum
2593 1314 2772 1385 (quod
2797 1313 2973 1384 absit)
2996 1314 3441 1387 participatione
3458 1314 3778 1370 sordescat.

2125 1396 2433 1471 Tanquam
2453 1401 2651 1457 hostes
2683 1402 2840 1457 enim
2864 1402 2987 1473 Dei,
3013 1408 3069 1457 et
3095 1403 3321 1459 inimici
3353 1403 3545 1460 crucis
3565 1402 3780 1458 Christi

2124 1487 2344 1543 vitandi
2367 1491 2604 1558 sunt,de
2622 1490 2837 1563 quibus
2855 1491 2979 1563 ipse
3001 1492 3289 1547 Dominus
3310 1492 3579 1548 Christus
3602 1490 3780 1547 dicit:

2131 1577 2298 1643 «'Qui
2329 1594 2445 1635 non
2475 1583 2565 1634 est
2614 1595 2870 1651 mecum,
2904 1584 3117 1636 contra
3138 1596 3231 1636 me
3279 1586 3369 1638 est
3398 1598 3412 1636 :
3445 1585 3503 1636 et
3533 1578 3797 1654 qui‘netf

2132 1666 2410 1740 (colligit
2447 1685 2678 1725 mecum
2719 1668 3003 1743 dispergit
3023 1671 3175 1739 (Luc.
3202 1686 3260 1740 ιι,
3283 1671 3396 1740 23).
3426 1673 3665 1737 rQuam
3698 1673 3799 1726 at-"

2124 1758 2281 1812 t'ente
2302 1763 2499 1813 autem
2522 1758 2768 1815 istorum
2793 1758 3086 1815 consortia
3112 1758 3393 1832 fugienda
3413 1759 3552 1827 sint,
3574 1759 3799 1815 beatus

2125 1845 2381 1902 JOannes
2415 1846 2737 1918 apostolus,
2773 1864 2889 1903 non
2916 1847 3108 1903 solum
3137 1847 3453 1918 verbis‘(ut
3479 1860 3660 1920 snpra
3689 1860 3784 1920 po-

2126 1934 2400 2003 suimus),
2425 1937 2524 1991 sed
2558 1936 2739 1991 etiam
2768 1935 3051 2006 exemplis
3080 1935 3314 1991 edocuit
3346 1951 3358 1991 :
3393 1933 3553 1991 sicut
3578 1935 3801 1992 beatus

2135 2019 2388 2082 [reximus
2409 2024 2665 2080 ecclesias
2694 2023 3107 2097 Lugdunensis
3129 2024 3580 2097 antiquissimus
3599 2025 3797 2098 pontis

2126 2114 2237 2183 fex,
2262 2119 2320 2171 et
2357 2106 2577 2188 Martyr
2612 2113 2924 2186 gloriosns,
2959 2114 3019 2170 in
3059 2108 3224 2169 libris
3257 2113 3402 2182 suis,
3437 2114 3507 2170 de
3538 2130 3600 2170 se
3628 2112 3795 2187 ipso,

2125 2206 2183 2260 et
2211 2204 2283 2259 de
2311 2205 2481 2259 beato
2511 2203 2827 2276 Polycarpo
2851 2202 3142 2275 discipulo
3181 2204 3323 2274 ejus‘
3349 2202 3554 2259 scribit
3574 2203 3690 2259 Lib.
3724 2220 3799 2259 ur

2124 2293 2248 2350 adv.
2280 2293 2444 2363 h.'er.,
2469 2308 2520 2347 c.
2543 2294 2620 2362 3),
2644 2291 2885 2348 dicens:
2910 2292 3264 2365 Polycarpns
3302 2292 3403 2364 qui
3445 2302 3560 2348 non
3589 2291 3793 2348 solum

2126 2383 2198 2439 ab
2230 2380 2511 2455 apostolis
2544 2380 2809 2437 eruditus
2852 2386 2962 2449 est;
2994 2384 3051 2438 et
3081 2385 3475 2438 conversatus
3505 2390 3638 2437 cum
3687 2381 3789 2437 his

2126 2470 2228 2543 qui
2262 2471 2579 2526 Dominum
2609 2470 2897 2541 viderant,
2921 2472 3020 2527 sed
3045 2474 3102 2527 et
3122 2471 3194 2526 ab
3225 2468 3373 2543 ipsis
3400 2470 3677 2543 apostolis
3696 2484 3797 2525 οτι-λ

2125 2558 2364 2617 dinatus
2386 2564 2475 2616 est
2496 2561 2932 2633 Smyrnzeorum
2954 2558 3211 2616 ecclesia:
3233 2560 3542 2633 episcopus
3566 2575 3579 2616 :
3606 2572 3791 2633 quem.
3828 2610 3833 2615 .

2126 2658 2233 2707 nos
2265 2666 2497 2723 quoque
2528 2650 2587 2705 in
2618 2649 2809 2723 prima
2835 2654 3001 2706 mtate
3032 2654 3235 2706 nostra
3260 2649 3523 2705 vidimus
3547 2649 3669 2718 (diu
3700 2653 3783 2705 et-

2124 2739 2282 2795 enim
2306 2740 2650 2813 permansit,
2664 2739 2723 2794 in
2745 2738 2865 2795 vita
2883 2743 2942 2795 et
2963 2738 3222 2811 longaeva
3243 2741 3409 2794 aetate
3428 2732 3797 2811 perdurans)‘

2124 2827 2339 2885 nobilis
2366 2828 2634 2901 vivendo,
2667 2828 2770 2885 sed
2809 2831 2866 2885 et
2906 2828 3210 2883 moriendo
3243 2827 3496 2884 nobilior
3520 2820 3777 2896 exstitit;

2123 2920 2339 2992 quippe
2361 2918 2461 2992 qui
2479 2918 2659 2975 vitam
2683 2917 2961 2992 martyrio
2983 2917 3338 2974 terminavit.
3357 2917 3426 2973 Et
3441 2921 3579 2973 sunt
3598 2916 3777 2972 etiam

2121 3016 2280 3083 nunc
2311 3008 2411 3079 qui
2443 3005 2758 3064 audierunt
2786 3006 2858 3062 ab
2890 3006 3040 3078 ipso,
3061 3006 3217 3077 quod
3238 3005 3496 3062 Joannes
3524 3002 3780 3075 discipu-

2118 3097 2213 3154 lus
2245 3096 2688 3169 Domini,.apud
2728 3094 3027 3168 Ephesum
3072 3110 3207 3150 cum
3257 3093 3513 3150 balneas
3544 3088 3789 3148 lavandi-

2119 3186 2308 3260 gratia
2337 3186 2545 3243 fuisset
2574 3185 2898 3259 ingressus,
2923 3187 2980 3240 et
3007 3183 3255 3240 vidisset
3285 3182 3363 3239 ibi
3395 3176 3769 3250 Cerinthum;

2118 3275 2452 3332 eXsiluisset
2499 3273 2798 3340 continuo,
2829 3277 2885 3329 et
2915 3273 3285 3330 discessisset
3315 3284 3431 3328 non
3477 3270 3655 3339 lctus,
3676 3270 3770 3325 di-

338 3341 974 3427 cacitate'Judaaeruni
992 3362 1305 3433 qumrenda
1336 3360 1538 3434 religio
1565 3341 1688 3430 est;
1712 3341 2002 3437 sed—apud
2033 3341 2079 3412 (ἶ
2117 3378 2254 3419 cens
2280 3378 2294 3418 :
2320 3362 2640 3435 Fugiamus
2672 3362 2831 3429 hinc,
2854 3377 2928 3418 ne
2959 3365 3015 3418 et
3046 3359 3266 3417 balneae
3299 3360 3441 3433 ipsas
3470 3362 3783 3427 corruant,

339 3469 439 3519 eos
484 3449 663 3520 soles,
696 3450 799 3524 qui
842 3448 1183 3520 Christiani,
1218 3448 1510 3519 catholici,
1546 3451 1851 3508 orthodoxi
1900 3470 2003 3509 ne-

338 3534 674 3610 minantur;
736 3536 811 3596 i'd'
847 3542 957 3607 est,
992 3534 1351 3612 integritatis
1411 3540 1798 3609 custodes,,et
1846 3540 2003 3598 recta

337 3622 657 3690 sectantes.
684 3650 706 3682 ι
745 3624 856 3685 Ubi
898 3626 1079 3685 etiam
1124 3626 1463 3697 ostendens,
1494 3631 1551 3684 et
1579 3629 1795 3686 docens
1844 3630 2002 3702 quod

337 3712 720 3792 hisquntiaor
749 3714 1066 3790 generibus
1109 3713 1419 3771 hominum
1468 3720 1591 3771 tam
1623 3719 1791 3772 caute
1823 3721 1880 3772 et
1907 3717 2002 3791 pie

338 3802 649 3867 utendum,
678 3800 758 3863 sit
803 3802 1073 3862 Ecclesim
1119 3803 1244 3873 Dei;
1278 3808 1344 3860 ut
1391 3822 1460 3860 ex
1501 3805 1594 3861 his
1643 3822 1760 3861 non
1806 3806 1999 3863 solum

333 3902 453 3957 nou
501 3892 874 3970 depravatur,
910 3894 1014 3951 sed
1062 3894 1242 3950 etiam
1288 3895 1575 3967 proficiat,
1608 3898 1665 3951 et
1714 3895 2002 3952 enitescat

334 3976 396 4043 ίὶι
427 3980 662 4054 melius,
709 3976 1277 4059 subiungimdicen’s
1310 3982 1460 4056 (Cap.
1491 3985 1587 4053 6):
1618 4006 1639 4034 σι
1665 3984 1798 4040 Haec
1840 3985 1999 4041 enim

332 4062 596 4135 Ecclesia
622 4066 726 4132 Dei
757 4070 1066 4141 catholica,
1090 4088 1197 4145 per
1212 4074 1402 4128 totum
1426 4073 1628 4129 orbem
1650 4072 1840 4130 valide
1862 4073 2000 4131 late;

332 4156 448 4241 que
478 4152 714 4233 diil‘usa,
736 4160 1013 4219 omnibus
1059 4160 1394 4219 errantibus
1443 4161 1631 4218 utitur
1679 4163 1752 4218 ad
1801 4180 2001 4235 proved

332 4244 469 4309 dtus
495 4244 739 4321 suos,et
768 4246 1075 4307 ad‘eerum
1104 4248 1523 4306 correctionem
1555 4267 1690 4307 cum
1722 4252 1998 4326 evigilare

329 4326 1022 4415 voluerintUtiturenim
1043 4338 1320 4413 gentibus
1350 4340 1427 4395 ad
1458 4339 1767 4397 materiam
1800 4358 1998 4413 opera-

328 4420 522 4487 tionis
535 4437 676 4497 Sum,
700 4424 991 4486 hereticis
1014 4428 1086 4483 ad
1115 4425 1522 4501 probationem
1549 4428 1826 4486 dectrina:
1849 4448 1992 4499 sum,

324 4514 724 4579 schismaticis
753 4517 827 4575 ad
864 4514 1285 4574 documentum
1318 4517 1683 4574 stabilitatis.
1708 4536 1850 4588 sum,
1883 4519 1994 4576 Juz-

323 4602 466 4665 daais
498 4604 591 4665 ad’
614 4605 1117 4680 comparationem
1163 4606 1627 4680 pulchritudinis
1659 4625 1798 4663 sum.
1832 4607 1993 4664 Alias

2115 3450 2175 3505 in
2206 3450 2425 3521 quibus
2456 3449 2769 3506 Corinthus
2800 3448 2955 3506 lavat
2983 3448 3245 3506 veritatis
3277 3448 3573 3505 inimicus.
3610 3448 3784 3504 Idem‘

2113 3540 2295 3597 etiam”
2317 3538 2668 3613 Polycarpus
2696 3539 2976 3595 Marcioni
3001 3537 3319 3611 aliquando
3336 3554 3471 3594 cum
3486 3537 3768 3594 occurris‘

2114 3632 2223 3699 set,
2247 3628 2462 3684 dicenti
2486 3628 2597 3685 sibi
2623 3646 2637 3684 :
2661 3629 2947 3701 Agnoscis
2968 3644 3097 3696 nos,
3122 3627 3458 3701 respondit:
3481 3627 3766 3699 Agnosco,

2114 3732 2366 3791 agnosco
2388 3718 2846 3791 primogenitum
2869 3718 3317 3774 Satanaa.’l‘anta
3335 3721 3475 3772 tunc
3498 3710 3781 3790 apostoli,

2112 3812 2291 3880 atque
2318 3818 2521 3863 eorum
2553 3805 2829 3880 discipuli
2862 3807 2923 3862 in
2954 3805 3235 3879 religione
3266 3796 3493 3861 cautela
3520 3805 3765 3860 uteban-

2110 3902 2227 3965 tur,
2251 3901 2317 3953 ut
2348 3914 2420 3952 ne
2451 3896 2609 3953 verbi
2634 3896 2875 3968 quidem
2900 3895 3376 3952 communionem
3404 3906 3537 3950 cum
3568 3892 3771 3966 aliquo

2109 4002 2334 4057 eorum,
2363 3985 2464 4058 qui
2498 4002 2532 4043 a
2556 3986 2798 4042 veritate
2827 3985 3215 4042 deviaverant.
3250 3984 3464 4041 habere
3494 3986 3765 4056 pateren-

2108 4079 2224 4132 tur.
2782 4122 2787 4127 .

2177 4165 2261 4220 Ad
2295 4164 2417 4220 haec
2449 4165 2496 4220 si
2530 4163 2922 4236 forte'aliquis
2952 4163 3113 4232 dicit,
3146 4162 3488 4219 Corinthum
3527 4161 3764 4218 hzereti-

2108 4270 2245 4310 cum
2278 4253 2480 4322 fuisse,
2516 4266 2633 4309 non
2664 4253 2960 4321 Judaeum,
2984 4252 3210 4308 noverit
3239 4250 3603 4323 temporibus
3633 4262 3767 4321 apo-

2107 4344 2395 4400 stolorum
2426 4358 2542 4398 non
2566 4342 2747 4397 fuisse
2777 4340 3083 4397 haereticos
3106 4341 3220 4397 nisi
3243 4356 3312 4396 ex
3330 4339 3548 4397 Judaeis
3571 4354 3641 4394 ac
3669 4339 3766 4395 Sa-

2107 4432 2436 4501 maritanis,
2457 4431 2611 4487 sicut
2638 4432 2876 4487 fuerunt
2895 4431 3099 4487 Simon
3129 4434 3188 4485 et
3216 4418 3551 4495 Menander,
3578 4428 3779 4498 Ebion;

2105 4526 2163 4577 et
2187 4520 2482 4577 Nicolaus.
2507 4520 2618 4577 Sed
2639 4523 2697 4575 et
2717 4535 2785 4575 ex
2815 4520 3116 4576 erroribus
3147 4518 3469 4593 supradicti
3500 4515 3763 4573 Corinthi

2105 4615 2419 4684 cognoscat
2440 4611 2596 4683 quod
2630 4609 2829 4666 omnia
2851 4609 2972 4667 sint
2998 4608 3247 4665 Judaica
3278 4625 3405 4681 qua:
3437 4607 3767 4663 astruebat.‘

321 4690 711 4785 ergoiavitat,
735 4694 883 4785 alios
912 4695 1197 4785 excludit;
1223 4696 1370 4752 alios
1392 4695 1692 4785 relinquit,
1718 4696 1865 4754 alios
1886 4715 1989 4754 an-
2019 4714 2070 4785 υ
2105 4699 2462 4755 Prmdicabat
2481 4698 2796 4754 Dominum
2818 4701 3087 4754 nostrum
3108 4697 3315 4753 Jesum
3338 4694 3637 4785 Christum

321 4780 567 4855 tecedit;
598 4784 875 4842 omnibus
921 4782 1120 4841 tamen
1167 4785 1367 4859 gratim
1414 4784 1515 4840 Dei
1564 4785 1984 4858 participanda)

323 4873 427 4932 dat
454 4870 847 4948 potéstistem:
884 4873 1005 4931 sive
1036 4874 1121 4929 illi
1152 4873 1445 4929 formandi
1477 4873 1597 4931 sint
1627 4875 1841 4945 adhuc,
1866 4876 1987 4934 sive

324 4960 704 5033 reformandi,
759 4962 883 5020 sive
930 4962 1329 5035 recolligendi,
1382 4963 1502 5019 sive
1551 4963 1920 5020 admittendi.
1960 4989 1981 5017 ι

323 5051 396 5109 Et
423 5048 891 5125 post'aliquanta
919 5050 1134 5107 iterum
1176 5051 1318 5107 dicit
1348 5055 1502 5124 (Cap.
1525 5053 1611 5124 7):
1642 5053 1986 5125 Repudiatis

323 5138 509 5215 igitur
535 5139 814 5198 omnibus
836 5139 937 5212 qui
969 5157 1156 5212 neque
1179 5141 1237 5195 in
1260 5142 1446 5197 sacris
1470 5140 1985 5214 philosophantur,

323 5230 531 5303 neque.
555 5230 614 5286 in
665 5228 1041 5304 philosophia
1070 5234 1520 5298 consecrantur;
1555 5233 1611 5284 et
1639 5230 1732 5285 his
1764 5232 1865 5303 qui
1897 5233 1985 5288 vel

322 5334 502 5391 prava
531 5317 826 5392 opinione,
858 5318 946 5376 vel
991 5318 1190 5392 aliqua
1220 5317 1525 5375 simultate
1555 5320 1980 5391 superbientes,

322 5424 358 5463 a
383 5406 587 5481 regula
616 5412 673 5465 et
703 5408 1121 5465 communione
1160 5408 1428 5465 Ecclesiae
1462 5406 1761 5464 catholica:
1789 5410 1981 5467 devia-

321 5488 491 5566 runt;
523 5497 839 5571 abhis-qui
885 5508 1129 5554 snarum
1181 5498 1619 5571 Scripturarum
1670 5497 1890 5568 lumen,
1925 5506 1985 5557 et

2100 4805 2229 4844 rum
2249 4788 2433 4845 fuisse
2450 4787 2887 4855 hominem,nec
2905 4785 3295 4842 resurrexissc
3311 4803 3325 4854 ;
3344 4787 3402 4840 et
3416 4780 3761 4838 circumcidi

2098 4895 2271 4934 carne
2315 4881 2599 4950 oportere.
2627 4876 2763 4932 Post
2794 4875 3311 4941 resurrectionem,
3339 4878 3638 4928 terrenum
3670 4871 3755 4925 di-

2098 4968 2265 5024 cebat
2296 4967 2561 5022 futurum
2595 4981 2724 5021 esse
2758 4978 3011 5038 regnum
3038 4964 3255 5021 Christi
3284 4964 3345 5017 in
3380 4959 3706 5018 Jerusalem
3738 4976 3752 5014 :

2096 5063 2154 5113 et
2183 5057 2453 5113 homines
2478 5056 2535 5110 in
2568 5072 2741 5111 carne
2766 5055 2983 5111 iterum
3006 5049 3501 5126 concupiscentiis
3522 5053 3581 5104 et
3598 5048 3755 5104 vitiis

2096 5147 2424 5218 subjectum
2456 5144 2960 5200 conversationem
2994 5142 3325 5208 habituros,
3346 5142 3403 5195 et
3426 5136 3645 5210 legales
3677 5136 3751 5190 fe-

2095 5234 2387 5291 stivitates
2419 5249 2655 5289 rursum
2690 5232 3093 5301 celebrandas,
3124 5234 3181 5286 et
3228 5229 3451 5285 hostias
3491 5223 3752 5282 carnales

2096 5326 2306 5379 iterum
2331 5322 2718 5396 jugulandas.

2165 5413 2487 5478 VlI.Quam
2510 5411 2735 5483 polluta
2775 5410 2851 5465 sit
2892 5410 3013 5465 haec
3057 5409 3316 5481 pessima
3354 5406 3673 5480 generatio,
3697 5406 3751 5458 et

2094 5519 2270 5575 quam
2306 5518 2435 5557 vere
2463 5500 2667 5557 eil’ecta
2693 5516 2991 5572 synagoga
3013 5501 3264 5567 Satanae,
3288 5498 3467 5553 etiam
3491 5495 3752 5551 in'Evan-

322 5584 607 5657 spiritalis
619 5586 820 5661 po‘puli
834 5586 1273 5660 gratiam,quod
1290 5588 1516 5644 Novum
1533 5587 1979 5646 Testamentum
2090 5591 2241 5665 gelio
2273 5590 2558 5648 Dominus
2590 5589 2868 5654 ostendit,
2891 5589 3133 5645 dicens:
3167 5607 3189 5637 ε
3214 5587 3360 5643 Cum
3409 5583 3753 5640 immundus

318 5672 585 5741 vocatur,
606 5668 819 5731 habere
842 5674 1178 5744 noluerunt,
1195 5692 1341 5747 quos
1364 5681 1586 5747 quanta
1600 5678 1769 5749 potui
1792 5678 1979 5735 brevi-

324 5759 446 5815 tate
472 5760 813 5832 constrinxi,
846 5762 1100 5822 tenenda
1140 5768 1231 5821 est
1278 5763 1447 5822 nobis
1476 5764 1810 5825 Christiana
1840 5769 1978 5825 reli-

2096 5701 2119 5731 «
2154 5681 2399 5753 spiritus
2416 5679 2619 5736 exierit
2641 5680 2712 5734 ab
2731 5678 2991 5749 homine,
3007 5677 3273 5735 ambulat
3292 5692 3396 5749 per
3416 5672 3545 5731 leca
3564 5673 3749 5742 arida,

2094 5797 2115 5824 ι
2154 5788 2419 5846 quaerens
2450 5769 2735 5842 requiem,
2762 5773 2954 5833 etnon
2985 5768 3235 5838 invenit;
3262 5771 3402 5826 tunc
3423 5765 3570 5823 dicit
3594 5781 3608 5821 :
3636 5763 3748 5821 Re-
