3900 6376
106 409 234 498 ω

119 562 144 592 ι
168 547 368 603 .vertar
393 541 451 598 in
482 542 727 603 domum
759 558 951 600 meam
996 542 1153 600 unde
1191 540 1337 599 exivi
1374 559 1387 598 :
1421 546 1477 599 et
1505 542 1768 610 veniens,

117 656 138 695 ᾳ
176 633 397 689 invenit
452 637 780 702 vacantem,
834 633 1028 706 scepis
1080 634 1448 701 mandatam,
1494 636 1550 689 et
1598 649 1768 688 orna-

117 745 138 775 ι
173 727 318 784 tam.
352 724 517 789 Tunc
565 723 745 793 vadit,
779 727 835 779 et
873 722 1127 779 assumit
1172 727 1398 795 septem
1449 721 1597 777 alios
1644 721 1770 793 spi-

110 834 142 889 ει
173 813 326 870 ritus
368 830 598 881 secum,
631 813 943 885 nequiores
984 829 1046 868 se
1082 829 1093 868 :
1129 815 1186 867 et
1217 811 1465 884 ingressi
1500 810 1772 866 habitant

117 922 139 951 ι
172 902 251 958 ibi
286 920 299 959 :
333 907 391 961 et
409 903 561 957 fiunt
581 902 903 959 novissima
932 902 1190 957 hominis
1211 901 1373 957 illius
1394 901 1592 973 pejora
1622 899 1773 973 prio-

112 1014 137 1061 ιι
175 993 341 1047 ribus
363 993 515 1064 (Luc.
546 1010 621 1059 ιι,
644 994 738 1059 24,
760 993 850 1059 25,
873 993 986 1058 26).
1008 1009 1037 1043 ι
1066 992 1161 1046 Sic
1194 992 1292 1046 fiet
1321 995 1378 1046 et
1406 988 1769 1062 generationi

111 1082 246 1137 huic
268 1081 701 1156 pessimaeQuaa
714 1082 890 1137 verba
905 1080 1136 1137 Domini
1157 1080 1364 1135 beatus
1382 1079 1769 1151 Hieronymus

112 1171 454 1245 explanans,
485 1171 569 1227 ita
602 1171 746 1226 dicit
778 1187 791 1226 :
824 1193 844 1220 α
871 1170 1224 1226 Immundas
1256 1168 1500 1241 spiritus
1531 1166 1708 1223 exivit
1736 1184 1771 1223 a

108 1261 343 1329 Judazis,
360 1261 597 1335 quando
621 1264 973 1333 acceperunt
993 1259 1181 1332 legem
1207 1276 1220 1314 :
1246 1262 1304 1314 et
1324 1256 1648 1313 ambulavit
1668 1273 1771 1328 per

106 1350 237 1425 loca
262 1350 450 1419 arida,
475 1365 742 1423 quaarens
764 1348 876 1405 sibi
905 1348 1190 1420 requiem.
1210 1371 1231 1401 ι
1262 1346 1554 1419 Expulsus
1573 1344 1771 1400 videli-

110 1445 200 1497 cet
236 1458 273 1496 a
309 1440 553 1508 Judaeis,
589 1438 913 1495 ambulavit
942 1455 1045 1511 per
1070 1436 1335 1511 gentium
1378 1434 1765 1501 solitudines:

110 1546 234 1603 quae
256 1545 394 1587 cum
414 1532 618 1602 postea
635 1528 883 1585 Domino
905 1526 1425 1595 credidissent,ille
1442 1542 1558 1581 non
1578 1524 1773 1579 inven-

111 1623 163 1676 to
199 1618 330 1675 loco
376 1618 436 1673 in
478 1618 836 1687 nationibus,
862 1617 1009 1677 dixit
1041 1633 1054 1673 :
1100 1617 1375 1677 Revertar
1410 1615 1483 1670 ad
1526 1615 1769 1675 domum

110 1724 299 1776 meam
328 1708 640 1780 pristinam
684 1708 839 1765 unde
880 1707 1026 1767 exivi
1054 1725 1066 1764 :
1093 1706 1320 1763 habebo
1359 1705 1595 1765 Judmos
1621 1720 1771 1776 quos

110 1801 240 1865 ante
270 1797 637 1854 dimiseram.
662 1798 734 1853 Et
761 1797 1003 1853 veniens
1034 1795 1255 1853 invenit
1284 1795 1528 1850 domum
1557 1808 1767 1848 vacan-

109 1891 247 1957 tem,
272 1887 470 1960 scopis
500 1887 868 1942 mandatam.
890 1885 1153 1943 Vacabat
1180 1884 1339 1939 enim
1360 1882 1648 1954 templum
1670 1881 1768 1936 Ju-
1796 1914 1846 1997 Β

117 1978 185 1997 λα
205 1994 361 1997 ,η-,..-
422 1980 467 1997 ΑΔ
494 1976 785 1997 n1._,:_1_____
818 1975 1105 1997 1....-ἐι...Δ
1133 1991 1244 1997 _-_
1272 1973 1521 1997 L-‘L_L-t
1572 1969 1733 1997 Δειυιι..

109 1978 394 2045 daaorum,
417 1980 473 2032 et
493 1976 792 2033 Christum
818 1975 1111 2048 hospitem
1133 1991 1250 2029 non
1272 1973 1544 2039 habebat,
1569 1969 1768 2030 dicen-

110 2069 226 2121 tem
252 2083 302 2121 ει
327 2066 583 2139 Surgite,
607 2081 813 2121 eamus
834 2062 971 2119 hinc
994 2065 1169 2133 (Joan.
1191 2079 1305 2131 xuv,
1324 2063 1468 2133 31).»
1484 2062 1555 2119 Et
1574 2060 1634 2115 in
1655 2059 1769 2121 alio

104 2153 230 2213 loco
256 2172 270 2210 :
304 2173 327 2202 ι
352 2152 693 2209 Dimittetur
720 2152 884 2210 vobis
904 2153 1117 2209 domus
1145 2155 1341 2209 vestra
1360 2151 1593 2206 deserta
1612 2149 1765 2220 (Luc.

110 2265 135 2307 ρ
166 2261 285 2300 xm.
311 2242 424 2315 35).
456 2266 476 2293 ιι
505 2242 653 2309 Quia
683 2242 863 2315 igitur
898 2247 957 2298 et
1000 2241 1123 2310 Dei,
1158 2245 1215 2297 et
1243 2239 1586 2313 angelorum
1617 2255 1767 2311 pra:-

108 2332 254 2389 sidia
285 2349 403 2387 non
437 2332 756 2400 habebant,
783 2335 842 2387 et
869 2331 1059 2388 ornati
1104 2333 1271 2386 erant
1316 2327 1633 2401 superﬂuis
1663 2327 1765 2383 0b-

108 2420 540 2479 servationibus
599 2420 775 2494 legis,
835 2424 893 2477 et
956 2419 1374 2476 traditionibus
1444 2415 1766 2473 Pharisaeo-

106 2526 233 2565 rum
269 2528 282 2566 :
321 2508 632 2565 revertitur
679 2509 953 2566 diabolus
983 2510 1056 2565 ad
1100 2509 1301 2567 sedem
1350 2523 1519 2564 suam
1566 2505 1765 2579 pristi-

110 2615 264 2666 nam,
298 2602 359 2654 et
389 2599 723 2672 septenario
764 2598 876 2655 sibi
919 2615 1163 2655 numero
1195 2598 1535 2653 dmmonum
1566 2596 1765 2652 addito

102 2687 335 2744 habitat
362 2688 675 2761 pristinam
707 2689 972 2757 domum,
1001 2692 1060 2743 et
1084 2689 1234 2744 fiunt
1255 2685 1573 2743 novissima
1604 2684 1766 2739 illius

114 2777 308 2849 pejora
333 2776 653 2849 prioribus.
686 2776 870 2833 Multo
892 2777 1051 2833 enim
1101 2793 1257 2831 nunc
1308 2774 1516 2846 majori
1549 2774 1764 2829 daemo-

116 2881 251 2922 num
284 2882 531 2922 numero
561 2866 959 2939 possidentur,
992 2866 1468 2937 blasphemantes
1520 2864 1580 2918 in
1629 2880 1763 2935 syn-

118 2954 310 3027 agogis
334 2954 462 3011 suis
483 2955 781 3011 Christum
812 2956 1041 3022 Jesum,
1064 2971 1243 3026 quam
1276 2954 1335 3011 in
1368 2954 1607 3025 [Egypto
1639 2968 1768 3023 pos-

117 3042 253 3101 sessi
289 3043 524 3112 fuerant
555 3047 687 3099 ante
726 3043 875 3115 legis
914 3043 1204 3101 notitiam.
1234 3065 1255 3091 ι
1293 3041 1373 3099 De
1402 3040 1531 3095 istis
1561 3054 1763 3094 eorum

114 3129 513 3205 blasphemiis,
549 3150 664 3188 non
696 3132 888 3188 solum
928 3133 989 3188 in
1018 3132 1334 3188 Dominum
1365 3130 1566 3186 Jesum
1600 3127 1764 3182 Chri-

114 3222 282 3289 stum,
302 3222 413 3276 sed
437 3224 496 3275 et
519 3220 578 3276 in
615 3221 933 3277 Ecclesiam
965 3221 1114 3293 ejus,
1143 3221 1298 3277 idem
1340 3220 1542 3275 doctor
1570 3218 1629 3277 in
1662 3233 1763 3273 ex-

110 3281 442 3386 planatione
464 3312 644 3366 Amos
675 3281 1152 3384 prophetaa,ucum
1184 3310 1286 3366 illa
1316 3310 1492 3371 verba
1520 3323 1765 3381 expc-ne-

116 3399 196 3464 ret
216 3415 265 3453 ει
289 3400 359 3459 Et
379 3400 641 3467 tenuerit
662 3399 818 3456 ultra
838 3400 1093 3461 furorem
1118 3404 1315 3468 suum,
1340 3403 1397 3455 et
1417 3395 1770 3471 indignatio-

119 3504 147 3553 ις
176 3504 306 3545 nem
326 3506 500 3549 suam
524 3489 839 3545 servaverit
862 3505 1048 3561 usque
1072 3490 1131 3544 iu
1153 3490 1329 3545 finem
1350 3488 1549 3562 (Amos.
1584 3503 1623 3557 ι,
1646 3487 1758 3555 2),-

115 3577 192 3637 ita
205 3580 310 3641 ait:
325 3600 347 3627 ι
359 3577 809 3651 Antiquamque
828 3579 1085 3635 furorem
1104 3582 1162 3634 et
1177 3578 1545 3634 iracundiam
1564 3582 1765 3634 tenen-

116 3671 195 3743 tes
217 3686 405 3742 usque
421 3667 595 3724 hodie
615 3667 673 3723 in
694 3667 1010 3741 synagogis
1030 3667 1176 3734 suis,
1198 3667 1309 3723 sub
1328 3667 1565 3723 nomine
1588 3668 1762 3725 Naza-

117 3774 377 3823 rcnorum
398 3756 817 3829 blasphemant
839 3756 1125 3831 populum
1142 3755 1597 3815 Christianum.»
1619 3757 1760 3814 Item

120 3849 261 3920 apud
286 3848 560 3909 eumdem
586 3846 935 3920 prophetam
952 3862 1247 3919 exponens
1268 3844 1369 3904 illa
1388 3846 1621 3905 Domini
1642 3863 1763 3902 ver-

114 3934 204 4005 ba,
235 3937 454 4010 quibus
479 3934 739 4010 psalmos
761 3939 819 3990 et
847 3935 1095 4005 cantica,
1112 3951 1239 4007 quis
1260 3934 1535 3991 videntur
1553 3952 1760 3993 canere

121 4022 173 4081 in
199 4016 508 4100 synagogis
540 4026 765 4081 Satanae
799 4025 1092 4098 reprobat,
1113 4024 1315 4082 dicens
1339 4042 1385 4080 ε·
1410 4025 1589 4083 Aufer
1610 4042 1644 4080 a
1666 4040 1760 4080 me

120 4134 144 4177 ιε
175 4116 489 4181 tumultum
512 4115 843 4171 carminum
866 4118 1123 4183 tuorum,
1148 4119 1205 4170 et
1226 4114 1454 4171 cantica
1478 4112 1614 4186 lyrae
1646 4117 1758 4169 tute

120 4221 147 4259 1
177 4220 285 4261 non
316 4205 556 4263 audiam
588 4207 784 4274 (Amos
814 4222 868 4271 v,
896 4203 1019 4276 23);
1048 4225 1070 4253 ι
1096 4203 1375 4276 praefatus
1403 4203 1604 4260 doctor
1630 4218 1762 4258 con-

117 4290 359 4366 jungens
400 4311 503 4350 eos
550 4293 859 4361 haereticis,
896 4294 981 4349 sic
1028 4292 1291 4365 loquitur
1321 4309 1334 4347 :
1364 4315 1384 4341 α
1420 4292 1759 4349 ἂυᾶωοτυῐῐι

125 4394 340 4461 quoque
385 4382 727 4457 traditie,et
773 4381 987 4455 psalmi
1018 4398 1167 4456 quos
1211 4382 1272 4436 in
1322 4380 1635 4455 synagogis
1664 4397 1759 4445 ca-

124 4474 282 4539 nunt,
303 4476 359 4530 et
377 4472 791 4531 bzereticorum
814 4470 1140 4544 composita
1159 4469 1441 4536 laudatio,
1466 4469 1759 4539 tumultus

122 4561 207 4639 est
247 4559 512 4630 Domino,
544 4565 603 4616 et
629 4562 721 4632 (ut
767 4560 849 4617 ita
896 4560 1113 4631 dicam)
1158 4560 1477 4634 grunnitus
1524 4561 1670 4630 suis,
1704 4565 1761 4617 et

129 4642 330 4709 Clamor
356 4648 680 4706 asinorum.
705 4671 726 4698 ι

189 4732 329 4797 VIII.
354 4739 515 4797 Idem
545 4737 724 4794 etiam
756 4738 959 4793 doctor
999 4741 1221 4811 quanto
1251 4739 1383 4795 odio
1416 4743 1473 4795 et
1512 4755 1768 4797 exsecra-

130 4821 274 4883 tione
294 4826 625 4885 istiusmodi
647 4826 1154 4901 blasphematores
1171 4827 1475 4896 Christi,et
1498 4829 1766 4885 Ecclesia)

132 4909 247 4991 Ejus
276 4915 650 4979 abominandi
682 4917 820 4987 sint,
851 4934 958 4973 suo
1010 4933 1116 4973 nos
1165 4917 1428 4991 exemplo
1466 4919 1767 4986 informat,

135 5003 368 5070 quodam
396 5006 522 5062 loco
545 5005 746 5064 dicens
770 5024 818 5063 τι
846 5006 906 5063 Si
928 5005 1161 5082 expedit
1179 5008 1374 5064 odisse
1395 5006 1687 5079 homines,
1711 5013 1770 5064 et

136 5094 348 5173 gontem
368 5095 624 5169 aliquam
643 5096 941 5168 detestari,
956 5097 1104 5152 miro
1127 5096 1259 5153 odio
1276 5113 1510 5152 aversor
1524 5098 1771 5153 circum-

137 5173 393 5241 cisionem
413 5201 424 5241 :
442 5201 630 5257 usque
648 5184 821 5240 hodie
833 5185 989 5240 enim
1007 5188 1767 5260 persequunturDominum

139 5270 383 5331 nostrum
414 5273 619 5331 Jesum
669 5274 969 5330 Christum
1016 5275 1077 5331 in
1121 5276 1435 5350 synagogis
1467 5278 1714 5333 Satanae.
1741 5298 1764 5335 ι

140 5350 271 5423 item
317 5359 451 5431 alibi
501 5364 606 5439 (ep.
662 5366 784 5433 151,
815 5372 1007 5438 quaest.
1045 5365 1130 5438 10)
1157 5384 1170 5422 :
1202 5385 1224 5415 ι
1253 5368 1510 5435 Quantae,
1553 5368 1766 5440 inquit,

139 5442 460 5508 traditiones
515 5452 982 5523 Pharisaeorum,
1028 5472 1178 5528 quas
1230 5456 1403 5513 hodie
1463 5466 1771 5531 δευτερώσεις

141 5540 347 5608 vocant,
370 5544 426 5596 et
453 5560 633 5617 quam
666 5543 953 5599 animales
986 5544 1335 5603 sintiabulm
1359 5547 1647 5603 revolvere
1680 5566 1773 5605 ne-

141 5634 273 5716 queo
296 5643 308 5681 :
333 5629 604 5706 pleraque
627 5633 787 5690 enim
810 5638 931 5705 tam
952 5635 1149 5709 turpia
1170 5640 1331 5706 sunt,
1350 5641 1414 5692 ut
1430 5640 1772 5696 erubescam

143 5702 333 5789 dicere.
357 5719 469 5793 ..ιη
507 5702 895 5799 expositione,
920 5702 1151 5800 quoque
1183 5702 1344 5785 Isaia:
1376 5729 1458 5805 (in
1484 5745 1601 5803 cap.
1628 5734 1770 5811 vni),

1370 408 1519 477 LIB.
1567 408 1887 489 ΟΟΝΤΒΛ
1930 408 2274 483 lUD/EDS.

1787 4649 1835 4727 Ι)

3406 423 3535 529 μβ

1797 540 1854 635 Α
1882 560 2018 605 cum
2047 546 2359 635 exponeret
2388 561 2523 603 eum
2551 543 2768 617 locum,
2792 548 2893 609 ubi
2934 550 3005 611 de
3044 551 3292 615 Domino
3323 556 3534 629 pradi-

1878 636 2039 689 ctum
2068 638 2233 725 esten
2261 636 2324 699 In
2346 633 2603 708 lapidem
2626 640 2823 692 autem
2846 638 3206 710 offensionis,
3229 646 3287 698 et
3308 648 3535 725 petram

1879 742 1911 793 ¹σι
1941 724 2200 785 scandali
2235 725 2467 785 duabus
2504 725 2781 782 domibus
2833 727 3032 800 Israel,
3061 750 3082 778 ι
3105 728 3281 791 etiam
3312 724 3535 809 primos

1879 816 2147 868 auctores
2177 812 2385 868 talium
2414 814 2960 888 fabularum,atque
2993 816 3392 883 doctrinarum
3433 823 3537 897 qui

1878 905 1936 957 et
1966 903 2199 973 quando
2231 918 2360 961 esse
2397 903 2679 975 coeperint
2719 905 2876 977 apud
2922 905 3184 979 Judaaos;
3221 910 3280 968 et
3317 909 3536 969 schola

1878 1007 2103 1058 eorum,
2138 992 2358 1063 quibus
2406 992 2654 1053 invicem
2707 994 3177 1063 succedentibus,
3226 1010 3414 1077 usque
3462 996 3534 1067 ad

1879 1081 2262 1137 novissimam
2317 1082 2716 1155 captivitatem
2765 1082 3163 1156 pervenerint,
3205 1084 3301 1141 his
3343 1087 3537 1151 verbis

1834 1181 1838 1185 ‘
1877 1169 2114 1241 exponit
2137 1186 2187 1225 ει
2212 1170 2513 1237 Nazareni,
2540 1170 2639 1243 qui
2686 1172 2769 1227 ita
2807 1171 3099 1247 recipiunt
3125 1172 3446 1242 Christum,
3473 1168 3539 1232 ut

1872 1258 2312 1323 observationes
2335 1259 2479 1332 legis
2496 1259 2705 1317 veteris
2723 1276 2836 1323 non
2856 1260 3307 1330 omittant,duas
3321 1262 3536 1321 domus

1879 1348 2297 1422 interpretatur
2328 1350 2613 1418 Sammai,
2638 1354 2696 1405 et
2714 1349 2888 1420 Ellel;
2911 1365 2980 1407 ex
3003 1350 3219 1429 quibus
3252 1351 3363 1419 orti
3395 1358 3538 1412 sunt

1878 1438 2094 1501 Seribss
2117 1441 2175 1494 et
2195 1438 2492 1495 Pharisaei.
2507 1440 2767 1505 Quorum
2788 1439 3052 1515 suscepit
3072 1437 3336 1506 scholam
3356 1441 3536 1507 Achi-

1878 1527 2006 1594 bas,
2032 1531 2091 1583 et
2120 1532 2253 1600 post
2280 1544 2416 1589 eum
2450 1527 2658 1596 Mebir,
2682 1529 2776 1593 cui
2808 1528 3097 1590 successit
3124 1529 3437 1589 Johannan
3464 1531 3534 1589 ﬂ-

1878 1615 1995 1672 lius
2014 1616 2234 1675 Zachaei
2254 1621 2311 1672 et
2330 1621 2463 1689 post
2478 1633 2613 1673 eum
2631 1616 2867 1686 Eliezer,
2883 1623 2941 1674 et
2961 1635 3065 1692 par
3079 1612 3345 1683 ordinem
3365 1616 3539 1679 Thel-

1877 1704 2057 1778 phon,
2082 1709 2139 1760 et
2158 1721 2396 1763 rursum
2416 1707 2635 1778 Joseph
2652 1700 2950 1775 'Galilaeus,
2973 1712 3032 1764 et
3051 1723 3241 1783 usque
3261 1700 3333 1765 ad
3356 1710 3535 1793 ‘capti-

1875 1792 2115 1849 vitatem
2157 1794 2481 1855 Jerusalem
2511 1795 2712 1854 Josue.
2738 1795 3005 1857 Sammai
3046 1795 3248 1873 igitur,
3279 1802 3338 1859 et
3364 1796 3533 1877 Ellel,

1876 1897 1994 1957 non
2034 1880 2221 1941 multo
2271 1883 2436 1955 prius
2468 1900 2645 1957 quam
2696 1884 2984 1942 Dominus
3027 1891 3385 1963 nasceretur,
3420 1889 3531 1963 orti

1876 1977 2017 2029 sunt
2045 1970 2105 2027 in
2134 1972 2341 2047 Judma
2372 1990 2386 2029 :
2422 1989 2674 2046 quorum
2706 1974 2867 2047 prior
2907 1974 3328 2050 interpretatur
3356 1958 3531 2053 dissi;

1874 2064 2064 2133 pater,
2098 2077 2352 2135 sequens
2383 2061 2695 2136 profanus;
2727 2079 2795 2127 eo
2827 2064 2983 2137 quod
3032 2080 3138 2137 per
3185 2064 3532 2143 traditiones

1875 2150 2233 2225 (δευτσρώσεις)
2262 2167 2423 2219 suas,
2454 2150 2602 2224 legis
2641 2157 2930 2226 praecepta
2975 2153 3410 2229 dissipaverint,
3444 2161 3531 2212 at-

1876 2256 1991 2313 que
2022 2239 2465 2299 maculaverint.
2495 2242 2566 2301 Et
2611 2240 2719 2297 has
2762 2256 2897 2302 esse
2944 2243 3093 2298 duas
3140 2243 3354 2321 domus
3403 2230 3531 2318 quas

1876 2327 2233 2387 Salvatorem
2265 2346 2381 2393 non
2429 2329 2786 2407 receperint;
2821 2330 2964 2404 quid
2996 2332 3187 2405 factus
3216 2331 3295 2390 sit
3340 2333 3426 2395 eis

1875 2419 2131 2488 ruinam,
2155 2419 2293 2481 etin
2314 2419 2681 2481 scandalum.
2707 2443 2731 2473 ι

1946 2554 2041 2611 IV.
2074 2554 2246 2612 Tales
2290 2555 2653 2623 Scribarum,
2687 2558 2745 2611 et
2788 2554 3214 2617 Pharisaorum
3254 2556 3535 2632 magistri

1875 2644 2248 2712 exstiterunt,
2269 2644 2538 2699 doctores
2560 2642 2893 2705 tabularum
2922 2648 2981 2701 et
2997 2644 3531 2718 superstitionum:

1872 2752 1978 2807 pro
2011 2734 2229 2807 quibus
2256 2750 2356 2790 eos
2401 2734 2736 2806 frequenter
2777 2733 2837 2793 in
2886 2734 3199 2807 Evangelia
3238 2722 3535 2809 Domnulus

1872 2823 2171 2895 increpat;
2196 2827 2255 2879 et
2276 2822 2566 2894 praecipue
2592 2822 2692 2878 ubi
2714 2838 2920 2881 omnes
2938 2840 3144 2883 eorum
3165 2834 3395 2884 errones
3412 2842 3534 2895 uno

1868 2910 2217 2983 prophetico
2248 2909 2586 2968 testimonio
2627 2910 2899 2978 destruit,
2931 2911 3135 2971 dicens
3165 2927 3179 2969 :
3210 2914 3536 2979 remrem

1872 3018 1904 3048 Δι
1936 3016 2040 3055 vos
2072 2997 2550 3070 transgredimini
2573 2998 2855 3057 mandata
2874 2998 2976 3056 Dei
3007 3002 3245 3071 propter
3270 3000 3536 3064 traditio-

1878 3109 1902 3141 ι
1938 3102 2071 3145 nem
2120 3086 2420 3144 vestram?
2458 3110 2481 3136 ι
2514 3085 2717 3158 (Matth.
2750 3098 2840 3155 sv,
2876 3086 2958 3158 3.)
2990 3087 3063 3144 Et
3114 3091 3247 3160 post
3286 3102 3478 3161 psmn
3508 3106 3524 3149 :

1877 3196 1906 3237 α
1938 3176 2282 3250 Hypocritt‘e,
2318 3176 2467 3235 bene
2516 3174 2883 3247 prephetavit
2912 3175 2984 3232 de
3012 3176 3178 3237 vobis
3210 3175 3527 3246 Isaiasydi—

1878 3288 1909 3327 ι
1934 3284 2072 3325 cens
2099 3284 2112 3322 :
2138 3264 2393 3338 Populus
2424 3265 2519 3321 hic
2548 3264 2723 3323 labiis
2768 3281 2863 3323 me
2894 3264 3166 3336 honorat.
3194 3276 3295 3326 Dor
3329 3271 3527 3333 autem

1880 3376 1905 3406 ι
1937 3358 2066 3429 ejus
2097 3355 2267 3428 longe
2297 3358 2387 3411 est
2416 3370 2452 3415 θ,
2472 3370 2586 3414 me.
2606 3354 2745 3415 Sine
2764 3368 2945 3415 causa
2964 3358 3159 3416 autem
3174 3354 3382 3418 celant
3410 3368 3526 3427 me.

1878 3466 1905 3497 ‘e
1937 3448 2213 3503 docentes
2242 3444 2540 3505 doctrinas
2587 3447 2647 3500 et
2696 3445 2977 3502 mandata
3004 3445 3315 3515 hominum
3344 3446 3531 3520 (ibim.

1877 3558 1901 3589 ι
1935 3552 2073 3592 vers.
2099 3538 2155 3604 7,
2178 3537 2232 3602 8,
2257 3534 2335 3602 9).
2364 3556 2389 3586 ι
2418 3532 2672 3593 Istorum
2703 3532 2886 3606 igitur
2914 3544 3322 3608 perversurum
3353 3540 3532 3611 atque

1865 3625 2190 3698 impiorum
2222 3624 2529 3682 doctorum
2562 3623 2696 3681 cazci
2718 3622 3063 3683 etinﬁdeles
3093 3624 3303 3696 Judni,
3327 3624 3533 3684 relicta

1869 3714 2110 3771 veritate
2138 3713 2286 3787 legis
2316 3717 2374 3771 et
2404 3712 2844 3785 prophetarum,
2869 3727 3058 3785 usque
3086 3713 3146 3773 in
3178 3714 3529 3774 hodiernum

1866 3804 2028 3862 diem
2059 3805 2371 3861 observant
2398 3801 2766 3867 traditiones,
2796 3804 2859 3857 et
2887 3806 3224 3873 sequuntur
3261 3816 3526 3862 errores:

1869 3892 1930 3949 in
1961 3893 2056 3951 his
2086 3890 2349 3965 legendis
2371 3889 2624 3947 maxime
2643 3892 3027 3961 occupantur,
3049 3888 3172 3948 hanc
3191 3888 3346 3947 inter
3368 3908 3433 3949 se
3450 3891 3530 3950 ln-

1868 3987 2115 4055 quentes
2137 3980 2276 4038 conf
2275 3982 2508 4043 uerunt,
2528 3977 2649 4033 haec
2670 3993 2774 4048 per
2792 3976 3031 4049 singula
3050 3978 3296 4037 sabbata
3315 3977 3379 4036 in
3398 3994 3533 4054 syn.

1868 4070 2077 4143 agogis
2097 4071 2325 4127 Satanae
2344 4065 2660 4139 praedicare
2676 4081 2794 4125 non
2810 4068 3064 4123 cessant.
3083 4065 3146 4125 Si
3166 4066 3313 4140 quid.
3331 4072 3528 4128 autem

1869 4161 1941 4219 de
1964 4157 2133 4215 libris
2162 4155 2311 4229 legis
2330 4154 2536 4213 divinas
2568 4152 2890 4229 intelligere
2912 4159 3219 4225 conantur,
3236 4156 3533 4228 juxtave»-

1865 4249 2105 4306 citatem
2137 4261 2341 4303 eorum
2364 4244 2773 4316 depravantes,
2795 4243 3101 4305 cluserunt
3130 4245 3243 4303 sibi
3282 4246 3529 4311 misera-

1866 4337 2068 4396 biliter
2097 4334 2317 4391 ostium
2351 4332 2645 4401 veritatis;
2679 4332 3081 4406 impleturque
3110 4334 3172 4395 in
3218 4334 3308 4395 eis
3336 4336 3531 4395 mani-

1868 4424 2190 4486 festissime
2219 4423 2375 4495 quod
2408 4421 2634 4483 eisdem
2676 4421 3039 4492 doctoribus,
3071 4423 3195 4483 into
3222 4423 3530 4496 perdituri—

1868 4518 2003 4585 bus,
2044 4529 2249 4573 eorum
2290 4510 2578 4568 Dominus
2616 4509 2676 4569 in
2718 4510 3032 4583 Evangelia
3070 4510 3407 4585 exprobrat,
3440 4511 3530 4568 dt-

1870 4622 2013 4665 cens
2038 4622 2091 4661 ες(
2121 4603 2216 4659 Va:
2247 4601 2435 4670 vobis,
2459 4598 2677 4663 Sci-ibas
2705 4601 2764 4661 et
2812 4597 3111 4667 Pharissi,
3132 4598 3276 4672 quia
3308 4598 3533 4660 talium:

1877 4717 1906 4749 κ
1938 4694 2160 4754 clavem
2184 4689 2438 4751 scientias
2462 4705 2477 4745 :
2503 4687 2617 4762 ipsi
2641 4704 2757 4749 non
2776 4686 3091 4757 introistis,
3109 4690 3168 4748 et
3193 4704 3294 4748 eos
3318 4687 3422 4762 qui
3448 4688 3536 4749 ir

1881 4807 1909 4837 α
1938 4783 2197 4842 troibant
2226 4777 2612 4855 prohibuistts
2641 4778 2795 4847 (Luc.
2825 4791 2907 4845 xi,
2936 4776 3050 4849 52}.
3071 4797 3100 4837 η

1949 4918 2015 4975 Χ.
2050 4916 2314 4990 Denique
2344 4912 2546 4970 audiat
2581 4910 2878 4984 paulisper
2927 4909 3202 4985 religiosa
3252 4910 3535 4977 sanctitas

1875 5012 2069 5065 vestra
2099 5020 2279 5079 quam
2304 5002 2592 5070 nefandis,
2618 5005 2793 5074 atque
2814 5000 3099 5057 inauditis
3126 4998 3533 5077 blasphemiis,

1877 5102 1936 5155 et
1966 5094 2242 5153 conviciis
2263 5091 2579 5155 Dominum
2605 5094 2875 5147 nostrum
2907 5088 3112 5149 Jesum
3131 5088 3456 5159 Christum,
3478 5092 3538 5146 et

1877 5185 2279 5243 Christianum
2301 5183 2431 5253 ejus
2458 5180 2740 5254 populum
2767 5179 3047 5236 irrideant
3067 5182 3125 5235 et
3144 5178 3532 5257 subsannent.

1879 5278 2125 5337 Sanctos
2146 5270 2441 5347 apostolos
2474 5269 2655 5343 impie
2677 5270 2988 5330 immutato
3032 5267 3315 5327 vocabulo
3342 5265 3534 5343 appel-

1878 5367 2003 5422 lant
2028 5366 2356 5437 apostatas;
2380 5364 2665 5432 tanquam
2698 5375 2813 5415 non
2857 5358 3072 5415 missos
3093 5375 3129 5419 a
3146 5358 3287 5430 Deo,
3309 5357 3411 5417 sed
3444 5369 3535 5412 re-

1880 5457 2051 5528 fugas
2072 5450 2216 5524 legis
2237 5467 2377 5505 sua}.
2391 5447 2953 5522 Evangelium,quod
2976 5464 3083 5504 nos
3095 5448 3289 5508 Graiae
3304 5443 3537 5520 eloquio

1882 5540 2267 5614 intelligimus
2307 5538 2528 5593 bonum
2565 5535 2871 5607 nuntium,
2917 5536 3029 5608 ipsi
3072 5534 3307 5613 propria
3334 5533 3539 5609 lingua

1883 5627 2348 5691 malitiosissime
2402 5626 2790 5683 immutantes
2847 5628 3058 5685 vocant
3104 5624 3535 5695 Haveuoauou,

1883 5724 2037 5800 quod
2068 5720 2487 5792 interpretatur
2519 5716 2721 5774 Latine
2741 5714 3075 5789 iniquitatis
3103 5713 3413 5799 revelatio;
3445 5732 3540 5786 as-
