3900 6386
382 420 498 559 1ᾇᾶ

1607 464 2012 529 AMULONIS
2056 465 2299 562 ansc.
2344 470 2577 533 LUGD.

3696 467 3800 528 148

377 588 644 659 serentes
672 595 939 653 videlicet
957 596 1113 669 quod
1137 615 1251 654 non
1278 595 1335 653 in
1359 614 1425 655 co
1450 598 1797 673 mysterium
1830 599 2039 657 salutis
2068 597 2126 667 Α
2223 602 2343 659 ΧΙΙ.
2370 605 2455 661 Ita
2484 607 2935 678 procedentibus
2968 605 3354 680 temporibus,
3377 608 3435 662 et
3466 621 3570 677 per
3597 600 3799 675 impie-

380 687 779 755 humanae,sed
802 684 1088 758 iniquitas
1105 704 1225 759 qua
1245 690 1401 743 totus
1419 689 1680 744 mundus
1705 689 1763 744 in
1780 706 2033 745 errorem

380 778 715 835 mitteretur
744 775 921 830 fuerit
951 776 1201 832 revelata
1228 794 1240 831 :
1270 776 1595 833 nescientes
1618 777 1855 851 (insani)
1879 779 2032 850 quod

378 866 553 924 etiam
584 863 744 919 istud
775 864 847 919 ab
879 863 965 919 eis
997 867 1312 921 conﬁctum
1342 866 1715 936 vocabulum,
1741 867 2039 939 apertissi-

376 971 542 1011 mum
574 951 906 1025 iniquitatis
937 969 1139 1009 eorum
1181 955 1257 1009 sit
1302 954 1706 1011 testimonium
1743 974 1755 1011 :
1793 957 1946 1013 sicut
1976 957 2035 1012 in

374 1043 524 1098 libro
562 1043 668 1098 Job
692 1044 776 1112 (in
796 1058 915 1113 cap.
940 1045 1037 1112 xx)
1064 1042 1134 1097 de
1165 1043 1346 1115 impio
1394 1044 1679 1117 scriptum
1712 1050 1802 1101 est
1832 1064 1844 1101 :
1878 1065 1897 1093 α
1935 1046 2039 1101 Re-

379 1155 401 1182 α
435 1131 717 1187 velahunt
739 1129 867 1186 cmli
892 1130 1263 1204 iniquitatem
1288 1134 1435 1205 ejus,
1461 1138 1517 1189 et
1552 1138 1705 1191 terra
1725 1139 2039 1207 consurget

379 1240 403 1269 ι
439 1221 722 1276 adversus
744 1237 900 1277 eum.
916 1221 1197 1293 Apertum
1216 1223 1327 1278 erit
1347 1240 1586 1296 germen
1605 1226 1816 1279 domus
1844 1224 2033 1280 illius:

380 1329 403 1357 ι
437 1308 780 1365 detrahetur
818 1308 877 1363 in
910 1309 1005 1365 die
1052 1310 1290 1366 fueris.»
1318 1312 1388 1367 Et
1419 1312 1479 1367 in
1524 1316 1753 1368 tantum
1804 1311 2035 1368 Domini

371 1399 516 1454 Jesu
548 1396 763 1454 Christi
786 1398 990 1454 odium
1026 1404 1472 1469 exarserunt,ut
1502 1403 1573 1458 ab
1597 1402 1829 1458 Oriente
1852 1419 2038 1474 usque

370 1486 433 1543 in
457 1486 853 1555 Occidentem,
879 1505 983 1560 per
1006 1506 1210 1545 omnes
1236 1489 1504 1563 regiones
1530 1490 1957 1547 transmarinas
1984 1494 2041 1545 et

370 1575 808 1645 citramarinas,
838 1576 899 1632 in
932 1577 1148 1650 quibus
1197 1579 1386 1635 Judaei
1433 1579 1724 1649 habitant,
1758 1579 2041 1635 mandata

372 1665 669 1745 miserint,
705 1681 778 1721 ne
816 1664 1114 1722 ullatenus
1146 1668 1207 1723 in
1241 1669 1556 1742 synagogis
1587 1668 1711 1725 suis
1743 1668 2040 1741 psalmum

374 1772 603 1811 nonum
636 1752 956 1825 decimum,
982 1757 1083 1830 qui
1115 1757 1228 1813 sub
1261 1758 1455 1830 specie
1476 1756 1757 1814 orationis
1782 1760 1941 1816 totus
1971 1756 2042 1812 de

374 1843 867 1901 manifestissimo
888 1844 1205 1902 Salvatoris
1240 1847 1492 1902 adventu
1519 1846 1776 1919 scriptus
1807 1850 1915 1913 est,
1951 1846 2045 1900 de-

2146 691 2284 746 tatis
2317 694 2633 765 magistros
2656 695 3162 752 succresccntibus
3185 694 3584 751 indesinenter
3605 690 3799 749 errori-

2146 780 2258 835 bus
2292 782 2347 835 in
2382 785 2609 838 tantum
2663 784 2935 840 obeazeati
2985 788 3144 852 sunt,
3182 788 3248 839 ut
3278 782 3553 838 ﬁnxerint
3590 780 3708 836 sibi
3740 780 3801 834 de

2148 870 2382 942 proprio
2415 889 2593 927 sensu
2626 874 2774 929 duos
2806 873 3074 941 messias,
3104 872 3163 928 id
3194 875 3283 928 est
3313 873 3461 927 duos
3491 870 3758 926 Christos
3787 886 3797 923 :

2148 975 2398 1030 quorum
2420 978 2603 1016 uuum
2622 962 2826 1018 dicunt
2843 980 2971 1019 esse
2990 962 3331 1034 velutjuxta
3351 958 3801 1033 promissionem

2148 1045 2269 1111 Dei,
2294 1065 2364 1101 ex
2392 1065 2601 1121 genere
2637 1049 2857 1105 David:
2887 1067 3060 1122 quem
3102 1055 3159 1105 et
3198 1049 3500 1105 afﬁrmant
3540 1065 3610 1103 ea
3643 1050 3803 1101 nocte

2148 1137 2207 1191 in
2228 1137 2431 1193 Judzea
2453 1144 2679 1208 natum,
2697 1141 2933 1213 quando
2957 1142 3169 1197 domus
3190 1139 3292 1196 Dei
3316 1140 3425 1196 sub
3446 1137 3802 1210 Vespasiano

2148 1230 2207 1282 et
2236 1227 2367 1282 Tito
2399 1228 2815 1302 Hierosolymis
2847 1231 3148 1307 destructa
3175 1232 3293 1298 est;
3345 1226 3401 1285 et
3450 1226 3652 1283 nescio
3686 1226 3803 1298 qui-

2150 1315 2261 1371 bus
2289 1318 2478 1374 modis
2510 1318 2755 1374 Romam
2801 1336 2929 1375 esse
2968 1319 3321 1391 perductum
3349 1335 3361 1373 :
3389 1316 3589 1389 ibique
3623 1330 3805 1387 usque

2149 1402 2322 1460 hodie
2343 1404 2400 1461 in
2425 1407 2723 1478 speluncis
2744 1411 2801 1463 et
2825 1407 3043 1481 cryptis
3067 1406 3282 1462 abditis
3304 1423 3431 1463 esse
3462 1403 3761 1462 reclusum
3791 1421 3802 1459 :

2149 1496 2323 1564 atque
2354 1493 2412 1548 in
2446 1493 2546 1549 tali
2593 1495 2887 1569 ergastulo
2933 1495 3196 1550 vinetum
3249 1494 3423 1563 ferro,
3456 1509 3805 1566 oppressum

2150 1581 2393 1649 catenis,
2421 1585 2477 1637 et
2494 1586 2613 1639 toto
2637 1600 2875 1656 corpore
2899 1582 3292 1638 vulneratum.
3314 1582 3384 1637 Et
3408 1582 3729 1638 conﬁdunt
3756 1596 3805 1635 se

2150 1686 2254 1741 per
2283 1668 2403 1725 haec
2432 1669 2675 1726 vulnera
2703 1671 2916 1728 habere
2945 1669 3374 1743 indulgentiam
3406 1673 3803 1741 peccatorum,

2151 1762 2207 1813 et
2237 1758 2468 1831 impleri
2490 1760 2547 1814 in
2571 1777 2631 1816 se
2654 1761 2807 1832 quod
2834 1761 3019 1817 Isaias
3041 1759 3186 1815 dixit
3207 1759 3291 1832 (in
3313 1774 3432 1830 cap.
3456 1757 3594 1829 un):
3610 1776 3635 1805 ι
3665 1758 3737 1813 Et
3758 1757 3806 1812 in

2150 1846 2389 1903 vulnere
2422 1849 2549 1920 ejus
2581 1849 2873 1904 medicina
2916 1849 3028 1905 erit
3072 1847 3263 1903 nobis.
3287 1867 3314 1899 ι)
3351 1846 3585 1902 Habent
3634 1846 3805 1903 etiam

369 1931 1008 1991 cantarent.Videlicet
1030 1951 1101 1989 ne
1143 1935 1288 1990 forte
1327 1935 1608 2003 dicentes,
1634 1935 1788 1991 sicut
1836 1934 1917 1990 ibi
1948 1951 2041 1988 ca-
2076 1971 2124 2036 B
2153 1936 2440 2007 scriptum
2474 1936 2532 1991 in
2566 1937 2690 1991 suis
2720 1937 3158 2005 traditionibus,
3185 1936 3344 2008 quod
3366 1934 3476 1990 iste
3498 1934 3638 1991 talis
3669 1952 3809 1991 mes-

369 2023 576 2080 nitur:
609 2043 636 2076 α
664 2023 958 2079 Exaudiat
985 2027 1041 2079 te
1079 2024 1366 2080 Dominus
1399 2024 1459 2079 in
1491 2025 1585 2080 die
1615 2022 2036 2105 tribulationis,

375 2132 400 2163 ι
438 2116 711 2188 protegat
759 2116 814 2169 te
862 2130 1078 2170 nomen
1130 2113 1233 2169 Dei
1278 2114 1460 2171 Jacob
1491 2115 1798 2187 (Psal.x1x,
1822 2113 1897 2183 2),
1921 2132 1947 2164 »
1985 2115 2043 2166 et

371 2207 587 2261 caetera
611 2220 738 2275 quae
770 2207 1127 2276 sequuntur;
1161 2208 1219 2260 et
1249 2203 1575 2261 certissime
1597 2205 1669 2260 de
1699 2221 1764 2260 eo
1796 2205 2039 2277 subjun-

370 2296 623 2368 gentes:
654 2316 675 2343 ι
701 2292 867 2351 Nunc
901 2294 1142 2366 cognovi
1171 2293 1452 2366 quoniam
1493 2294 1720 2349 salvum
1761 2294 1898 2361 fecit
1927 2294 2037 2349 Do-

374 2404 402 2435 ι
441 2382 644 2438 minus
681 2381 981 2440 Christum
1022 2398 1220 2437 suum.
1244 2382 1527 2439 Exaudiet
1574 2382 1743 2438 illum
1785 2384 1856 2438 de
1896 2381 2037 2438 ccelo

374 2493 400 2523 α
443 2475 657 2529 sancto
679 2487 785 2527 suo
821 2489 834 2527 :
870 2471 929 2526 in
981 2471 1379 2543 potentatibus
1419 2472 1579 2531 salus
1612 2472 1856 2528 dexterae
1910 2472 2037 2543 ejus

376 2586 402 2613 ιι
443 2566 609 2632 (vers.
630 2562 740 2634 7).»
757 2561 829 2617 Et
858 2559 919 2615 in
946 2560 1062 2616 ﬁne
1084 2560 1331 2632 psalmi:
1358 2583 1378 2611 ι
1406 2561 1670 2629 Domine,
1688 2560 1915 2617 salvum
1948 2561 2037 2616 fac

364 2670 411 2708 ru
446 2667 666 2724 regem,
697 2655 756 2707 et
786 2650 997 2706 exaudi
1046 2667 1155 2707 nos
1187 2649 1245 2705 id
1290 2649 1383 2706 die
1414 2667 1530 2723 qua
1575 2650 2036 2707 invocaverimus

379 2763 406 2792 ι
444 2745 502 2796 te
522 2743 684 2811 (vers.
712 2741 801 2814 10)
824 2757 872 2795 ει
900 2756 972 2795 ne
1002 2738 1137 2808 ista,
1158 2739 1424 2812 inquam,
1449 2740 1727 2808 dicentes,
1753 2744 2032 2813 tanquam

367 2829 652 2907 praesenti
708 2828 1051 2886 benedicere
1109 2832 1166 2885 et
1222 2828 1369 2885 bene
1428 2833 1627 2902 optare
1678 2829 2031 2885 viderentur.

261 2973 264 2976 .
366 2921 667 2979 Tulerunt
696 2919 877 2993 igitur
897 2918 1331 2991 psalmum,qui
1355 2936 1457 2991 per
1480 2922 1565 2975 tot
1587 2918 1800 2975 saecula
1824 2919 1881 2974 in
1906 2937 2036 2975 con-

365 3013 554 3068 ventu
575 3025 884 3084 synagogas
907 3008 1168 3081 quotidie
1185 3009 1338 3063 inter
1359 3011 1596 3065 cmteros
1614 3010 1803 3065 fuerat
1824 3010 2032 3065 decan-

368 3104 560 3165 tatus,
592 3115 847 3171 eumque
896 3115 1082 3171 usque
1112 3097 1171 3153 in
1220 3098 1470 3154 adventu
1504 3097 1718 3153 Christi
1750 3098 1841 3154 sui
1873 3098 2031 3154 omni

371 3190 552 3248 modo
582 3187 879 3244 silendum
904 3205 1033 3243 esse
1054 3188 1460 3255 decreverunt;
1484 3191 1542 3244 et
1566 3188 1953 3261 impleverunt
1974 3189 2031 3243 in

2153 2025 2272 2080 sias
2303 2027 2624 2081 ostenderit
2655 2043 2715 2082 se
2739 2026 3068 2098 antiquitus
3088 2025 3326 2080 cuidam
3359 2039 3574 2096 magno
3605 2040 3804 2079 eorum

2152 2114 2394 2183 doctori,
2423 2115 2524 2186 qui
2558 2114 2873 2171 vocabatur
2902 2115 3080 2170 Josue
3113 2114 3230 2169 Ben
3257 2110 3391 2167 Levi
3416 2129 3428 2167 :
3465 2111 3805 2184 apparuisse

2150 2207 2345 2258 autem
2378 2204 2635 2275 primum
2667 2204 2726 2258 in
2760 2203 2997 2259 sordido
3020 2202 3248 2258 habitu.
3284 2200 3548 2273 Cumque
3579 2201 3656 2257 ab
3688 2200 3802 2269 illo,

2149 2290 2454 2363 ignorante
2485 2293 2618 2364 quis
2647 2295 2822 2358 esset,
2856 2292 3248 2364 corriperetur
3277 2306 3383 2345 cur
3411 2288 3492 2344 ita
3521 2288 3726 2345 illotus
3756 2292 3806 2345 et

2148 2378 2408 2436 incultus
2441 2382 2757 2452 incederet,
2783 2386 3020 2454 repente
3043 2398 3105 2437 se
3127 2383 3390 2435 mutasse
3411 2378 3468 2434 in
3492 2378 3675 2435 aliam
3696 2378 3805 2433 efﬁ-

2141 2468 2320 2544 giem,
2348 2475 2405 2526 et
2435 2471 2779 2543 apparuisse
2811 2470 2979 2543 quasi
3004 2486 3205 2526 senem
3228 2467 3584 2541 speciosum,
3606 2472 3805 2524 tenen-

2144 2562 2264 2613 tem
2287 2559 2344 2613 in
2370 2576 2549 2615 manu
2582 2560 2929 2632 sapphirum
2963 2558 3219 2631 lapidem
3249 2556 3575 2632 pretiosum
3600 2574 3614 2612 :
3644 2573 3801 2613 cum-

2145 2664 2258 2719 que
2287 2648 2393 2704 hoc
2426 2630 2772 2705 factum—ille
2794 2630 3211 2715 admiraretur,
3235 2649 3293 2702 et
3314 2630 3638 2718 requireret
3658 2644 3805 2718 quis-

2144 2753 2283 2791 nam
2305 2742 2479 2807 esset,
2502 2737 2878 2811 respondisse
2914 2752 3049 2792 eum
3076 2753 3087 2791 :
3114 2736 3233 2809 Ego
3256 2750 3389 2790 sum
3413 2732 3689 2805 messias,
3710 2732 3802 2806 qui

2144 2826 2362 2882 multas
2393 2844 2596 2899 poenas
2628 2844 2732 2900 pro
2755 2826 2920 2882 vobis
2950 2824 3235 2893 sustineo,
3258 2826 3316 2879 et
3334 2839 3436 2879 vos
3467 2822 3802 2896 redemptu-

2143 2932 2246 2970 rus
2270 2933 2401 2971 sum
2425 2918 2496 2972 de
2518 2916 2855 2989 captivitate
2881 2933 2893 2970 :
2917 2918 2975 2970 et
2996 2929 3201 2969 omnes
3225 2909 3523 2984 accipietis
3547 2909 3800 2983 lapidem

2144 3005 2408 3077 sapphiri
2440 3007 2675 3079 qualem
2707 3022 2802 3061 me
2832 3003 3042 3059 videtis
3080 3007 3298 3058 tenere.
3331 3002 3401 3057 Et
3428 3003 3567 3055 tunc
3598 2999 3801 3072 imple-

2142 3093 2304 3149 bitur
2334 3095 2393 3149 in
2426 3095 2591 3151 vobis
2622 3095 2777 3168 quod
2822 3094 2882 3148 in
2925 3091 3079 3148 Isaia
3109 3090 3394 3162 scriptum
3426 3092 3516 3145 est
3547 3106 3560 3144 :
3591 3109 3615 3139 ι
3654 3089 3801 3144 Pau-

2149 3201 2173 3231 α
2206 3184 2466 3254 percula,
2498 3187 2846 3257 tempestate
2878 3179 3175 3249 convulsa,
3207 3179 3428 3251 absque
3459 3177 3579 3233 ulla
3607 3194 3802 3233 conso-

371 3277 594 3354 populo
624 3276 968 3344 miserabili,
995 3277 1171 3332 etiam
1194 3276 1255 3331 in
1284 3277 1394 3333 hac
1425 3281 1607 3349 parte,
1630 3279 1785 3349 quod
1815 3278 1901 3333 eis
1932 3295 2036 3350 per
2069 3343 2105 3354 Α
2148 3293 2171 3323 ι
2207 3272 2470 3354 latione;
2505 3290 2637 3330 ecce
2671 3290 2776 3346 ego
2827 3275 3090 3328 sternam
3141 3285 3245 3341 per
3274 3267 3536 3322 ordinem
3580 3264 3799 3339 lapides

372 3343 684 3427 Michaam
714 3366 1061 3439 prophetam
1096 3367 1182 3435 (in
1209 3382 1329 3438 cap.
1355 3343 1610 3436 n)-tanto
1647 3343 1796 3423 ante
1845 3368 1888 3422 ft

2214 3343 2793 3432 tuos,et.fundabovte
2824 3361 2883 3416 in
2917 3357 3249 3432 sapphiris;
3282 3360 3339 3412 et
3367 3371 3582 3428 ponam
3618 3354 3798 3427 jaspi-

373 3456 814 3529 exprobratum,
844 3455 1072 3511 dicente
1094 3454 1341 3510 Domino
1365 3472 1378 3510 :
1402 3472 1424 3502 α
1448 3456 1559 3511 Eos
1582 3457 1679 3527 qui
1702 3456 2035 3512 transibant

381 3568 405 3598 ι
434 3543 1175 3618 simpliciter,eonvertistis
1192 3543 1253 3598 in
1270 3542 1489 3599 bellum
1505 3559 1518 3598 :
1534 3543 1810 3600 mulieres
1832 3545 2031 3616 populi

382 3655 407 3684 ι
433 3635 549 3690 mei
573 3634 829 3706 ejecistis
844 3634 916 3689 de
933 3634 1106 3690 domo
1125 3631 1468 3688 deliciarum
1485 3650 1729 3688 suarum
1749 3650 1761 3688 :
1781 3650 1814 3688 a
1832 3651 2035 3705 parvu-

385 3723 507 3779 clis
537 3739 739 3779 earum
772 3722 994 3779 tulistis
1016 3722 1251 3778 laudem
1290 3738 1482 3777 meam
1527 3721 1585 3777 in
1625 3727 2027 3795 perpetuum.»

376 3814 495 3871 Sed
516 3812 639 3869 haec
656 3816 916 3885 agentes,
933 3815 990 3866 et
1003 3811 1163 3868 velut
1181 3814 1383 3866 contra
1404 3810 1713 3867 stimulum
1733 3811 2035 3867 calcitran-

377 3906 488 3970 tes,
512 3901 751 3957 sibimet
769 3900 916 3974 ipsis
934 3899 1149 3956 vulnus
1176 3900 1497 3972 impietatis
1514 3901 1888 3957 addiderunt.

380 4042 387 4047 .
450 3990 543 4046 ΧΙ.
571 3990 683 4046 Sed
706 3988 971 4062 nunquid
999 3988 1363 4061 prophetiam
1387 3989 1620 4061 psalmi,
1646 3995 1749 4046 aut
1780 4008 2033 4063 prasen-

379 4079 524 4135 tiam
547 4078 764 4134 Christi
785 4094 1065 4134 evacuare
1086 4078 1440 4149 potuerunt?
1472 4080 1747 4151 qucm‘ita
1768 4080 2033 4135 videmus

381 4166 745 4223 declaratum
767 4167 827 4221 in
850 4166 1146 4238 gentibus,
1163 4168 1226 4221 ut
1242 4167 1543 4223 verissime
1558 4167 1704 4224 illud
1726 4168 2033 4241 impletum

383 4254 463 4308 sit
493 4252 649 4323 quod
681 4252 742 4306 iu
772 4253 924 4309 Isaia
944 4254 1229 4325 propheta
1250 4255 1321 4310 ad
1354 4255 1551 4328 ipsum
1578 4257 1893 4314 Dominum
1915 4258 2036 4314 Sal-

378 4343 643 4397 vatorem
674 4340 829 4397 Deus
861 4342 1030 4398 Pater
1060 4342 1237 4399 dicit:
1269 4363 1291 4393 α
1316 4344 1489 4401 Posui
1524 4350 1579 4402 te
1608 4346 1668 4400 in
1688 4346 1878 4402 lucem
1902 4365 2036 4419 gen-

385 4453 406 4479 α
443 4429 627 4498 tibus,
655 4434 721 4485 ut
742 4430 824 4486 sis
856 4431 915 4485 in
940 4430 1189 4488 salutem
1217 4450 1405 4506 usque
1427 4427 1497 4490 ad
1521 4440 1845 4492 extremum
1870 4440 2032 4493 terrae

385 4542 407 4569 σι
442 4520 572 4589 (Isa.
598 4536 747 4588 xmx,
770 4519 856 4592 6);
886 4543 907 4570 »
934 4524 991 4577 et
1010 4522 1163 4593 quod
1192 4521 1346 4579 idem
1388 4524 1673 4596 propheta
1711 4525 1923 4581 iterum
1946 4525 2033 4581 di-

378 4608 495 4665 cit:
526 4632 547 4659 σι
574 4608 1109 4667 ParavitDominus
1129 4612 1435 4669 brachium
1468 4617 1737 4670 sanctum
1765 4632 1940 4672 suum
1974 4617 2033 4671 in

2150 3471 2172 3500 α
2208 3452 2341 3507 dem
2373 3451 2819 3526 propugnacula
2850 3455 2970 3517 tua,
2998 3453 3053 3504 et
3084 3453 3282 3520 portas
3326 3448 3459 3500 tuas
3490 3444 3550 3499 in
3581 3442 3798 3516 lapides

2149 3563 2170 3589 ι
2207 3542 2488 3614 sculptos,
2515 3547 2571 3597 et
2601 3557 2807 3598 omnes
2833 3538 3119 3596 terminos
3148 3539 3283 3590 tuos
3313 3533 3374 3588 in
3405 3532 3635 3606 lapides
3654 3532 3795 3595 desi-

2149 3651 2171 3681 ι
2208 3631 2499 3688 dcrabiles
2522 3631 2650 3704 (Isa.
2676 3648 2788 3700 LIV,
2815 3630 2902 3698 11,
2930 3629 3040 3697 12).
3066 3648 3087 3675 ι
3114 3625 3279 3680 Hunc
3301 3640 3437 3696 ergo
3457 3621 3638 3678 talem
3661 3638 3798 3678 mes-

2145 3721 2294 3776 siam
2318 3724 2556 3794 sperant
2578 3721 2636 3775 in
2662 3720 2840 3776 ﬁnem
2862 3734 2990 3774 esse
3010 3719 3345 3781 venturum,
3360 3712 3432 3768 ad
3452 3728 3798 3785 congregan-

2146 3811 2250 3866 dos
2298 3827 2397 3865 eos
2446 3810 2517 3865 de
2567 3809 2901 3882 captivitate
2933 3805 3109 3879 (quod
3161 3800 3373 3869 solum,
3407 3804 3473 3856 ut
3518 3799 3796 3857 vilissima

2146 3899 2464 3973 mancipia,
2486 3898 2821 3954 desiderare
2851 3893 3156 3966 noverunt)
3182 3909 3195 3947 :
3219 3895 3534 3947 venturum
3558 3890 3621 3945 in
3644 3888 3797 3945 nubi-

2145 3989 2257 4044 bus
2278 3988 2427 4057 emli,
2453 3993 2738 4060 tanquam
2764 3987 2834 4042 de
2857 3986 2983 4059 ipso
3012 3982 3224 4040 dixerit
3253 3978 3454 4037 Daniel
3483 3978 3791 4052 propheta:

2151 4101 2172 4127 ιι
2209 4078 2580 4150 Aspiciebam
2615 4077 2675 4132 in
2705 4076 2960 4143 visione;
2986 4078 3043 4129 et
3068 4087 3199 4128 ecce
3225 4085 3359 4126 cum
3391 4067 3653 4123 nubibus
3681 4065 3793 4124 caeli

2151 4192 2170 4217 ιι
2208 4167 2376 4241 quasi
2422 4167 2603 4223 Filius
2643 4165 2901 4223 hominis
2940 4162 3212 4218 veniebat
3237 4159 3396 4232 (Dan.
3419 4174 3521 4225 vn,
3550 4156 3662 4230 13),
3690 4179 3712 4208 ι
3745 4157 3794 4211 et

2145 4261 2370 4313 czetera.
2397 4259 2468 4313 Et
2498 4257 2680 4313 istum
2716 4253 3025 4310 nominant
3056 4249 3335 4308 messiam
3367 4247 3484 4303 Ben
3516 4245 3719 4315 David,
3742 4242 3792 4298 id

2145 4351 2235 4403 est
2266 4346 2454 4402 ﬁlium
2489 4346 2691 4402 David.
3280 4418 3285 4423 η

2214 4437 2362 4492 XIlI.
2385 4437 2648 4492 Alterum
2683 4438 2883 4490 autem
2916 4431 3120 4488 dicunt
3163 4426 3461 4494 messiam,
3485 4440 3665 4497 quem
3694 4439 3788 4496 pu-

2145 4528 2274 4580 tant
2305 4542 2432 4581 esse
2454 4526 2525 4580 de
2548 4524 2705 4579 tribu
2736 4521 3037 4595 Ephraim,
3063 4518 3219 4575 unde
3242 4520 3300 4573 et
3329 4512 3638 4571 nominant
3668 4526 3788 4568 eum

2146 4614 2423 4670 messium
2474 4616 2590 4670 Ben
2648 4611 2948 4685 Ephraim,
2976 4610 3035 4665 id
3097 4613 3188 4665 est
3238 4605 3426 4661 ﬁlium
3474 4600 3783 4674 Ephraim:

368 4719 412 4754 -ι
441 4697 628 4755 oculis
654 4699 919 4755 omnium
951 4701 1239 4773 gentium,
1265 4706 1322 4758 et
1338 4701 1621 4759 videbunt
1650 4722 1854 4761 omnes
1886 4706 2032 4761 ﬁnes
2065 4718 2113 4782 D
2145 4705 2299 4776 quod
2331 4721 2399 4760 ex
2428 4703 2528 4759 illa
2558 4706 2789 4759 tantum
2813 4699 3117 4757 occasione
3140 4697 3789 4782 doctorcseorum‘som-

383 4810 402 4836 α
438 4790 603 4844 terra:
637 4788 902 4845 Salutare
933 4789 1033 4845 Dei
1064 4790 1249 4847 nostri
1284 4791 1443 4864 (Ibid.
1469 4810 1564 4861 LII,
1591 4795 1701 4866 10);
1734 4817 1753 4845 υ
1791 4800 1848 4850 et
1878 4796 2034 4868 quod
2065 4776 2105 4782 —
2145 4793 2628 4865 niaverunt,quia
2660 4791 2940 4848 scribitur
2968 4789 3026 4843 in
3058 4784 3336 4852 Jeremia,
3363 4781 3593 4838 dicente
3616 4776 3791 4868 Domi-

376 4875 437 4932 in
478 4876 766 4934 Malachia
812 4879 1095 4951 propheta
1141 4881 1429 4938 Dominus
1476 4887 1748 4953 testatur,
1781 4886 2029 4941 dicens:

382 4990 402 5016 α
436 4966 522 5021 Ab
558 4971 689 5022 ortu
719 4968 877 5024 enim
907 4968 1049 5026 solis
1095 4987 1282 5044 usque
1313 4973 1385 5028 ad
1419 4990 1713 5040 occasum,
1748 4992 2031 5047 magnum

382 5077 404 5104 ι
439 5057 528 5110 est
559 5073 774 5112 nomen
807 5074 1005 5113 meum
1046 5059 1107 5114 in
1160 5061 1435 5132 gentibus
1468 5081 1481 5118 :
1516 5067 1574 5118 et
1605 5064 1664 5118 in
1715 5065 1871 5119 omni
1906 5065 2031 5121 loco

381 5166 402 5193 α
439 5144 822 5215 sacriﬁcatur,
840 5152 896 5202 et
918 5146 1159 5203 oll‘crtur
1178 5149 1400 5205 nomini
1423 5168 1550 5206 meo
1572 5152 1787 5208 oblatio
1811 5154 2033 5210 munda

385 5254 405 5281 α
441 5234 690 5303 (Malach.
721 5237 875 5302 1,11.
903 5257 924 5287 ι
962 5238 1043 5292 De
1092 5255 1208 5309 qua
1255 5239 1546 5297 oblatione
1582 5241 1730 5314 (quae
1780 5247 1868 5298 est
1919 5245 2029 5299 uti-

370 5340 489 5399 que
520 5324 775 5395 pretiosa
793 5325 1027 5381 Domini
1047 5327 1189 5383 Jesu
1213 5328 1426 5385 Christi
1456 5331 1674 5402 passio,
1700 5332 1799 5404 qui
1833 5333 2032 5390 dilexit

378 5428 503 5480 nos,
530 5415 586 5467 et
609 5414 851 5469 tradidit
871 5416 1255 5488 semetipsum
1278 5436 1382 5490 pro
1404 5420 1574 5476 nobis
1596 5421 1951 5478 oblationem
1974 5428 2031 5480 et

374 5497 631 5556 hostiam
650 5503 766 5558 Deo
782 5503 840 5557 in
859 5505 1093 5560 odorem
1118 5506 1443 5580 suavitatis)
1466 5508 1524 5564 in
1547 5512 1784 5582 praefato
1801 5512 2029 5584 psalmo

378 5589 446 5641 ad
480 5589 676 5659 ipsum
716 5591 933 5647 dicitur
954 5593 1025 5647 de
1056 5594 1172 5648 Deo
1204 5594 1372 5651 Patre
1401 5613 1448 5651 εει
1480 5597 1702 5654 Memor
1733 5601 1809 5656 sit
1837 5603 2029 5659 omnis

386 5693 405 5720 ει
442 5675 713 5730 sacriﬁcii
748 5679 853 5744 tui,
887 5683 943 5734 et
987 5679 1392 5738 holocaustum
1444 5686 1612 5740 tuum
1663 5688 1879 5759 pingue
1931 5691 2031 5745 ﬁat

389 5782 408 5806 ε
445 5761 613 5829 (Psal.
645 5780 754 5832 nx,
787 5767 861 5834 4).
896 5790 917 5815 ιι

2147 4900 2219 4938 no
2246 4901 2258 4938 :
2293 4903 2313 4931 ι
2340 4882 2487 4949 Quia
2507 4864 2699 4937 t‘actus
2723 4898 2854 4937 sum
2879 4876 3079 4934 Israeli
3103 4880 3288 4948 pater,
3312 4876 3370 4928 et
3390 4869 3668 4942 Ephraim
3689 4864 3789 4941 pri-

2150 4997 2169 5022 α
2209 4973 2542 5045 mogenitus
2573 4988 2739 5027 meus
2769 4973 2857 5026 est
2877 4971 3095 5040 (Jermn.
3118 4981 3272 5031 xxxx,
3295 4962 3373 5032 9).
3400 4983 3421 5010 ι
3448 4960 3637 5015 Istum
3668 4972 3788 5045 spc-

2143 5066 2274 5118 rant
2304 5044 2438 5135 post
2469 5061 2894 5118 revocationem
2935 5052 3294 5129 captivitatis
3340 5067 3480 5118 suae,
3512 5044 3785 5104 venienti-

2141 5152 2253 5207 bus
2284 5168 2458 5224 super
2491 5168 2552 5207 se
2587 5149 2865 5222 gentibus
2896 5143 3298 5210 ferocissimis,
3321 5141 3446 5212 Gog
3475 5140 3533 5193 et
3564 5136 3782 5209 Magog,

2142 5243 2215 5297 ad
2247 5241 2468 5298 bellum
2501 5244 2703 5295 contra
2731 5256 2829 5295 cas
2871 5250 3287 5309 processurum
3321 5248 3333 5287 :
3371 5233 3429 5286 et
3483 5227 3542 5282 in
3593 5226 3779 5282 eodem

2140 5331 2291 5387 bello
2325 5329 2814 5396 interﬁciendum,
2837 5331 2895 5382 et
2916 5325 2988 5383 ab
3017 5323 3176 5381 omni
3209 5318 3424 5395 populo
3456 5316 3779 5373 Judceorum

2140 5421 2394 5495 graviter
2424 5418 2843 5492 plangendum.
2865 5417 2936 5472 Et
2965 5415 3075 5471 hoc
3102 5430 3230 5470 esse
3251 5408 3395 5467 dicit
3425 5406 3582 5479 quod
3612 5405 3673 5459 in
3699 5403 3781 5458 Za-

2140 5511 2341 5568 charia
2370 5507 2652 5582 propheta
2674 5508 2958 5578 scriptum
2982 5508 3069 5561 est
3092 5522 3140 5559 ει
3166 5504 3234 5558 Et
3256 5497 3541 5572 aspicient
3560 5495 3634 5550 ad
3660 5507 3778 5549 eum

2147 5622 2168 5649 ε
2204 5601 2262 5655 in
2295 5616 2469 5671 quem
2517 5599 2901 5664 conﬁxerunt,
2936 5600 2994 5651 et
3042 5594 3323 5667 plangant
3371 5602 3507 5643 eum
3559 5583 3779 5656 planctu

2147 5711 2168 5737 α
2204 5688 2371 5761 quasi
2420 5704 2596 5757 super
2648 5685 3038 5758 unigenitum,
3063 5688 3120 5739 et
3164 5679 3449 5738 dolebunt
3506 5688 3681 5761 super
3723 5685 3778 5725 oo

2146 5799 2168 5829 ι
2202 5759 2356 5835 sicut
2384 5775 2568 5834 doleri
2598 5773 2745 5831 solet
2785 5776 2844 5830 in
2886 5778 3071 5831 morte
3101 5765 3479 5845 primogeniti
3506 5781 3518 5819 :
3545 5767 3603 5819 et
3630 5759 3778 5836 plan-
