3900 6382
134 415 246 495 153

1390 416 1539 479 LIB.
1588 412 1904 499 comma
1942 410 2289 478 JUDAEOS.

3440 423 3564 507 liii

198 546 342 605 XIX.
375 546 523 603 Nam
557 550 617 603 et
646 545 705 602 in
737 546 1002 605 historiis
1050 547 1464 605 ecclesiasticis
1514 548 1790 622 legimus,
1822 547 1879 619 Α
1906 565 1976 603 ex
2005 547 2315 620 Babylone,
2343 564 2446 606 nec
2480 553 2611 623 post
2632 550 3085 625 quadringintos
3116 551 3378 627 triginta,
3412 556 3566 615 sicut

135 639 403 709 (Ruﬁnus,
439 638 538 692 lib.
581 655 615 692 x
658 639 884 703 Histor.,
919 654 1037 709 cap.
1072 639 1305 710 xxxv”),
1338 655 1437 693 eos
1478 638 1792 711 aliquoties
1827 630 1835 641 ’
1905 653 1973 691 ex
2005 638 2268 710 Egypto,
2294 640 2394 695 sed
2431 657 2617 711 neque
2640 645 2771 713 post
2792 641 3166 716 quingentos,
3193 644 3293 717 qui
3308 646 3434 716 jam
3463 647 3566 703 im-

138 728 253 785 sive
295 744 397 799 per
445 729 749 798 apostatas
799 726 1088 794 homines,
1123 727 1242 783 sive
1290 745 1393 799 per
1438 727 1633 800 ipsum
1667 728 1792 783 dia-

138 816 334 872 bolum
393 817 913 889 transfigurantem
964 834 1026 871 se
1076 815 1136 870 in
1187 816 1461 889 angelum
1514 817 1680 884 lucis,
1725 818 1795 873 ad

137 906 273 961 talia
302 921 431 961 esse
471 904 729 959 delusus.
762 906 928 960 Sicut
968 904 1244 961 Julianus
1289 907 1607 979 imperator
1637 908 1794 979 (Hist.

144 996 307 1068 Trip.,
343 995 444 1051 lib.
479 1012 555 1062 γι,
589 1012 707 1066 cap.
732 995 913 1065 XLIII),
938 1012 1007 1050 ex
1037 995 1370 1051 Christiano
1403 997 1475 1051 ad
1506 995 1799 1052 idolorum

139 1085 359 1141 cultum
382 1101 724 1152 conversus,
749 1088 807 1140 et
842 1102 946 1157 per
986 1085 1187 1140 omnia
1206 1086 1604 1142 Antichristus
1631 1086 1800 1141 effec-

140 1177 253 1249 tus,
278 1173 436 1229 inter
465 1176 705 1228 cmteras
728 1172 1059 1245 impietates
1086 1192 1248 1243 suas,
1276 1175 1334 1229 in
1358 1175 1561 1231 odium
1584 1167 1801 1231 Christi
1836 1190 1837 1193 ‘

140 1261 426 1334 templum
460 1261 520 1315 in
554 1260 976 1334 Hierosolymis
1007 1261 1091 1317 eis
1125 1278 1395 1334 reparare
1428 1261 1716 1336 permisit,
1742 1276 1811 1327 ut

145 1351 222 1408 ibi
253 1349 415 1406 velut
456 1348 676 1423 legales
705 1350 978 1406 victimas
1022 1350 1420 1407 immolarent.
1445 1351 1709 1424 Cumque
1739 1368 1809 1406 ex

145 1439 421 1497 omnibus
470 1438 787 1511 provinciis
836 1439 1057 1495 Judaeis
1089 1437 1373 1508 collectis,
1407 1457 1555 1496 nova
1602 1438 1806 1512 templi

143 1529 525 1596 fundamenta
574 1522 869 1599 jacerent;
921 1528 1116 1585 subito
1168 1532 1336 1585 nocte
1385 1530 1588 1585 oborto
1640 1533 1805 1585 terra:

143 1623 326 1687 metu,
357 1635 499 1674 saxa
528 1618 599 1674 ab
630 1618 755 1674 imo
777 1618 1301 1675 fundamentorum
1336 1637 1605 1688 excussa,
1635 1619 1808 1691 longe

141 1706 376 1780 lateque
407 1724 615 1781 sparsa
637 1710 796 1763 sunt.
822 1709 1037 1781 lgneus
1067 1724 1300 1781 quoque
1320 1708 1532 1781 globus
1554 1709 1625 1765 ab
1658 1709 1807 1764 inte-

144 1795 277 1853 riori
300 1796 423 1852 aade
454 1795 659 1868 templi
690 1812 986 1869 egressus,
1008 1797 1299 1868 plurimos
1320 1815 1523 1854 eorum
1546 1816 1653 1855 suo
1682 1816 1810 1871 pro-

143 1885 349 1942 stravit
377 1884 673 1941 incendio.
699 1888 823 1951 Quo
854 1890 1075 1941 terrore
1097 1885 1279 1957 aliqui
1311 1887 1615 1958 pavefacti,
1641 1887 1803 1943 Chri-

144 1960 301 2030 Stum
326 1975 760 2030 confitebantur
780 1973 967 2029 inviti.
983 1974 1054 2029 Et
1076 1990 1148 2028 ne
1169 1973 1327 2029 istud
1346 1992 1485 2029 casu
1505 1977 1807 2032 crederent
1832 1960 1869 2001 ⁸

147 2064 390 2133 factum,
416 2062 684 2136 sequenti
717 2066 885 2118 nocte
915 2062 977 2117 in
1000 2063 1366 2119 vestimentis
1386 2081 1590 2120 eorum
1613 2066 1804 2121 crucis

144 2134 419 2226 apparuit
448 2134 1028 2224 signum.Theodosii
1049 2168 1281 2224 quoque
1313 2153 1558 2210 minoris
1583 2157 1803 2226 tempo-

145 2243 308 2299 ribus
330 2242 491 2314 (Hz'st.
521 2243 695 2314 Trip.,
718 2240 815 2296 lib.
838 2258 938 2309 xu,
963 2258 1081 2313 cap.
1106 2242 1207 2309 Ix),
1230 2240 1502 2298 diabolus
1523 2242 1583 2297 in
1615 2244 1806 2316 specie

142 2330 332 2404 Moysi
364 2329 587 2385 Judmis
618 2330 677 2384 in
708 2333 873 2385 Creta
903 2347 1211 2403 apparens,
1233 2332 1372 2387 dum
1397 2348 1495 2388 eos
1522 2350 1625 2406 per
1646 2350 1805 2389 mare

146 2421 290 2493 pede
322 2419 479 2475 sicco
512 2420 585 2474 ad
617 2424 833 2477 terram
866 2420 1339 2491 repromissionis
1369 2423 1656 2493 promittit
1684 2440 1808 2494 per-

149 2510 382 2575 ducere,
409 2507 681 2581 plurimis
706 2508 929 2563 necatis
950 2508 1160 2581 reliqui
1184 2510 1282 2581 qui
1316 2510 1460 2565 salvi
1484 2512 1620 2566 facti
1644 2516 1802 2580 sunt,

147 2598 460 2673 confestim
490 2598 564 2653 ad
596 2597 811 2653 Christi
854 2598 1105 2671 gratiam
1150 2599 1557 2672 confugerunt.
1592 2601 1809 2657 Scribit

151 2688 324 2744 etiam
364 2687 572 2744 beatus
622 2687 1011 2760 Hieronymus
1059 2687 1120 2743 in
1170 2688 1618 2745 Commentariis
1666 2692 1806 2745 Eze-

150 2775 373 2857 chielis,
410 2793 545 2831 cum
576 2776 747 2833 illum
787 2775 981 2832 locum
1014 2777 1351 2850 explanaret
1380 2778 1481 2835 ubi
1513 2780 1805 2852 prepheta:

152 2865 484 2939 praecipitur
513 2869 578 2920 ut
608 2865 863 2922 dormiat
894 2882 1071 2938 super
1098 2866 1254 2923 latus
1287 2884 1462 2923 suum
1496 2867 1803 2924 sinistrum

152 2958 439 3010 trecentos
492 2953 811 3029 nonaginta
859 2955 1005 3021 dies,
1047 2958 1105 3010 et
1153 2960 1422 3011 assumat
1465 2955 1808 3027 iniquitates

153 3043 359 3099 domus
377 3043 556 3100 Israel
578 3061 590 3098 :
612 3043 869 3114 itemque
891 3041 1143 3098 dormiat
1165 3060 1341 3115 super
1360 3043 1517 3100 latus
1540 3046 1806 3100 dextrum

154 3133 541 3205 quadraginta
570 3132 787 3199 dies,et
806 3135 1074 3187 assumat
1103 3131 1442 3205 iniquitates
1463 3135 1676 3190 domus
1704 3135 1808 3191 Ju-

154 3222 356 3289 da.Qui
379 3220 510 3276 dies
524 3221 719 3293 juncti
737 3220 1095 3288 simul,fiunt
1111 3221 1525 3294 quadringenti
1544 3223 1806 3296 triginta,

1906 726 2045 798 pleti
2109 730 2267 795 sunt,
2312 728 2587 796 relaxari;
2649 747 2763 786 non
2818 731 3154 805 intelligunt
3212 750 3274 790 se
3328 736 3566 807 gravius

1908 831 2087 887 quam
2122 833 2383 887 unquam
2417 822 2589 873 antea
2608 818 2666 873 in
2695 819 2876 874 Deum
2907 837 3200 892 peccasse,
3225 824 3325 879 Dei
3352 824 3562 881 Filium

1909 901 2322 975 crucifigendo,
2339 908 2395 959 et
2415 904 2726 961 clamando
2746 924 2793 962 τα
2817 907 3070 980 Sanguis
3087 910 3215 980 ejus
3233 928 3412 983 super
3436 930 3563 982 nos,

1914 995 1970 1046 et
1993 1010 2168 1064 super
2194 992 2347 1049 ﬁlios
2379 999 2608 1050 nostros
2630 994 2835 1063 (Matth.
2860 1014 3058 1066 XXVIII,
3081 999 3194 1067 25);
3225 1021 3245 1049 ιο
3272 1005 3330 1056 et
3350 1000 3566 1059 idcirco

1913 1097 1947 1136 a
1977 1082 2092 1136 Deo
2124 1098 2251 1136 esse
2276 1084 2540 1139 desertos
2563 1088 2736 1156 atque
2765 1085 3040 1143 oblivioni
3073 1089 3318 1145 traditos
3345 1107 3357 1145 :
3382 1092 3567 1149 donec

1913 1170 2265 1226 erubescant
2286 1170 2650 1229 inﬁdelitatis
2670 1191 2809 1242 suae,
2835 1180 2891 1230 et
2913 1194 3027 1232 non
3056 1179 3437 1251 temporalem
3464 1182 3567 1238 sed

1915 1263 2192 1315 mteruam
2225 1260 2576 1329 libertatem,
2601 1280 2728 1336 qua:
2780 1265 2840 1320 in
2889 1266 3118 1324 Christo
3151 1274 3258 1339 est,
3283 1271 3569 1345 incipiant

1917 1347 2250 1405 desiderare
2284 1367 2297 1404 :
2328 1350 2482 1406 sicut
2510 1352 2595 1407 eis
2624 1369 2727 1424 per
2757 1353 3016 1426 Moysem
3044 1356 3171 1428 ipse
3200 1359 3568 1432 omnipotens

1916 1436 2073 1493 Deus
2104 1439 2497 1495 comminatus
2527 1444 2636 1509 est,
2670 1442 2871 1498 dicens
2906 1461 2918 1498 :
2949 1466 2971 1494 α
3007 1444 3192 1502 Urbes
3222 1452 3444 1505 vestras
3476 1466 3568 1505 rc-

1924 1544 1947 1574 ι
1980 1526 2178 1599 digam
2220 1527 2279 1583 in
2331 1528 2735 1601 solitudinem,
2766 1536 2825 1587 et
2854 1532 3084 1590 deserta
3130 1535 3341 1593 faciam
3395 1555 3570 1595 sanc-

1923 1637 1945 1664 ι
1980 1616 2176 1672 tuaria
2203 1621 2415 1687 vestra,
2449 1635 2555 1675 nec
2584 1619 2863 1693 recipiam
2895 1621 3050 1679 ultra
3078 1625 3315 1684 odorem
3346 1627 3569 1700 suavis-

1923 1723 1946 1754 ι
1981 1704 2201 1762 simum
2234 1722 2247 1762 :
2284 1707 2739 1782 disperdamque
2786 1714 3003 1767 terram
3043 1717 3319 1785 vestram,
3353 1721 3411 1774 et
3438 1722 3570 1775 stu-

1923 1812 1944 1840 ι
1980 1792 2205 1864 pebunt
2243 1811 2421 1867 super
2475 1812 2604 1852 eam
2656 1796 2880 1854 inimici
2927 1801 3125 1871 vestri,
3158 1819 3292 1859 cum
3343 1788 3574 1878 habitas

1927 1902 1948 1929 ι
1985 1884 2139 1938 tores
2192 1882 2351 1938 illius
2409 1884 2647 1940 fuerint.
2690 1885 2806 1941 Vos
2864 1892 3061 1946 autem
3112 1891 3447 1966 dispergam
3510 1895 3570 1971 in

1921 1988 1943 2017 ι
1977 1974 2201 2043 gentes,
2237 1976 2294 2027 et
2327 1972 2645 2045 evaginabo
2676 1978 2811 2047 post
2847 1993 2948 2032 vos
2995 1977 3259 2051 gladium
3293 1998 3306 2037 :
3341 1983 3569 2056 eritque

1921 2079 1943 2107 ι
1976 2062 2132 2115 terra
2175 2063 2369 2116 vestra
2417 2061 2668 2129 deserta,
2700 2068 2759 2118 et
2807 2063 3071 2122 civitates
3120 2067 3327 2125 dirutae
3374 2073 3565 2141 (Lavit.

1921 2169 1942 2196 ι
1975 2164 2128 2217 xxv1,
2162 2150 2252 2217 31,
2302 2152 2392 2218 32,
2445 2152 2557 2222 33).
2587 2174 2609 2204 ι
2648 2152 2718 2206 Et
2763 2151 2978 2209 iterum
3012 2172 3069 2210 τοι
3104 2156 3371 2217 Peribitis
3421 2160 3572 2217 inter

1922 2255 1945 2285 ι
1977 2242 2203 2309 gentes,
2236 2242 2293 2295 et
2335 2239 2569 2296 hostilis
2595 2257 2697 2296 vos
2746 2244 2903 2319 terra
2950 2248 3274 2309 consumet.
3308 2250 3471 2321 Quod
3520 2250 3569 2306 si

1923 2343 1945 2373 ι
1978 2327 2049 2381 de
2102 2327 2197 2383 his
2257 2328 2439 2400 aliqui
2502 2330 2917 2400 remanserint,
2981 2334 3283 2403 tabesccnt
3338 2336 3402 2394 in
3460 2338 3569 2403 ini-

1923 2434 1945 2461 α
1979 2415 2308 2487 quitatibus
2339 2418 2485 2489 suis,
2520 2418 2578 2474 in
2612 2423 2768 2475 terra
2796 2418 3172 2501 inimicorum
3209 2442 3482 2501 suorum;
3515 2432 3573 2501 et

1922 2528 1942 2554 α
1980 2510 2219 2577 propter
2249 2512 2487 2578 peccata
2525 2511 2760 2580 patrum
2802 2526 3045 2567 suorum
3076 2494 3275 2575 et‘sua
3303 2494 3571 2590 affligens,-

1921 2617 1943 2644 α
1981 2599 2096 2662 tur,
2132 2596 2317 2651 donec
2344 2598 2735 2653 confiteantur
2765 2597 3103 2672 iniquitates
3133 2609 3359 2677 suas,et
3388 2608 3571 2680 majo-

1922 2706 1943 2733 α
1978 2701 2110 2739 rum
2142 2702 2407 2751 suorum,
2441 2685 2657 2757 quibus
2688 2688 3047 2758 praevaricati
3078 2695 3218 2761 sunt
3256 2692 3316 2765 in
3368 2711 3483 2763 me,
3518 2700 3577 2752 et

1916 2760 1943 2823 ’σι
1981 2773 2433 2830 ambulaverunt
2460 2791 2529 2830 ex
2572 2777 2812 2833 adverso
2841 2777 3011 2833 mihi.
3041 2760 3369 2843 Ambulabo
3397 2760 3576 2855 igitur

1923 2883 1943 2910 α
1980 2866 2038 2918 et
2068 2878 2174 2935 ego
2233 2867 2438 2919 contra
2477 2880 2597 2932 eos,
2630 2868 2688 2920 et
2733 2864 3012 2935 inducam
3064 2867 3197 2924 illos
3245 2856 3571 2945 initerram

1923 2972 1945 3001 ι
1980 2950 2276 3023 hostilem,
2336 2953 2519 3008 donec
2576 2953 2884 3010 erubescat
2938 2954 3352 3014 incircumcisa
3404 2976 3572 3035 mens

1923 3061 1944 3089 ι
1980 3056 2206 3096 eorum.
2240 3041 2404 3096 Tunc
2444 3041 2698 3096 orabunt
2746 3059 2851 3114 pro
2899 3042 3305 3117 impietatibus
3334 3047 3481 3115 suis,
3512 3053 3572 3119 et

1923 3151 1945 3179 α
1982 3129 2331 3185 recordabor
2366 3129 2596 3185 foederis
2640 3130 2754 3185 mei
2797 3132 2952 3204 quod
2997 3118 3358 3211 pepigi'cum
3387 3118 3570 3203 Abra-

1924 3242 1945 3270 ι
1976 3219 2137 3287 ham,
2161 3222 2218 3274 et
2251 3220 2432 3287 Isaac,
2456 3224 2515 3274 et
2533 3219 2713 3277 Jacob
2744 3224 2908 3289 (vers.
2931 3222 3021 3290 38,
3043 3222 3132 3291 39,
3158 3224 3245 3292 40,
3271 3226 3361 3299 lit,
3385 3226 3476 3301 42)
3498 3244 3511 3282 :
3542 3249 3564 3277 ι

156 3317 211 3368 et
238 3287 340 3385 pro
374 3287 623 3368 totidem
669 3287 1030 3382 deputantur
1066 3287 1269 3379 annis;
1302 3287 1532 3367 dicente
1562 3287 1809 3368 Domino
1918 3308 1978 3367 Si
2008 3325 2203 3364 veram
2249 3307 2501 3364 salutem
2551 3312 2609 3365 et
2664 3287 3014 3366 libertatem
3042 3287 3170 3383 qua:
3217 3287 3291 3371 in]
3324 3287 3418 3371 his
3456 3287 3566 3387 'Dei,

158 3401 227 3457 ad
254 3401 532 3458 eumdem
582 3398 927 3472 prophetam
959 3416 971 3455 :
1004 3420 1025 3449 α
1060 3399 1224 3455 Diem
1275 3417 1378 3473 pro
1428 3418 1601 3470 anno,
1626 3401 1807 3469 diem,

156 3487 420 3561 inquam,
462 3505 568 3561 pro
617 3505 771 3544 anno
819 3487 953 3543 dedi
1002 3488 1109 3543 tibi
1158 3490 1371 3557 (Exeo/1.
1406 3494 1505 3561 Iv).
1536 3515 1557 3543 ι
1597 3492 1812 3551 Scribit

159 3576 349 3650 itaque
370 3578 648 3652 praefatus
669 3577 890 3645 doctor,
915 3582 973 3632 et
993 3577 1377 3633 vanissimam
1408 3596 1573 3652 spem
1603 3598 1806 3637 eorum

158 3666 222 3721 de
248 3665 616 3723 absolutione
644 3666 1023 3739 captivitatis,
1048 3667 1109 3721 in
1134 3684 1250 3739 qua
1270 3685 1427 3724 nunc
1448 3669 1804 3739 detinentur,

156 3753 243 3813 his
296 3757 492 3812 verbis
550 3756 817 3831 exponit,
872 3756 1073 3812 dicens
1127 3756 1207 3826 (S.
1265 3759 1486 3814 Hieron.
1544 3761 1603 3814 in
1651 3776 1698 3816 c.
1751 3777 1809 3817 Iv

154 3845 359 3919 Exacta.)
385 3863 433 3901 ει
459 3843 649 3902 Judaei
670 3862 705 3901 a
724 3847 985 3901 secundo
1007 3862 1160 3901 anno
1182 3846 1549 3919 Vespasiani,
1570 3850 1806 3921 quando

153 3931 513 4005 Hierusalem
546 3951 580 3989 a
610 3934 891 3990 Romanis
922 3938 1111 4007 capta,
1137 3935 1545 4009 templumque
1574 3939 1809 3994 subver-

152 4037 277 4097 sum
305 4028 417 4093 est,
443 4027 768 4096 supputare
788 4022 993 4079 volunt
1014 4023 1072 4078 in
1099 4024 1479 4081 tribulatione
1507 4031 1564 4082 et
1593 4045 1809 4101 angus-

151 4110 228 4189 tia
254 4117 311 4167 et
339 4111 700 4187 captivitatis
722 4113 868 4185 jugo
899 4112 1099 4185 populi
1132 4113 1409 4169 constitui
1442 4131 1629 4171 annos
1660 4134 1803 4189 qua-

154 4184 477 4276 dringintos
527 4201 790 4275 triginta,
811 4184 881 4257 et
910 4184 995 4257 sic
1027 4201 1216 4257 redire
1262 4202 1549 4275 populum
1580 4206 1653 4259 ad
1678 4184 1803 4277 pri-

154 4288 365 4357 stinum
388 4296 646 4361 statum;
671 4294 738 4347 ut
757 4291 1051 4363 quomodo
1073 4290 1178 4349 filii
1207 4290 1383 4347 Israel
1406 4293 1559 4363 quad
1570 4293 1801 4367 ringen-

152 4376 225 4439 tis
262 4379 506 4455 triginta
545 4380 715 4436 annis
747 4380 986 4437 fuerunt
1012 4380 1072 4434 in
1106 4381 1365 4454 /Egypto,
1392 4380 1477 4437 sic
1508 4381 1567 4437 in
1598 4383 1802 4440 eodem

158 4483 390 4526 numero
418 4469 661 4527 finiatur
691 4473 955 4525 extrema
993 4468 1302 4542 captivitas
1344 4488 1357 4526 :
1401 4471 1803 4545 scriptumque

158 4570 276 4627 esse
296 4559 354 4614 in
376 4558 572 4633 Exodo
595 4557 707 4631 (XL.
743 4559 902 4619 112):
934 4580 956 4608 ει
990 4558 1285 4615 Habitatio
1317 4563 1513 4616 autem
1545 4560 1800 4618 filiorum

1916 3398 2109 3454 verbis
2156 3397 2520 3470 promittitur
2559 3402 2902 3470 quaererent,
2946 3399 3075 3470 jam
3123 3400 3351 3480 dudum
3399 3403 3568 3479 intel-

1914 3488 2096 3561 ligere
2126 3488 2460 3559 potuissent
2497 3487 2578 3543 ita
2620 3487 2849 3543 deserta
2874 3486 3032 3545 facta
3059 3505 3188 3546 esse
3236 3493 3572 3550 sanctuaria

1917 3595 2046 3647 sua,
2072 3580 2137 3631 ut
2157 3576 2332 3648 (sicut
2361 3577 2515 3632 Deus
2558 3577 2683 3648 ipse
2733 3577 3005 3649 testatur)
3045 3595 3160 3635 non
3209 3581 3451 3657 recipiat
3496 3584 3568 3655 ab

1916 3667 2001 3722 eis
2031 3665 2453 3722 ultraodorem
2494 3665 2936 3735 suavissimum,
2972 3684 3078 3727 nec
3105 3685 3309 3725 eorum
3341 3675 3568 3745 ιιθβιειμ-

1916 3755 2224 3834 rationem,
2258 3772 2387 3828 quae
2416 3753 2581 3811 nulla
2609 3759 2717 3824 est,
2759 3759 3156 3828 expectarent;
3190 3758 3294 3815 sed
3342 3759 3570 3833 seipsos

1916 3845 2335 3907 restaurandos
2374 3843 2679 3899 humiliter
2722 3844 2837 3923 Deo
2868 3843 3205 3912 subderent,
3238 3848 3567 3923 conﬁtendo

1915 3934 2260 4009 iniquitates
2291 3949 2429 3988 suas
2450 3935 2507 3987 et
2532 3933 2824 4003 majorum
2856 3949 3121 3998 suorum,
3144 3936 3203 3990 et
3221 3936 3442 4007 orando
3462 3953 3565 4013 pro

1913 4021 2318 4095 impietatibus
2369 4021 2606 4088 suis,ut
2653 4019 3082 4093 indulgentiam
3114 4023 3393 4095 consequi
3441 4040 3564 4081 me-

1912 4114 2197 4168 rerentur.
2233 4108 2344 4164 Sed
2376 4108 2517 4179 quia
2546 4108 2797 4164 necdum
2828 4108 3122 4164 erubescit
3150 4109 3567 4171 incircumcisa

1914 4216 2082 4277 mens
2129 4214 2355 4264 eorum,
2391 4200 2604 4269 putant
2646 4197 3159 4269 pseudochristum
3197 4217 3372 4257 suum
3410 4220 3563 4275 nun-

1912 4305 2092 4362 quam
2124 4285 2294 4354 mori,
2320 4289 2422 4341 aut
2452 4302 2778 4358 resurgere,
2803 4288 2905 4343 sed
2936 4287 2995 4343 in
3024 4292 3307 4346 aeternum
3334 4291 3561 4350 vivere:

1912 4382 1970 4437 et
1998 4394 2067 4433 ex
2093 4375 2197 4432 illa
2225 4374 2553 4430 retrusione
2586 4392 2694 4431 sua
2725 4376 2919 4433 subito
2946 4376 3005 4435 in
3038 4379 3298 4453 nubibus
3316 4380 3445 4453 βαδιί
3476 4398 3565 4441 ve-

1912 4469 2171 4527 nientem
2201 4480 2500 4538 apparere.
3493 4455 3499 4469 ¹

1981 4557 2121 4613 XXI.
2158 4554 2321 4612 Sicut
2365 4553 2545 4609 etiam
2576 4553 2819 4626 quidam
2868 4555 3196 4627 inﬁdelium
3226 4558 3563 4635 Judmorum

160 4661 183 4719 ει
215 4646 384 4705 Israel
425 4647 567 4722 quia
607 4646 1021 4705 habitaverunt
1068 4646 1127 4702 in
1178 4650 1333 4703 terra
1379 4649 1627 4722 IEgypti,
1662 4652 1800 4708 anni
1833 4661 1884 4740 ρ
1912 4663 2088 4722 prava
2121 4643 2392 4740 qpinione
2423 4643 2674 4740 decepti,
2696 4643 3280 4740 quia-frcquenter‘in
3303 4646 3562 4740 Scriptu-

160 4750 187 4795 μ
214 4735 626 4811 quadringenti
648 4735 891 4808 triginta
908 4739 1104 4792 sunt.»
1134 4736 1204 4792 Et
1234 4735 1447 4792 iterum
1468 4743 1631 4809 (vers.
1653 4742 1766 4813 XLI)

161 4822 445 4895 {Factum
492 4829 583 4883 est
638 4828 773 4898 post
830 4841 1018 4881 annos
1057 4824 1510 4899 quadringintos
1557 4828 1803 4901 triginta

156 4924 415 4989 egressus
444 4918 535 4989 est
563 4912 758 4970 omnis
797 4913 1086 4971 exercitus
1119 4918 1308 4969 nocte.
1344 4912 1459 4979 Iste
1509 4933 1801 4974 annorum

157 5014 427 5058 numerus
447 5004 522 5059 ab
543 5002 779 5058 exordio
804 5002 1161 5077 captivitatis
1181 5004 1623 5073 eorum,diebus
1646 5007 1803 5063 beati

159 5085 480 5166 Hieronymi
513 5092 768 5149 necdum
808 5096 934 5148 erat
963 5091 1268 5165 expletus:
1298 5109 1456 5148 nunc
1502 5111 1636 5150 vero
1685 5114 1801 5153 non

159 5173 340 5237 solum
360 5180 487 5252 jam
517 5179 782 5251 expletus
812 5184 922 5247 est,
955 5180 1058 5236 sed
1090 5180 1266 5236 etiam
1297 5181 1415 5237 fere
1443 5182 1801 5255 duplicatus.

159 5261 297 5341 Nam
327 5268 398 5323 ab
439 5270 693 5327 adventu
744 5267 978 5345 Domini
1029 5269 1346 5326 Salvatoris
1394 5272 1715 5346 octingenti
1746 5279 1805 5331 et

162 5356 536 5430 quadraginta
546 5375 649 5415 sex
664 5357 1198 5435 impraesentiarum
1211 5364 1629 5433 computantur
1641 5363 1800 5419 anni.

364 5445 561 5523 Delusi
605 5452 748 5504 sunt
785 5464 922 5520 ergo
952 5464 1103 5503 vana
1149 5450 1579 5521 exspectatione
1612 5452 1802 5523 majo—

163 5544 248 5606 res
277 5549 474 5592 eorum
499 5555 512 5593 :
537 5537 900 5594 deluduntur
928 5543 987 5593 et
1016 5538 1137 5606 isti,
1163 5538 1371 5610 majori
1406 5540 1609 5611 utique
1639 5541 1801 5596 caeci-

163 5619 298 5701 tate;
330 5626 427 5697 qui
456 5642 590 5701 cum
628 5626 865 5683 videant
911 5630 1259 5700 praesentem
1311 5628 1709 5700 captivitatem
1741 5635 1799 5686 et

166 5710 488 5791 Servitutem
519 5733 710 5793 suam,
737 5732 843 5790 nec
873 5720 1007 5789 post
1037 5716 1411 5790 septuaginta
1436 5734 1620 5775 annos
1650 5719 1805 5779 sicut

1920 4736 2003 4797 ris
2031 4736 2104 4792 de
2124 4733 2355 4791 Christo
2376 4732 2685 4789 audierant
2702 4733 2858 4805 quod
2891 4750 3137 4807 regnum
3166 4735 3296 4807 ejus
3319 4741 3475 4793 esset
3503 4737 3563 4794 in

1912 4830 2215 4891 aeternum,
2249 4822 2404 4897 sicut
2450 4821 2510 4877 in
2561 4820 2712 4879 Isaia
2760 4821 2975 4895 legitur
3020 4840 3089 4893 ιβ
3140 4824 3566 4898 Multiplicatur

1917 4939 1939 4985 ᾳ
1974 4915 2102 4986 ejus
2132 4910 2473 4984 imperium,
2496 4915 2554 4966 et
2583 4911 2746 4984 pacis
2777 4928 2893 4967 non
2923 4911 3035 4969 erit
3063 4912 3199 4981 ﬁnis
3224 4931 3237 4971 :
3272 4931 3450 4987 super
3478 4933 3568 4973 so-

1917 5002 2117 5076 alium
2148 5000 2350 5067 David,
2384 5003 2442 5056 et
2487 5017 2667 5072 super
2713 5017 2961 5074 regnum
3009 5002 3141 5073 ojus
3194 5004 3450 5072 sedebit;
3502 5008 3567 5065 ut

1917 5113 1941 5163 ᾳ
1975 5093 2282 5149 confirmet
2301 5089 2535 5162 illud,et
2554 5091 2886 5146 corroboret
2906 5090 2964 5145 in
2978 5090 3205 5163 judicio
3226 5096 3284 5148 et
3295 5092 3562 5164 justitia;

1917 5203 1940 5253 ᾳ
1975 5182 2205 5247 amodo,
2238 5183 2295 5236 et
2340 5196 2527 5252 usque
2576 5180 2635 5234 in
2682 5181 3104 5252 sempiternum
3154 5181 3278 5254 (Isa.
3313 5199 3386 5249 Ix,
3415 5183 3508 5250 7);
3536 5206 3558 5233 ιι

1917 5294 1938 5343 ᾳ
1975 5274 2035 5327 et
2062 5270 2124 5325 in
2175 5268 2406 5325 Psalmo
2440 5285 2454 5324 :
2485 5292 2506 5317 α
2534 5269 2603 5324 Et
2635 5268 2881 5339 thronus
2909 5270 3037 5340 ejus
3067 5270 3223 5328 sicut
3261 5270 3387 5327 dies
3434 5271 3565 5333 caeli

1917 5380 1939 5439 τι
1975 5358 2147 5430 (Psal.
2185 5374 2447 5424 Lxxxvm,
2496 5357 2619 5425 30);
2658 5381 2680 5409 ι
2735 5360 2794 5413 et
2839 5357 3053 5415 iterum
3087 5375 3101 5417 :
3133 5379 3155 5407 α
3197 5360 3268 5415 Et
3314 5358 3565 5416 thronus

1918 5471 1939 5499 α
1975 5449 2105 5519 ejus
2125 5448 2280 5504 sicut
2300 5446 2384 5503 sol
2411 5447 2470 5503 in
2493 5451 2808 5519 conspectu
2836 5453 3059 5517 meo,et
3079 5449 3234 5506 sicut
3258 5448 3400 5504 luna
3428 5467 3566 5522 per-

1918 5561 1940 5589 α
1977 5538 2127 5594 fecta
2160 5536 2219 5591 in
2263 5540 2546 5591 aeternum
2579 5540 2741 5604 (vers.
2765 5539 2886 5610 3’7);
2911 5562 2933 5589 ι
2973 5538 3260 5609 putabant
3288 5541 3565 5599 eumdem

1913 5626 2212 5695 Christum
2242 5625 2341 5697 qui
2375 5642 2441 5680 ex
2472 5625 2598 5698 lege
2618 5630 2676 5681 et
2702 5626 3001 5699 prephetis
3030 5632 3120 5684 est
3148 5628 3562 5701 repromissus,

1914 5732 2221 5789 nunquam
2252 5715 2604 5801 moriturum
2641 5731 2653 5770 :
2689 5720 2747 5772 et
2776 5716 3023 5783 Domino
3060 5717 3201 5785 Jesu
3231 5716 3463 5781 Christo
3494 5723 3565 5790 de
