3900 6396
336 435 455 502 155

1556 435 1959 501 AMULONIS
2003 430 2245 499 EPISC.
2292 436 2521 501 LUGD.
2562 414 2573 427 “

3632 440 3751 505 156

339 593 449 634 sua
478 575 750 650 passione
780 572 1036 646 loquenti
1067 571 1245 644 (sicut
1275 572 1333 628 in
1365 572 1673 646 Evangelio
1703 572 1988 645 scriptum
2019 570 2073 637 Α
2102 587 2229 643 quae
2258 588 2327 627 ex
2356 572 2514 628 tribu
2534 572 2689 629 Juda
2709 571 2888 631 eleela
2908 577 3018 645 est,
3038 574 3224 633 Judas
3243 574 3592 650 appellatur.
3613 576 3752 633 Inde

338 670 450 737 est)
480 665 852 739 objiciebant,
876 664 1136 720 dicentes
1161 680 1215 718 εκ
1238 665 1353 719 Nos
1377 663 1710 719 audivimus
1743 681 1810 719 ex
1842 663 1987 736 lege,

342 779 365 809 ι
401 756 539 830 quia
567 754 834 810 Christus
882 757 1081 809 manet
1127 752 1185 807 in
1237 758 1540 809 aeternum.
1575 755 1875 819 Quomodo
1926 758 1986 809 tu

341 869 362 896 ι
399 845 583 901 dicis:
609 844 847 915 Oportet
874 841 1113 897 exaltari
1149 841 1336 896 filium
1364 840 1860 912 hominis?(Joan.
1883 859 1988 908 xn,

341 955 363 983 ι
397 934 508 1005 34).
538 955 559 981 η
596 933 708 989 Sed
742 948 846 987 nec
893 931 989 986 isti
1024 930 1448 1002 intelligebant,
1484 947 1589 985 nec
1622 930 1719 985 isti
1769 930 1987 985 intelli-

333 1027 503 1095 gunt,
535 1021 677 1094 quia
697 1022 869 1094 juxta
898 1022 1132 1076 easdem
1167 1020 1393 1075 divinas
1424 1019 1757 1092 Scripturas
1788 1020 1988 1076 nullus

331 1111 484 1167 alius
515 1110 787 1167 Christus
833 1110 1159 1165 credendus
1190 1114 1299 1177 est,
1334 1108 1447 1163 nisi
1479 1108 1578 1181 qni
1629 1126 1732 1182 pro
1784 1126 1985 1181 pecca-

329 1199 406 1255 tis
436 1198 639 1273 populi
686 1198 788 1254 Dei
842 1213 973 1254 vere
1023 1201 1113 1253 est
1160 1200 1431 1253 mortuus
1478 1200 1536 1252 et
1582 1196 1850 1268 sepultus
1885 1213 1897 1251 :
1931 1201 1988 1252 et

328 1306 672 1364 resurgens,
734 1288 892 1344 ultra
947 1304 1062 1343 non
1114 1287 1394 1352 moritur,
1444 1291 1510 1342 ut
1556 1302 1689 1341 vere
1754 1289 1988 1341 maneat

327 1379 388 1435 in
420 1384 735 1446 internum;
767 1380 1019 1434 testante
1049 1376 1297 1433 Domino
1341 1393 1445 1449 per
1493 1376 1703 1432 Isaiam
1735 1375 1985 1447 prophe-

328 1472 451 1524 tam
478 1487 527 1525 τι
563 1468 806 1540 Propter
836 1466 1027 1522 scelus
1058 1465 1258 1539 populi
1290 1466 1402 1521 mei
1436 1464 1698 1538 percussi
1731 1482 1862 1519 eum
1892 1482 1904 1519 :
1931 1468 1987 1519 et

334 1580 356 1608 α
392 1558 557 1614 dabit
586 1556 801 1630 impios
832 1573 935 1627 pro
977 1555 1299 1627 sepultura,
1332 1556 1389 1610 et
1424 1553 1632 1610 divites
1660 1571 1764 1626 pro
1797 1557 1985 1609 morte

333 1668 357 1698 α
393 1663 503 1702 sua
524 1645 651 1718 (Isa.
677 1662 795 1712 Lm,
819 1647 872 1711 8,
898 1644 1006 1715 9).»
1034 1645 1102 1699 Et
1140 1642 1351 1698 iterum
1378 1658 1391 1696 :
1423 1665 1444 1690 α
1472 1642 1532 1698 Si
1572 1641 1833 1714 posuerit
1878 1658 1982 1713 pro

332 1757 355 1786 α
390 1738 627 1808 peccato
657 1734 916 1789 animam
940 1749 1131 1798 suam,
1152 1732 1375 1787 videbit
1392 1746 1591 1786 semen
1614 1730 1938 1803 longaevum
1964 1746 1977 1785 :

318 1825 357 1873 ’ἃ
389 1828 449 1880 et
476 1822 748 1878 voluntas
779 1820 1008 1878 Domini
1028 1821 1087 1875 in
1112 1838 1290 1876 manu
1324 1820 1485 1875 illius
1507 1819 1794 1893 dirigetur
1817 1820 1976 1892 (vers.

330 1934 353 1965 α
392 1913 535 1979 10).»
559 1913 629 1967 Et
658 1914 791 1982 post
820 1927 1007 1982 pauca
1029 1928 1075 1965 τι
1102 1909 1322 1965 Idcirco
1344 1908 1687 1981 dispertiam
1720 1909 1771 1963 ei
1803 1908 1982 1981 pluri-

328 2024 351 2051 ι
390 2018 540 2068 mos,
573 2005 632 2056 et
662 1999 899 2056 fortium
930 1998 1148 2055 dividet
1178 1998 1384 2070 spolia,
1410 2015 1514 2070 pro
1545 2014 1611 2054 eo
1631 1998 1787 2070 quod
1821 1998 1983 2053 dedit

328 2113 351 2141 ι
388 2090 448 2146 in
498 2094 687 2145 morte
737 2089 996 2144 animam
1046 2105 1216 2144 suam
1246 2092 1409 2157 (vers.
1446 2089 1554 2155 12),
1591 2110 1612 2137 ιι
1649 2090 1706 2143 et
1752 2091 1978 2143 caetera.

325 2180 413 2236 Ita
433 2184 753 2251 utrumque
785 2178 1219 2252 prophetatum,
1244 2181 1302 2233 et
1322 2180 1641 2249 utrumque
1670 2180 1760 2232 est
1777 2192 1981 2231 verum

323 2268 386 2324 in
417 2267 669 2337 Christo,
702 2271 759 2323 et
798 2284 958 2323 mors
1004 2267 1076 2323 ad
1122 2271 1394 2339 tempus;
1426 2270 1485 2321 et
1512 2267 1665 2338 'post
1707 2269 1978 2335 mortem,

330 2356 779 2414 resurrectionis
809 2354 996 2430 gloria
1042 2355 1099 2410 in
1153 2359 1457 2411 aeternum.
1492 2355 1573 2410 De
1621 2371 1737 2427 quo
1784 2358 1981 2411 autem

322 2446 439 2504 alio
470 2445 701 2501 Christo
731 2443 932 2501 Daniel
962 2444 1249 2516 propheta
1270 2443 1463 2500 dicere
1490 2443 1778 2516 potuisset
1801 2459 1849 2499 ια
1882 2445 1983 2499 As-

328 2557 352 2587 c
391 2533 682 2608 piciebam
715 2533 774 2589 in
795 2532 1019 2589 visione
1050 2550 1182 2589 mea
1210 2538 1409 2600 nocte;
1432 2536 1489 2588 et
1507 2549 1638 2588 ecce
1659 2549 1792 2588 cum
1815 2532 1981 2589 nubi-

326 2647 348 2675 α
385 2625 499 2680 bus
535 2622 703 2696 quasi
738 2622 897 2679 ﬁlius
932 2622 1192 2679 hominis
1216 2621 1487 2678 veniebat
1506 2623 1666 2690 (Dan.
1689 2639 1789 2691 vn,
1811 2623 1922 2689 13),
1944 2641 1972 2673 ι

325 2717 387 2769 et
418 2716 655 2780 caetera;
686 2711 803 2769 nisi
835 2713 905 2768 de
932 2711 1033 2767 illo
1065 2712 1165 2784 qui
1208 2711 1282 2767 ab
1314 2710 1443 2767 istis
1475 2714 1565 2767 est
1592 2711 1980 2783 reprobatus?

324 2802 491 2859 Sicut
520 2801 579 2857 in
610 2801 725 2857 alia
752 2800 974 2858 visione
997 2801 1176 2874 (quod
1207 2804 1263 2857 et
1301 2818 1479 2875 supra
1511 2800 1791 2870 diximus)
1820 2801 1977 2857 idem

320 2889 524 2948 Daniel
559 2890 934 2964 praenuntiat,
958 2890 1162 2948 dicens
1185 2908 1234 2946 ει
1257 2892 1326 2946 Et
1356 2893 1487 2962 post
1507 2890 1811 2963 sexaginta
1830 2891 1978 2946 duas

322 2999 349 3031 ι
384 2980 784 3037 hebdomadas
816 2980 1114 3037 occidetur
1131 2979 1400 3036 Christus
1425 2996 1437 3036 :
1464 2983 1522 3036 et
1553 2996 1669 3035 non
1709 2978 1819 3036 erit
1847 2980 1976 3050 ejus

320 3089 346 3119 α
379 3068 633 3143 populus
669 3084 681 3124 :
717 3072 774 3125 et
802 3069 1097 3126 civitatem
1129 3074 1186 3125 et
1229 3068 1632 3126 sanctuarium
1664 3068 1977 3141 dissipabit

320 3182 343 3210 α
377 3157 634 3232 populus
665 3175 800 3215 cum
830 3160 979 3216 duce
1015 3163 1259 3215 venturo
1291 3159 1449 3229 (Ibid.
1485 3176 1561 3226 1x,
1592 3159 1705 3229 26).
1732 3180 1754 3209 ιι

386 3249 555 3304 XXII.
579 3247 690 3304 Ubi
712 3251 911 3304 autem
933 3265 1199 3320 unquam
1230 3248 1497 3320 legerunt
1526 3246 1774 3303 alterum
1806 3263 1975 3318 pseu-

315 3336 684 3393 dochristum
725 3353 923 3404 suum,
958 3353 1133 3408 quem
1174 3336 1486 3406 nominant
1532 3335 1811 3391 messiam
1860 3336 1970 3391 ben

314 3423 641 3497 Ephraim?
690 3423 833 3489 Quis
878 3423 1196 3495 aliquando
1225 3424 1665 3496 prophetarum,
1698 3440 1766 3479 ex
1814 3423 1970 3480 tribu

312 3511 593 3585 Ephraim
626 3512 903 3569 Messiam
933 3517 1247 3568 venturum
1277 3529 1407 3568 esse
1438 3510 1741 3583 przedixit?
1769 3513 1972 3569 Nonne

312 3604 372 3658 et
416 3600 597 3656 Jacob
649 3600 1004 3672 patriarcha,
1036 3599 1097 3654 in
1148 3599 1656 3656 benedictionibus
1715 3599 1970 3657 filiorum

313 3705 581 3757 suorum,
624 3691 683 3744 et
736 3706 942 3745 omnes
1000 3689 1274 3760 deinceps
1334 3688 1650 3761 prophetae,
1694 3690 1766 3745 de
1813 3690 1971 3746 tribu

311 3778 343 3837 J
352 3780 471 3834 uda
499 3782 557 3833 et
584 3779 656 3834 de
678 3778 851 3834 domo
873 3776 1053 3834 David
1075 3794 1210 3833 eum
1233 3782 1544 3834 venturum
1568 3778 1763 3834 testati
1795 3779 1973 3835 sunt?

311 3868 517 3924 Nonne
547 3866 873 3923 clarissime
902 3869 1165 3940 apparet,
1188 3866 1329 3939 quia
1371 3866 1481 3922 hoc
1524 3866 1702 3922 nimis
1733 3871 1969 3923 conten-

312 3957 465 4014 tiosa
495 3960 552 4012 et
581 3973 732 4012 caeca
772 3956 1094 4029 impietatis
1144 3956 1462 4012 obstinatio
1511 3955 1874 4029 excogitavit,
1906 3960 1973 4012 ut

311 4060 378 4101 eo
409 4045 534 4101 loco
566 4045 666 4101 ubi
684 4046 840 4118 apud
861 4045 1196 4102 Zachariam
1231 4045 1577 4118 prophetam
1601 4045 1972 4117 apertissime

311 4135 384 4190 de
415 4120 670 4203 Christo,
706 4135 804 4207 qui
837 4136 909 4190 ab
955 4135 1041 4190 eis
1080 4136 1397 4190 crucifixus
1428 4138 1536 4202 est,
1559 4134 1811 4208 legitur:
1843 4158 1864 4183 α
1900 4136 1972 4191 Et

314 4243 338 4274 α
373 4222 657 4296 plangent
686 4240 821 4279 eum
855 4223 1094 4295 planctu
1126 4223 1317 4296 quasi-
1338 4241 1516 4295 super
1545 4223 1915 4296 unigenitum
1952 4242 1965 4280 :

313 4332 337 4362 ι
374 4315 432 4367 et
461 4310 747 4367 dolebunt
785 4328 964 4384 super
1010 4328 1097 4380 eo,
1133 4315 1198 4367 ut
1246 4311 1427 4367 doleri
1477 4312 1624 4368 solet
1669 4312 1729 4367 in
1784 4317 1970 4368 morte

314 4421 336 4451 ι
373 4400 749 4474 primogeniti
786 4401 971 4470 (Zach.
1011 4418 1113 4469 xu,
1160 4402 1276 4470 10);
1307 4422 1329 4452 ι
1366 4418 1435 4456 ex
1481 4401 1787 4458 occasione
1834 4401 1968 4457 illo-

307 4506 441 4545 rum
487 4490 800 4545 verborum
850 4489 1104 4557 Domini,
1150 4490 1369 4562 quibus
1418 4489 1478 4545 in
1523 4490 1779 4547 Jeremia
1824 4490 1967 4546 dici-

292 4583 406 4634 .tur
437 4596 450 4634 :
483 4598 506 4628 α
541 4579 689 4646 Quia
736 4580 926 4635 factus
960 4596 1093 4635 sum
1124 4578 1327 4635 Israeli
1377 4583 1560 4651 pater,
1586 4582 1643 4634 et
1688 4579 1967 4651 Ephraim

308 4668 739 4741 primogenitus
797 4684 966 4724 meus
1025 4672 1115 4723 est
1169 4669 1387 4737 (larem.
1439 4685 1591 4736 XXXI,
1631 4668 1718 4739 9);

308 4755 469 4813 illius
516 4757 616 4830 qui
668 4773 799 4813 vere
850 4761 941 4814 est
976 4756 1263 4823 Christus,
1297 4758 1397 4813 sed
1449 4757 1691 4813 alterius
1741 4758 1843 4829 qui
1893 4759 1965 4815 ab

307 4843 437 4900 istis
467 4849 556 4901 est
583 4846 891 4913 confictus,
927 4845 1142 4900 occisio
1175 4844 1550 4917 intelligitur,
1581 4848 1646 4901 ut
1675 4849 1964 4916 quantum

307 4932 367 4988 in
397 4934 545 5005 ipsis
575 4938 682 5003 est,
703 4951 840 4991 vera
876 4934 1092 4990 Christi
1132 4933 1328 5006 passio
1376 4937 1705 4989 evacuetnr.
1742 4935 1964 5007 Legant

308 5020 490 5077 libros
521 5022 963 5094 prophetarum,
988 5026 1046 5077 et
1087 5021 1340 5078 maxime
1370 5022 1515 5078 Osee
1563 5023 1909 5096 prephetam
1943 5040 1957 5079 :

307 5114 365 5165 et
389 5109 626 5165 videant
646 5111 846 5167 decem
868 5111 1061 5167 tribus
1083 5110 1281 5183 populi
1301 5110 1624 5180 Israelitici,
1648 5115 1962 5184 postquam

306 5200 506 5255 scissa:
528 5204 668 5254 sunt
689 5218 724 5256 a
743 5201 917 5256 domo
941 5199 1142 5268 David,
1167 5204 1225 5255 et
1246 5217 1439 5272 regem
1463 5199 1577 5256 sibi
1607 5200 1666 5255 in
1698 5200 1965 5257 Samaria

306 5288 738 5344 constituerunt
792 5289 1104 5344 Jeroboam
1164 5287 1353 5344 filium
1406 5289 1656 5357 Nabath,
1690 5307 1759 5345 ex
1804 5291 1961 5346 tribu

308 5376 618 5448 Ephraim;
652 5377 1019 5448 frequentius
1040 5393 1162 5445 eas,
1185 5381 1422 5450 propter
1442 5379 1684 5435 domum
1717 5378 1959 5452 regiam,

306 5482 437 5538 quae
467 5466 622 5536 apud
657 5482 755 5522 eos
784 5481 855 5520 ex
883 5466 1162 5537 Ephraim
1192 5467 1404 5538 ccepit:
1437 5471 1494 5523 et
1523 5468 1804 5539 majorem
1838 5486 1965 5541 par-

306 5558 425 5608 tem
458 5553 655 5624 populi
709 5553 885 5609 Israel
914 5571 1041 5626 quae
1093 5557 1247 5626 apud
1300 5556 1461 5627 ipsos
1510 5560 1650 5625 erat,
1683 5558 1963 5631 appellari

308 5639 612 5710 Ephraim,
644 5645 702 5697 et
733 5641 938 5710 Israel;
981 5642 1135 5698 sicut
1163 5648 1221 5698 et
1250 5643 1350 5699 illa
1397 5662 1533 5715 pars
1580 5646 1801 5717 populi,
1836 5665 1962 5719 quae

312 5727 599 5781 remansit
619 5744 755 5783 cum
781 5730 953 5785 domo
985 5730 1186 5798 David,
1211 5736 1446 5803 propter
1466 5735 1709 5789 domum
1741 5738 1961 5807 regiam

2099 664 2189 715 est
2231 663 2383 733 quod
2434 663 2649 735 saepius
2692 663 2911 737 legitur
2940 666 3088 737 (Reg.
3123 683 3187 721 III
3233 674 3287 722 et
3329 669 3408 734 ιν)
3457 667 3529 722 de
3568 666 3746 722 istis:

2102 771 2123 798 α
2160 751 2304 806 Ecce
2334 752 2457 807 haec
2489 753 2707 825 scripta
2736 758 2875 810 sunt
2903 754 2963 810 in
2993 754 3143 811 libro
3170 755 3493 811 Verborum
3522 756 3750 811 dierum

2103 860 2125 887 ι
2160 856 2362 912 regum
2388 842 2570 909 Juda;
2590 866 2611 894 ι
2642 843 2712 898 de
2734 842 2850 898 illis
2876 861 2922 899 τε
2950 844 3094 900 Ecce
3116 844 3336 917 Scripta
3359 848 3498 901 sunt
3518 845 3577 900 in
3601 844 3750 901 libro

2102 951 2124 978 ι
2159 929 2483 986 Verborum
2516 931 2744 987 dierum
2783 949 2987 1005 regum
3028 933 3225 989 Israel.
3254 955 3276 983 η
3312 934 3391 990 De
3424 934 3552 990 istis
3585 952 3751 989 nam-

2096 1034 2208 1089 que
2230 1019 2463 1076 duabus
2484 1020 2751 1092 partibus
2782 1022 2980 1094 populi
3014 1022 3075 1078 in
3098 1022 3213 1078 duo
3235 1039 3414 1095 regna
3432 1023 3622 1091 divisi,
3650 1042 3753 1096 per

2095 1106 2239 1163 Osee
2288 1107 2502 1163 dicitur
2534 1126 2546 1164 :
2577 1132 2598 1158 α
2636 1110 2785 1176 Quid
2830 1110 3039 1166 faciam
3090 1111 3219 1177 tibi,
3250 1111 3572 1183 Ephraim?
3599 1113 3748 1178 Quid

2098 1218 2127 1247 ‹‹
2162 1196 2370 1252 faciam
2403 1197 2532 1266 tibi,
2569 1198 2725 1254 Juda
2754 1198 2896 1269 (Ose.
2919 1217 2997 1265 vr,
3023 1200 3122 1268 4)?
3145 1224 3167 1254 ι
3191 1200 3338 1256 Huic
3368 1217 3504 1274 ergo
3533 1200 3749 1273 populo

2095 1285 2292 1353 Israel,
2324 1290 2381 1342 et
2410 1287 2711 1358 Ephraim,
2746 1304 2853 1360 per
2876 1288 3189 1345 Jeroboam
3236 1288 3424 1344 ﬁlium
3455 1289 3683 1346 Nabath
3714 1306 3749 1344 a

2095 1375 2268 1430 domo
2300 1375 2481 1431 David
2504 1380 2792 1449 separato,
2819 1381 2877 1433 et
2908 1395 2942 1433 a
2967 1378 3188 1450 templo
3219 1378 3322 1435 Dei
3345 1378 3622 1448 alienato;
3645 1379 3747 1451 qui

2091 1462 2306 1519 vitulos
2336 1481 2545 1521 aureos
2591 1465 2773 1522 coluit
2814 1466 2875 1522 in
2924 1467 3143 1535 Bethel,
3168 1471 3226 1525 et
3271 1468 3332 1523 in
3380 1468 3525 1537 Dan,
3560 1484 3751 1540 usque

2093 1552 2165 1608 ad
2198 1552 2352 1609 diem
2385 1554 2740 1626 captivitatis
2770 1572 2888 1612 sua:
2913 1573 2926 1612 :
2960 1560 3019 1612 et
3049 1556 3133 1613 sic
3163 1574 3197 1613 a
3226 1556 3453 1631 legibus
3479 1556 3747 1630 Assyrio-

2090 1657 2224 1696 rum
2255 1643 2469 1698 ductus
2497 1648 2586 1699 est
2628 1644 2688 1699 in
2738 1648 3016 1701 aeternam
3064 1646 3477 1719 captivitatem,
3512 1645 3745 1703 dicente

2089 1730 2339 1786 Domino
2370 1749 2473 1804 per
2497 1733 2640 1789 Osee
2664 1750 2676 1788 :
2705 1756 2726 1783 ι
2755 1734 2901 1800 Quia
2921 1751 3036 1791 non
3061 1735 3273 1791 addam
3295 1734 3447 1791 ultra
3475 1733 3744 1790 misereri

2095 1837 2118 1867 ι
2154 1819 2354 1875 domui
2414 1821 2613 1886 Israel,
2664 1823 2766 1878 sed
2827 1821 3118 1880 oblivione
3174 1822 3484 1879 obliviscar
3537 1839 3743 1879 eorum

2007 1937 2057 2002 B
2095 1930 2115 1956 α
2152 1908 2294 1975 (Ose.
2328 1926 2369 1978 ι,
2401 1910 2478 1981 6).
2507 1931 2528 1961 ι
2558 1910 2727 2002 Huic,
2753 1911 3034 2002 inquam,
3058 1911 3274 2002 populo
3314 1912 3374 1967 in
3423 1928 3660 2002 magna.
3689 1916 3749 1967 et

2089 2013 2223 2053 vere
2244 2014 2460 2071 magna
2478 1999 2879 2057 consolatione
2904 2000 3285 2073 promittitur,
3301 2002 3455 2074 quod
3479 2001 3579 2073 qui
3606 2005 3749 2057 tem-

2091 2085 2310 2157 poralis
2330 2087 2685 2159 captivitatis
2707 2089 2854 2161 jugo
2885 2106 3191 2161 nunquam
3222 2094 3484 2146 meretur
3504 2089 3745 2157 absolvi,

2091 2174 2151 2229 in
2183 2176 2436 2231 adventu
2480 2176 2713 2232 Domini
2752 2176 3090 2243 Salvatoris,
3123 2178 3172 2232 si
3222 2178 3283 2234 in
3329 2196 3466 2235 eum
3514 2180 3749 2234 credere

2088 2263 2360 2336 voluerit,
2390 2269 2615 2321 tantam
2657 2265 2902 2337 recipiat
2931 2264 3293 2335 felicitatem,
3328 2272 3395 2323 ut
3444 2268 3549 2323 fiat
3592 2268 3747 2323 Deus

2093 2352 2291 2409 Israeli
2332 2359 2516 2426 pater,
2547 2358 2605 2410 et
2649 2353 2929 2427 Ephraim
2975 2354 3402 2428 primogenitus
3450 2357 3579 2427 ejus
3625 2355 3742 2412 sit:

2090 2458 2445 2515 recuperans
2464 2442 2751 2512 videlicet,
2766 2441 2929 2498 illam
2949 2443 3402 2517 gloriam,quam
3420 2443 3746 2516 antiquitus

2090 2547 2159 2586 ex
2189 2533 2431 2605 IEgypto
2463 2532 2750 2588 liberatus
2780 2536 3109 2605 acceperat:
3145 2532 3373 2589 dicente
3402 2532 3647 2589 Domino
3669 2532 3743 2587 ad

2090 2620 2450 2677 Pharaonem
2485 2638 2498 2676 :
2531 2640 2555 2669 ι
2590 2620 2773 2677 Filius
2817 2621 3246 2694 primogenitus
3294 2637 3462 2678 meus
3516 2621 3692 2677 Israel
3727 2638 3740 2677 :

2094 2730 2117 2759 α
2152 2709 2384 2765 dimitte
2410 2726 2569 2778 eum,
2594 2712 2661 2765 ut
2689 2710 2904 2766 serviat
2928 2709 3073 2765 mihi
3094 2711 3288 2780 (Exod.
3312 2728 3391 2781 Iv,
3412 2714 3501 2779 22,
3523 2711 3637 2784 28).
3662 2735 3684 2763 ι

2158 2799 2353 2856 XXIII.
2377 2799 2524 2855 Cum
2555 2799 2756 2872 itaque
2774 2804 2898 2857 tam
2919 2798 3077 2856 clara
3097 2800 3175 2856 sit
3202 2800 3382 2873 hujus
3403 2800 3484 2856 rei
3505 2800 3739 2873 veritus,

2087 2904 2194 2943 cur
2222 2888 2335 2943 sibi
2365 2887 2475 2960 ipsi
2509 2889 2580 2943 de
2618 2887 2747 2943 luce
2776 2888 3052 2944 tenebras
3091 2888 3356 2945 faciunt?
3383 2889 3499 2946 Cur
3522 2890 3743 2946 audent

2087 2976 2297 3044 dicere,
2332 2993 2401 3032 ex
2426 2976 2706 3050 Ephraim
2756 2976 2954 3032 nescio
2985 2993 3161 3050 quem
3205 2976 3500 3046 Messiam,
3534 2977 3595 3033 id
3626 2981 3739 3047 est,

2086 3066 2377 3122 unctum?
2405 3066 2685 3139 Nunquid
2733 3066 2892 3123 enim
2940 3065 3076 3139 quia
3128 3066 3577 3141 primogenitus,
3609 3068 3741 3123 ideo

2085 3156 2261 3211 etiam
2305 3158 2566 3211 unctus?
2613 3172 2747 3211 cum
2795 3155 2868 3211 de
2914 3154 3074 3211 omni
3129 3156 3477 3228 generaliter
3522 3157 3741 3230 popula

2084 3244 2309 3300 dictum
2342 3244 2420 3300 sit
2443 3261 2493 3298 τι
2519 3243 2700 3301 Filius
2731 3243 3161 3317 primogenitus
3191 3239 3359 3301 meus
3387 3244 3562 3301 Israel
3590 3262 3603 3301 :
3636 3269 3657 3294 -
3685 3249 3744 3301 et

2002 3304 2047 3373 α
2084 3336 2281 3389 tamen
2314 3332 2610 3389 unctionis
2642 3332 2887 3406 gloriam
2921 3337 3131 3404 praeter
3153 3333 3392 3390 domum
3415 3335 3742 3390 sacerdota.

2078 3422 2195 3479 lem
2226 3426 2286 3479 et
2315 3423 2558 3479 domum
2589 3421 2810 3495 regiam
2833 3438 2949 3478 non
2981 3421 3240 3494 accepit?
3258 3422 3515 3478 Audiant
3535 3428 3741 3479 contra

2081 3528 2339 3567 errorem
2371 3528 2571 3577 suum,
2596 3510 2775 3567 etiam
2820 3514 3137 3583 antequam
3169 3509 3270 3567 illa
3300 3510 3506 3567 divisio
3534 3512 3738 3584 populi

2080 3601 2245 3656 ﬂeret
2275 3600 2386 3656 sub
2418 3600 2677 3657 Roboam
2702 3599 2822 3656 ﬁlio
2851 3600 3202 3668 Salomonis,
3228 3599 3524 3673 psalmum
3545 3600 3738 3657 dicen-

2079 3691 2220 3756 tem,
2235 3693 2293 3743 et
2312 3688 2471 3744 unde
2491 3704 2663 3744 verus
2680 3687 2945 3744 Salvator
2959 3689 3385 3761 exspectandus
3401 3692 3558 3745 esset
3577 3707 3737 3761 aper-

2079 3777 2308 3832 tissime
2338 3781 2759 3849 protestantem
2790 3794 2804 3834 :
2834 3799 2854 3826 α
2893 3778 2963 3832 Et
2991 3777 3256 3849 projeeit,
3291 3778 3501 3850 inquit,
3536 3779 3733 3835 taber-

2088 3886 2109 3916 ι
2143 3864 2422 3922 naculum
2444 3866 2682 3938 Joseph,
2707 3870 2766 3921 et
2800 3866 3020 3922 tribum
3061 3866 3340 3938 Ephraim
3374 3884 3489 3923 non
3512 3868 3689 3942 elegit
3718 3885 3732 3925 :

2087 3976 2109 4006 ι
2144 3956 2243 4011 sed
2269 3954 2444 4027 elegit
2467 3954 2729 4010 tribunm
2759 3955 2793 4010 J
2799 3956 2914 4011 uda
2931 3946 3103 4024 (Paul.
3130 3972 3331 4024 Lxxvn,
3354 3957 3445 4022 67,
3466 3956 3580 4027 68).
3609 3979 3631 4006 ι
3669 3959 3739 4013 Et

2078 4048 2211 4117 post
2232 4060 2421 4116 pauca
2446 4060 2460 4099 :
2491 4066 2511 4094 α
2536 4044 2608 4099 Et
2638 4042 2813 4116 elegit
2840 4042 3021 4099 David
3052 4060 3285 4099 servum
3306 4061 3502 4113 suum,
3524 4050 3583 4101 et
3603 4046 3739 4104 tulit

2085 4157 2107 4184 ι
2142 4150 2274 4190 eum
2301 4134 2373 4189 de
2394 4133 2674 4206 gregibus
2690 4132 2906 4202 ovium,
2922 4137 3263 4205 sequentem
3283 4134 3449 4189 feetas
3463 4138 3626 4212 (vers.
3643 4137 3734 4205 70,

2085 4245 2106 4274 ι
2138 4226 2286 4292 71).»
2312 4222 2569 4278 Adduxit
2596 4238 2731 4278 eum
2763 4226 2829 4277 ut
2859 4226 3123 4294 pasceret
3150 4223 3211 4278 in
3240 4222 3419 4279 Jacob
3450 4224 3736 4295 populum

2078 4317 2229 4387 ejus,
2261 4319 2320 4371 et
2364 4315 2424 4369 in
2472 4312 2651 4370 Israel
2702 4313 3102 4369 haereditatem
3157 4314 3306 4384 ejus.
3338 4313 3418 4370 De
3460 4315 3736 4386 gentibus

2079 4408 2276 4459 autem
2307 4403 2432 4476 Gog
2452 4407 2510 4458 et
2532 4402 2763 4475 Magog,
2788 4402 2943 4458 sicut
2971 4405 3028 4458 et
3048 4402 3119 4458 de
3149 4401 3371 4458 cieteris
3401 4402 3737 4475 promissio-

2077 4493 2276 4560 nibus,
2310 4495 2368 4548 et
2393 4491 2953 4548 comminationibus
2984 4491 3362 4563 propheticis,
3398 4508 3523 4564 qua:
3554 4491 3735 4550 nimis

2077 4582 2324 4637 obscure
2363 4581 2566 4654 posite
2613 4584 2773 4649 sunt,
2805 4592 2940 4636 cum
2989 4580 3120 4636 istis
3170 4580 3390 4653 aliquid
3430 4581 3735 4654 disputare

1770 4690 1797 4717 ιι
1852 4686 1966 4725 non
1996 4674 2047 4743 Π
2076 4669 2221 4726 velle
2252 4669 2432 4726 nimis
2460 4668 2726 4742 ineptum
2754 4673 2879 4725 est:
2905 4669 3169 4742 quandiu
3199 4668 3321 4725 haec
3346 4674 3470 4725 tam
3496 4687 3652 4739 vera,
3674 4675 3734 4727 et

2075 4765 2195 4817 tam
2229 4761 2561 4830 manifesta,
2585 4765 2644 4818 et
2663 4761 2725 4817 in
2756 4762 2972 4835 quibus
3002 4765 3125 4818 tota
3154 4761 3314 4819 salus
3343 4764 3571 4818 constat
3600 4777 3733 4819 eon-

2074 4854 2369 4907 temnunt.
2394 4852 2755 4923 Quocunque
2778 4851 2935 4908 enim
2960 4853 3133 4908 modo
3156 4850 3257 4907 illa
3276 4849 3657 4923 intelligenda
3675 4852 3733 4905 et

2074 4939 2415 5012 accipienda
2446 4940 2584 5009 sint,
2609 4940 2721 4996 nisi
2755 4940 3017 5013 primum
3046 4939 3163 4997 ista
3193 4938 3443 4996 ﬁdeliter
3467 4954 3731 5010 suscepe.

2070 5027 2213 5093 rint,
2242 5026 2385 5083 salvi
2416 5042 2545 5085 esse
2575 5043 2688 5083 non
2725 5031 2995 5099 possunt.

2143 5116 2333 5172 XXIV.
2366 5117 2436 5172 Et
2467 5117 2607 5189 quia
2647 5117 2718 5172 de
2769 5116 2935 5174 falsis
2966 5120 3024 5173 et
3053 5117 3221 5173 caecis
3261 5116 3598 5174 Judzeorum
3629 5115 3731 5171 do-

2072 5205 2332 5261 etoribus
2363 5204 2532 5261 nobis
2562 5222 2754 5262 sermo
2785 5211 2896 5275 est,
2924 5207 2996 5262 de
3037 5205 3257 5278 quibus
3299 5205 3585 5262 Dominus
3615 5209 3729 5260 tes—

2075 5298 2250 5362 tatur,
2275 5294 2476 5350 dicens
2495 5311 2544 5349 :1
2565 5294 2771 5352 Omnis
2792 5294 3097 5368 plantatio,
3114 5312 3293 5367 quam
3311 5311 3424 5351 non
3447 5294 3733 5366 plantavit

2080 5405 2102 5435 ι
2138 5385 2307 5440 Pater
2351 5400 2518 5440 meus
2565 5384 2841 5454 ecelestis,
2875 5384 3292 5441 eradicabitur.
3326 5383 3511 5457 Sinite
3551 5383 3682 5439 illos
3717 5400 3730 5439 :

2079 5493 2102 5524 α
2135 5474 2271 5530 οωοί
2303 5476 2442 5529 sunt
2467 5473 2646 5529 duces
2677 5490 2962 5530 ϐωοΟῙἯΠΙ
2998 5492 3011 5531 ἶ
3048 5490 3235 5530 0830118
3271 5476 3467 5530 autem
3499 5472 3549 5529 Si
3581 5489 3730 5528 C(BCO

2077 5586 2099 5614 ι
2134 5564 2415 5619 ducatum
2440 5566 2694 5635 praestet,
2717 5564 2889 5620 ambo
2918 5562 2979 5618 in
3012 5563 3233 5619 foveam
3270 5562 3488 5619 cadunt
3522 5560 3728 5632 (Matth.

2078 5674 2099 5703 α
2133 5669 2226 5719 xv,
2262 5652 2351 5718 13,
2386 5652 2502 5720 14);
2538 5650 2791 5707 breviter
2835 5653 3275 5708 admonendum
3324 5655 3631 5724 putamus,
3664 5654 3731 5707 ut

2073 5742 2249 5798 etiam
2280 5739 2415 5795 libri
2454 5738 2712 5811 Josephi,
2748 5744 2804 5797 et
2843 5740 3101 5798 Philonis
3131 5740 3258 5812 (qui
3289 5739 3558 5798 homines
3599 5738 3727 5813 qui-
