3900 6392
314 422 444 505 J59

1548 423 1953 493 AMULONIS
1980 428 2244 491 .EPISC.
2290 428 2523 493 LUGD.

3618 424 3745 499 1.60

327 556 443 612 «Et
459 555 599 630 quia
618 554 807 611 eritin
841 552 964 610 viro
993 556 1296 626 peccatum
1334 554 1630 629 judicium
1663 556 1890 629 mortis,
1923 563 1980 617 et
2005 560 2062 631 Α
2095 583 2123 611 ‹‹
2155 565 2211 617 et
2241 564 2588 633 potestatem
2620 559 2806 621 habeo
2832 557 3046 615 iterum
3080 558 3349 621 sumendi
3381 576 3531 617 eam.
3565 558 3744 629 Nemo

324 647 628 716 morietur,
661 648 719 700 et
747 644 1072 716 suspendes
1103 663 1236 701 eum
1270 645 1329 701 in
1361 645 1538 718 ligno.
1574 647 1699 703 Non
1730 648 1981 704 dormiet

322 734 700 809 morticinum
735 734 867 804 ejus
901 749 1078 804 super
1106 733 1355 806 lignum,
1388 734 1527 806 quia
1558 736 1866 808 sepultura
1896 753 1979 792 se-

317 825 498 901 pelies
520 838 657 878 eum
680 822 737 876 in
762 822 856 877 die
879 822 1003 894 ipso
1028 839 1041 878 :
1072 822 1211 895 quia
1234 823 1565 880 maledictio
1589 825 1688 880 Dei
1722 829 1811 880 est
1841 844 1977 882 sus-

318 930 559 988 pensus,
581 916 640 967 et
672 929 786 967 non
821 912 1248 966 contaminabit
1306 917 1522 967 terram
1581 917 1766 980 tuam,
1800 931 1977 985 quam

316 1002 602 1060 Dominus
625 1001 784 1056 Deus
807 1005 944 1055 tuus
966 1000 1131 1056 dabit
1163 1000 1269 1055 tibi
1296 1001 1658 1057 haereditare.
1680 1026 1706 1053 ››
1744 1001 1851 1057 Ubi
1883 1020 1981 1057 au-

315 1097 435 1149 tem
493 1090 789 1163 interpres
852 1090 960 1146 iste
1020 1089 1217 1162 posuit
1264 1113 1293 1141 ‹‹
1324 1108 1437 1145 non
1498 1091 1831 1158 dormiet,»
1878 1090 1977 1146 alii

315 1184 643 1256 posuerunt
678 1197 844 1236 «non
879 1179 1265 1251 pernoctabit,
1299 1201 1327 1230 »
1365 1179 1485 1235 sive
1519 1201 1547 1229 ‹‹
1578 1197 1691 1235 non
1720 1196 1975 1235 commo-

314 1270 562 1339 rabitur,
597 1291 626 1321 »
662 1273 764 1325 aut
810 1291 837 1319 «
866 1286 978 1324 non
1011 1269 1399 1341 permanebit.
1427 1291 1454 1319 ››
1500 1271 1569 1325 Et
1599 1269 1697 1325 ubi
1733 1269 1841 1325 iste
1871 1286 1978 1340 po-

314 1361 454 1430 suit,
478 1383 506 1411 ‹‹
531 1358 913 1415 morticinum
938 1358 1086 1429 ejus,
1112 1380 1133 1409 ι
1162 1358 1351 1413 cznteri
1372 1357 1801 1414 transtulerunt
1832 1379 1859 1407 «
1891 1375 1980 1414 ca-

314 1453 490 1507 daver
518 1450 669 1523 ejus,
695 1471 723 1499 »
760 1448 879 1504 sive
914 1470 941 1497 ‹‹
974 1464 1188 1520 corpus
1236 1448 1384 1519 ejus.
1416 1470 1436 1496 η
1471 1449 1680 1520 Aperte
1711 1447 1892 1521 igitur
1922 1451 1980 1502 et

312 1539 665 1609 mirabiliter
692 1538 753 1594 in
786 1537 880 1593 his
909 1537 1123 1603 verbis,
1156 1554 1260 1608 per
1308 1535 1759 1593 similitudinem
1786 1535 1977 1609 crucis

307 1629 577 1706 patibulo
609 1629 1055 1695 damnatorum,
1077 1625 1310 1683 Domini
1342 1627 1483 1684 Jesu
1516 1625 1731 1682 Christi
1758 1625 1977 1698 passio,

310 1721 415 1795 qui
438 1737 541 1793 pro
565 1718 821 1792 peecatis
852 1715 1071 1771 nostris
1101 1732 1236 1772 cum
1267 1715 1487 1789 iniquis
1528 1715 1648 1771 sive
1678 1714 1978 1771 sceleratis

311 1813 622 1885 reputatus
655 1810 764 1876 est,
799 1805 1186 1880 prophetatur
1218 1822 1230 1860 :
1266 1809 1322 1860 et
1364 1806 1518 1877 quod
1551 1804 1611 1859 in
1644 1804 1743 1861 illo
1776 1805 1846 1859 de
1876 1802 1976 1861 illo

308 1888 581 1958 futurum
614 1900 760 1964 erat,
792 1899 1078 1968 tanquam
1109 1912 1241 1951 vere
1272 1894 1537 1950 futurum
1571 1894 1974 1961 confirmatur,

296 1994 369 2061 et
390 1986 863 2051 commendatur,
883 2001 1017 2040 cum
1049 1983 1301 2039 dicitur:
1338 1985 1458 2039 «Et
1488 1983 1631 2055 quia
1658 1984 1768 2038 erit
1799 1982 1857 2037 in
1888 1981 1980 2037 vi-
2015 1981 2023 2021 θ

302 2097 443 2138 .rum
470 2079 777 2150 peccatum
792 2073 1087 2146 judicium
1109 2074 1338 2141 mortis,
1357 2078 1414 2128 et
1437 2073 1754 2129 morietur:
1778 2076 1834 2128 et
1855 2090 1982 2130 sus-

312 2167 533 2245 pendes
566 2181 704 2220 eum
730 2163 791 2217 in
812 2162 994 2237 ligno,
1026 2184 1046 2212 η
1072 2166 1206 2231 etc.,
1226 2163 1383 2232 quod
1415 2165 1604 2221 totum
1638 2179 1754 2217 non
1785 2161 1981 2217 ambi-

298 2254 506 2331 gentis
538 2254 644 2309 sed
675 2250 1087 2323 prophetantis
1108 2252 1283 2307 modo
1306 2251 1718 2324 ponitur.Cum
1736 2268 1873 2323 ergo
1895 2250 1980 2305 di-

312 2340 430 2401 cit:
469 2363 497 2391 ‹‹
515 2342 589 2396 Et
619 2339 760 2412 quia
790 2338 901 2394 erit
923 2338 984 2394 in
1024 2338 1146 2393 viro
1181 2343 1508 2411 peccatum,
1539 2361 1567 2389 »
1603 2339 1743 2413 quid
1776 2344 1866 2397 est
1892 2340 1980 2393 in-

311 2427 882 2503 telligendum?Non
906 2426 1110 2498 utique
1131 2444 1306 2482 suum
1333 2445 1347 2495 ;
1374 2427 1514 2499 quia
1544 2431 1636 2496 (ut
1664 2427 1817 2483 alius
1851 2444 1981 2501 pro-

304 2504 495 2596 Tpheta
525 2516 798 2590 testatur)
831 2515 1203 2588 iniquitatem
1238 2533 1354 2571 non
1387 2516 1522 2571 fecit
1546 2532 1558 2570 :
1586 2532 1774 2588 neque
1806 2516 1977 2587 dolus

304 2594 425 2675 iuit
456 2609 517 2665 in
549 2624 648 2664 ore
679 2608 829 2680 ejus,
859 2606 959 2661 sed
989 2606 1256 2661 omnium
1289 2608 1558 2661 nostrum
1584 2622 1598 2673 ;
1636 2606 1792 2661 sicut
1821 2606 1976 2662 idem

311 2699 599 2774 propheta
621 2695 788 2752 dicit:
828 2718 855 2746 ‹‹
882 2696 1099 2751 Omnes
1130 2712 1237 2750 nos
1262 2694 1434 2767 quasi
1464 2711 1598 2751 oves
1628 2695 1972 2751 erravimus:

304 2811 347 2855 ,α
379 2785 864 2859 unusquisquein
876 2785 1030 2840 viam
1049 2783 1387 2840 declinavit:
1403 2789 1459 2839 et
1471 2784 1756 2842 Dominus
1778 2785 1976 2858 posuit

300 2901 341 2941 ¹‹‹
373 2877 432 2933 in
459 2894 525 2934 eo
548 2875 921 2948 iniquitatem
951 2872 1216 2930 omnium
1249 2878 1515 2930 nostrum
1540 2874 1671 2946 (lsa.
1695 2890 1813 2942 LIII,
1837 2876 1915 2943 6).
1940 2898 1968 2927 »

314 2968 385 3025 Et
406 2968 614 3024 beatus
645 2964 946 3038 apostolus
980 2964 1186 3020 Petrus
1221 2980 1233 3019 :
1281 2985 1309 3013 ‹‹
1339 2963 1446 3031 Qui
1477 2968 1716 3036 peccata
1735 2964 1970 3038 (inquit)

312 3079 340 3132 gc
374 3060 574 3113 nostra
612 3054 738 3129 ipse
766 3053 1009 3128 pertulit
1034 3053 1094 3108 in
1127 3070 1367 3125 corpore
1397 3070 1504 3110 suo
1534 3070 1711 3126 super
1738 3053 1967 3127 lignum

314 3169 335 3196 α
365 3149 412 3217 (I
442 3148 589 3203 Patr.
617 3162 679 3213 II,
701 3143 849 3217 24).»
876 3143 1041 3199 Unde
1063 3146 1120 3199 et
1142 3146 1294 3199 recte
1316 3143 1608 3215 sequitur:
1626 3143 1966 3199 «Judicium

2093 672 2121 700 ‹‹
2154 648 2306 705 tollit
2355 666 2483 705 eam
2515 667 2550 705 a
2578 666 2696 716 me,
2731 650 2830 704 sed
2883 664 2989 721 ego
3039 665 3193 721 pono
3243 664 3396 722 eam,
3428 652 3486 725 et
3533 648 3745 705 iterum

2093 762 2119 789 ‹‹
2153 757 2323 795 sumo
2345 756 2474 794 eam
2498 739 2674 811 (Joan.
2699 756 2753 806 x,
2781 739 2927 807 18).»
2962 738 3032 795 Et
3062 738 3119 793 in
3151 737 3381 794 Psalmo
3413 737 3496 793 ait
3529 754 3541 793 :
3580 760 3607 789 ‹‹
3640 738 3745 795 Fa-

2092 850 2120 879 «
2154 833 2285 884 etus
2305 846 2437 884 sum
2462 827 2616 885 sicut
2639 827 2815 883 homo
2838 826 2967 881 sine
2988 826 3462 897 adjutorio,inter
3485 830 3747 882 mortuos

2092 939 2120 967 «
2150 917 2302 973 liber
2323 918 2493 987 (Psal.
2520 933 2762 987 Lxxxvn,
2786 917 2860 984 5).
2889 937 2915 964 ››
2941 916 3011 970 Et
3031 914 3243 971 iterum
3267 933 3280 969 :
3308 936 3336 965 «
3358 916 3477 987 Ego
3498 913 3745 974 dormivi

2092 1030 2119 1057 ι(
2152 1008 2323 1075 (Ρδαι.
2357 1024 2444 1074 III,
2465 1008 2614 1075 6);»
2660 1006 2716 1061 id
2758 1010 2866 1072 est,
2894 1021 3008 1061 non
3060 1003 3202 1061 mihi
3240 1004 3540 1071 insultent,
3574 1002 3744 1076 quasi

2086 1096 2362 1151 violentia
2417 1112 2622 1150 eorum
2682 1094 2912 1153 occisus
2968 1092 3103 1149 sim.
3136 1094 3252 1165 Ego
3312 1091 3600 1147 dormivi:
3636 1107 3743 1164 ego

2089 1202 2219 1241 mea
2249 1188 2476 1257 sponte,
2511 1201 2641 1239 mea
2671 1186 2976 1256 potestate,
3011 1183 3246 1255 quando
3286 1182 3439 1241 volui
3473 1185 3743 1239 mortuus

2088 1292 2239 1330 sum.
2270 1274 2356 1331 Ita
2378 1272 2726 1329 mirabiliter
2758 1276 2815 1328 et
2846 1272 3150 1335 morientis
3182 1274 3438 1344 potestas
3466 1274 3555 1327 est
3582 1286 3744 1326 com-

2088 1361 2941 1435 mendata,etpcrsequentium
2965 1360 3185 1417 saevitia
3196 1377 3311 1416 non
3333 1364 3423 1417 est
3442 1363 3738 1421 excusata.

2088 1451 2367 1524 Sequitur
2397 1451 2719 1523 Scriptura,
2745 1450 2946 1507 dicens
2970 1466 2983 1504 :
3012 1472 3040 1499 «
3063 1450 3189 1505 Non
3212 1449 3463 1509 dormiet
3491 1448 3749 1504 mortici-

2084 1528 2118 1592 ἀ
2131 1558 2275 1596 num
2289 1542 2417 1613 ejus
2430 1539 2866 1612 superlignum;
2886 1537 3027 1611 quia
3037 1538 3339 1610 sepultura
3350 1537 3594 1610 scpelies
3607 1553 3746 1593 eum

2092 1652 2114 1683 ι
2139 1631 2196 1687 in
2238 1630 2330 1686 die
2373 1629 2520 1702 ipsa.
2546 1650 2574 1679 ››
2601 1632 2726 1698 Qua
2755 1628 3046 1685 sententia
3065 1626 3123 1686 in
3146 1627 3321 1688 verbo
3349 1626 3747 1694 dormitionis,

2086 1736 2334 1787 somnus
2363 1706 2714 1792 evigilaturi,
2748 1717 2805 1777 id
2839 1721 2928 1773 est
2957 1715 3339 1772 resurrecturi
3373 1714 3746 1787 exprimitur:

2086 1810 2241 1865 sicut
2263 1809 2389 1881 ipse
2428 1809 2499 1863 de
2538 1809 2753 1863 Lazaro
2782 1806 2898 1862 ait:
2939 1828 2967 1865 ς(
2995 1806 3255 1863 Lazarus
3287 1804 3515 1867 amicus
3546 1808 3751 1871 noster

2096 1921 2123 1949 α
2146 1898 2391 1965 dormit;
2419 1898 2517 1953 sed
2542 1898 2711 1964 vado,
2734 1898 2854 1951 uta
2874 1911 3082 1950 somno
3117 1893 3364 1953 excitem
3404 1907 3541 1947 eum
3565 1893 3745 1963 (loqu.

2096 2009 2124 2038 «
2152 2005 2231 2059 xx,
2266 1989 2354 2055 11)
2383 2004 2395 2043 :
2420 2010 2448 2037 »
2473 1986 2621 2042 etde
2642 1983 2763 2040 ﬁlia
2793 1980 3260 2055 archisynagogi,
3293 1997 3472 2053 quam
3503 1981 3751 2050 suscita-

2090 2083 2262 2134 turus
2292 2080 2417 2133 erat
2448 2093 2461 2131 :
2499 2096 2528 2127 «
2557 2075 2684 2130 Non
2723 2077 2813 2129 est
2860 2074 3095 2127 mortua
3150 2069 3368 2143 puella,
3401 2071 3500 2149 sed
3527 2069 3749 2137 dormit

2092 2188 2121 2219 ι(
2154 2169 2304 2238 (Luc.
2327 2184 2451 2238 vm,
2483 2166 2576 2235 52)
2601 2181 2613 2221 :
2640 2186 2669 2215 »
2703 2168 2761 2219 et
2787 2164 2859 2218 de
2890 2162 3017 2235 ipso
3047 2158 3272 2216 inimici
3304 2159 3365 2215 in
3394 2159 3623 2222 Psalmo
3649 2159 3745 2231 di-

2089 2260 2268 2313 cunt:
2295 2278 2322 2305 ‹‹
2345 2254 2454 2323 Qui
2478 2252 2896 2323 dormivit,non
2920 2250 3157 2324 adjiciet
3188 2252 3254 2330 ut
3282 2252 3549 2323 resurgat
3566 2249 3742 2320 (Psal.

2087 2363 2178 2414 XL,
2210 2344 2366 2418 9)?»
2402 2344 2509 2399 Per
2538 2341 2918 2398 morticinum
2973 2344 3173 2396 autem
3218 2356 3356 2397 vera
3401 2355 3559 2395 mors
3612 2340 3746 2411 ejus

2088 2435 2457 2502 ostenditur;
2492 2432 2633 2505 quia
2680 2430 2883 2503 utique
2931 2447 3145 2502 corpus
3175 2427 3464 2495 exanime,
3496 2445 3529 2483 a
3559 2432 3749 2492 morte

2088 2521 2468 2579 morticinum
2517 2520 2846 2593 appellatur
2878 2536 2891 2575 :
2927 2518 3081 2575 sicut
3109 2522 3167 2574 et
3196 2517 3442 2577 cadaver
3468 2516 3687 2583 dicitur
3716 2535 3751 2573 a

2086 2612 2374 2680 cadendo,
2407 2628 2474 2667 eo
2505 2611 2660 2683 quod
2712 2626 2815 2682 per
2864 2612 3115 2663 mortem
3159 2608 3332 2665 cadat
3376 2607 3436 2663 in
3484 2610 3747 2676 terram;

2085 2720 2202 2758 non
2250 2700 2442 2757 solum
2496 2700 2734 2772 quando
2784 2698 2843 2753 in
2876 2701 3033 2753 terra
3060 2695 3371 2753 resolvitur
3397 2695 3748 2769 (secundum

2084 2792 2239 2865 quod
2279 2791 2415 2847 Adae
2449 2789 2672 2845 dictum
2700 2791 2825 2844 est:
2863 2808 2893 2839 «
2925 2785 3122 2843 Pulvis
3151 2803 3234 2855 es,
3269 2784 3409 2843 etin
3440 2785 3743 2858 pulverem

2086 2903 2114 2932 ‹‹
2148 2880 2452 2936 reverteris
2475 2879 2725 2951 (Geram,
2744 2877 2833 2947 19)
2862 2893 2874 2932 :
2899 2880 3012 2932 net
3040 2875 3418 2937 Ecclesiastes
3449 2874 3531 2931 ait
3561 2891 3575 2930 :
3613 2895 3641 2924 ‹‹
3670 2874 3744 2930 Et

2084 2993 2113 3023 «
2141 2973 2463 3026 revertatur
2492 2966 2685 3041 pulvis
2708 2965 2767 3021 in
2790 2970 3006 3023 terram
3030 2981 3200 3027 suam
3224 2964 3378 3023 unde
3397 2967 3521 3020 erat
3542 2963 3738 3037 (Eccle.

2083 3083 2112 3112 «
2140 3062 2324 3135 xn,7)_;
2348 3080 2376 3109 »
2402 3059 2502 3115 sed
2526 3056 2703 3113 etiam
2727 3055 2867 3130 quia
2878 3056 3005 3129 jam
3020 3059 3319 3110 mortuum
3332 3058 3485 3115 terra
3501 3057 3726 3126 reputa-

2075 3155 2191 3219 tur,
2225 3154 2282 3206 et
2310 3152 2475 3205 terra:
2510 3146 2758 3204 traditur
2796 3162 2808 3200 :
2843 3146 2999 3201 unde
3028 3149 3087 3201 et
3116 3144 3402 3201 Dominus
3432 3142 3503 3201 de
3532 3141 3725 3221 seipse

308 3260 335 3288 ‹‹
370 3234 615 3292 mortis:
642 3256 670 3285 »
707 3230 913 3305 utique
944 3237 1179 3304 nostrae,
1212 3249 1362 3305 qum.
1385 3233 1457 3288 ab
1503 3231 1671 3287 initio
1731 3236 1965 3304 peccato
2003 3306 2034 3311 _
2074 3240 2191 3296 ait:
2230 3260 2257 3288 «
2279 3238 2402 3295 Nisi
2420 3253 2671 3311 granum
2701 3234 2984 3292 frumenti
3006 3234 3222 3293 cadens
3244 3233 3304 3289 in
3332 3236 3544 3293 terram
3568 3248 3724 3291 mox--

304 3326 574 3390 debetur,
598 3326 656 3380 et
688 3321 951 3395 peccanti
982 3321 1231 3388 homini,
1266 3322 1383 3376 Deo
1404 3321 1709 3393 judicante
1738 3321 1961 3378 inflicta
2072 3312 2104 3381 ¹‹‹
2131 3332 2301 3384 tuum
2326 3306 2733 3399 fuerit,ipsum
2765 3323 2958 3382 solum
2990 3328 3226 3392 manet;
3258 3321 3309 3378 si
3339 3325 3534 3379 autem
3567 3337 3723 3381 mor-

302 3400 558 3491 est,cum
589 3411 706 3480 ait;
732 3433 761 3461 «
785 3412 1143 3482 Quacunque
1164 3410 1257 3465 die
1287 3410 1611 3467 comederis
1636 3428 1704 3466 ex
1735 3428 1865 3478 eo,»
1898 3410 1959 3466 id

302 3494 496 3585 est,ex
524 3499 683 3573 ligno
713 3498 914 3585 vetito,
940 3521 960 3548 «ι
989 3502 1176 3553 morte
1199 3498 1465 3554 morieris
1496 3499 1650 3568 (Gen.
1685 3515 1747 3567 ιι,
1784 3501 1892 3569 17).
1927 3522 1955 3549 ››

304 3580 469 3648 Unde
489 3593 547 3645 et
565 3580 880 3662 Apostolus
910 3586 1053 3643 dicit
1078 3604 1091 3642 :
1124 3610 1143 3635 α
1172 3589 1278 3642 Per
1298 3605 1480 3643 unum
1502 3588 1801 3644 hominem
1827 3606 1957 3662 pec-

298 3702 335 3752 .u
367 3683 565 3735 catum
624 3677 863 3734 intravit
918 3676 980 3732 in
1040 3677 1355 3745 mundum,
1397 3681 1455 3732 et
1504 3694 1608 3749 per
1652 3682 1957 3751 peccatum

306 3791 334 3821 «
366 3785 572 3827 mors:
627 3771 684 3824 et
738 3766 823 3824 ita
882 3766 942 3822 in
1001 3782 1207 3822 omnes
1281 3766 1551 3823 homines
1619 3767 1959 3839 pertransiit

298 3848 330 3931 ξ(
364 3860 539 3929 (Rom.
569 3875 624 3927 v,
661 3857 770 3926 12).
804 3877 833 3907 ››

368 3947 610 4006 XXVIII.
646 3946 918 4021 Suscepit
970 3947 1167 4018 itaque
1216 3945 1274 4000 in
1320 3962 1382 4003 se
1414 3946 1522 4001 istc
1552 3945 1639 4001 vir
1670 3952 1725 4001 et
1754 3962 1954 4018 pecea-

296 4042 426 4109 tum
459 4037 726 4093 omnium
761 4041 1051 4103 nostrum,
1076 4040 1133 4092 et
1153 4034 1449 4107 judicium
1482 4035 1687 4091 mortis
1718 4040 1951 4092 nostris.

297 4108 371 4191 Et
402 4126 712 4198 subjungit
741 4126 812 4183 de
842 4142 908 4181 eo
939 4125 1261 4197 Scriptura,
1297 4125 1497 4180 dicens
1534 4141 1547 4179 :
1584 4148 1612 4176 «
1643 4127 1713 4180 Et
1742 4126 1953 4182 morie-

292 4220 413 4287 tur,
447 4220 505 4271 et
536 4215 863 4288 suspendes
910 4231 1045 4273 eum
1088 4214 1147 4271 in
1196 4214 1376 4287 ligno.
1412 4237 1439 4266 ››
1475 4215 1582 4271 Ubi
1615 4215 1951 4271 mirandum

291 4303 779 4379 yalde,quomodo
802 4302 966 4376 prius
987 4303 1210 4359 dictum
1231 4302 1306 4359 sit
1329 4303 1679 4359 «morietur:
1696 4327 1723 4355 ››
1758 4309 1816 4360 et
1844 4322 1953 4377 po-

292 4398 419 4450 stea
454 4415 481 4457 ς(
516 4391 843 4465 suspendes
889 4409 1023 4449 eum
1073 4391 1133 4448 in
1183 4391 1380 4466 ligno;
1413 4414 1441 4443 »
1477 4409 1610 4448 cum
1642 4394 1952 4450 manifeste

292 4483 579 4541 Dominus
604 4486 804 4539 noster
825 4481 989 4555 prius
1012 4481 1071 4538 in
1102 4480 1261 4554 ligno
1302 4499 1630 4554 suspensus
1652 4482 1728 4537 sit
1757 4483 1951 4538 mani-

290 4564 403 4645 bus
436 4571 767 4631 inﬁdelium
803 4589 815 4629 :
851 4576 908 4627 et
938 4571 1317 4645 postmodum
1348 4575 1760 4627 consummata
1788 4572 1949 4628 omni

290 4660 585 4746 passione,
620 4661 855 4733 quando
904 4659 1110 4727 voluit,
1142 4660 1422 4716 inclinato
1471 4661 1660 4733 capite
1690 4660 1951 4717 emiserit
1979 4683 2027 4750 Β

290 4749 582 4823 spiritum.
604 4750 715 4807 Sed
740 4749 1019 4805 nimirum
1043 4750 1153 4806 hoc
1176 4749 1354 4804 nimis
1376 4748 1569 4805 divine
1589 4749 1944 4823 dictumfest,

290 4843 354 4921 pt
376 4843 691 4914 postquam
723 4839 806 4899 ait
857 4838 948 4895 lex
981 4861 1008 4889 ‹‹
1038 4840 1148 4895 erit
1205 4838 1264 4895 in
1322 4839 1446 4894 viro
1505 4843 1808 4911 peccatum
1843 4841 1946 4913 ju-

284 4927 510 4999 dicium
542 4928 772 4998 mortis,
807 4950 835 4979 »
869 4928 1149 4984 continuo
1183 4927 1567 5000 subjungerct
1599 4951 1627 4978 «
1658 4933 1715 4985 et
1744 4930 1949 4987 morie-

285 5009 401 5099 tur,
434 5040 463 5083 ››
497 5022 555 5074 et
583 5018 821 5077 adderet
855 5040 882 5068 ‹‹
913 5022 971 5074 et
1018 5018 1344 5091 suspendes
1401 5034 1537 5074 eum
1584 5019 1642 5073 in
1670 5019 1832 5092 liguo
1867 5037 1879 5075 :
1914 5041 1943 5070 ››

286 5112 351 5165 ut
378 5107 649 5164 videlicet
698 5108 864 5181 prius
913 5107 1343 5163 demonstraret
1384 5105 1544 5162 illius
1577 5111 1943 5181 potestatem,

284 5197 499 5265 deinde
531 5214 737 5253 eorum
769 5196 1105 5254 ostenderet
1136 5194 1543 5252 crudelitatem
1570 5214 1585 5264 ;
1626 5195 1770 5252 dum
1809 5213 1946 5253 eum

285 5288 386 5360 qui
412 5286 573 5343 nulla
594 5288 855 5343 humana
873 5286 1168 5354 violentia,
1202 5285 1362 5341 nullo
1394 5285 1682 5359 supplicio
1711 5286 1798 5341 vel
1820 5304 1947 5342 cru-

285 5376 443 5443 ciatu
476 5380 737 5447 cogente,
772 5376 873 5432 sed
932 5393 1041 5431 sua
1098 5380 1326 5448 sponte,
1358 5393 1467 5433 sua
1522 5378 1807 5448 potestate
1855 5381 1947 5435 est

287 5468 579 5531 mortuus,
614 5465 727 5537 ipsi
783 5468 1071 5536 quantum
1127 5463 1187 5519 in
1229 5462 1345 5519 illis
1377 5465 1489 5520 fuit
1519 5465 1944 5535 suspendentes

288 5551 347 5613 in
378 5550 537 5625 ligno
562 5552 1092 5609 intercmerunt.De
1114 5553 1223 5608 hac
1245 5552 1401 5608 enim
1432 5557 1717 5626 potestate
1738 5555 1942 5610 mortis

289 5655 407 5702 sum
452 5639 563 5697 iste
592 5640 678 5695 vir
718 5645 774 5695 et
817 5640 1100 5697 Dominus
1132 5640 1191 5696 in
1222 5642 1531 5715 Evangelio
1555 5646 1824 5712 testatur,
1855 5644 1941 5700 di-

291 5740 427 5799 cens
456 5740 469 5779 :
507 5726 900 5805 «Potestatem
921 5728 1106 5799 habeo
1129 5731 1383 5803 ponendi
1406 5730 1666 5790 animam
1700 5748 1891 5788 meam
1927 5751 1938 5787 :

2073 3440 2100 3481 _«
2132 3422 2302 3473 tuum
2324 3416 2517 3485 fuerit,
2543 3414 2796 3469 multum
2820 3414 3075 3469 fructum
3090 3413 3443 3483 aﬂ'ert(.loan.
3464 3412 3719 3480 xu,2!i).»

2138 3505 2324 3563 XXIX.
2360 3506 2421 3562 In
2474 3522 2587 3579 quo
2638 3503 2820 3576 igitur
2866 3501 3146 3581 mysterio
3188 3506 3245 3557 et
3290 3501 3349 3559 in
3398 3500 3524 3573 lege
3556 3496 3724 3573 pra:-

2066 3601 2302 3673 ceptum
2339 3598 2447 3662 est,
2480 3597 2538 3649 et
2580 3593 2639 3647 in
2670 3591 2981 3665 EVangelio
3014 3591 3191 3663 (sicut
3218 3590 3492 3665 legimus)
3525 3589 3723 3648 divino

2068 3688 2215 3743 nutu
2239 3702 2273 3741 a
2291 3682 2765 3758 persecutoribus
2786 3680 3102 3756 expletum,
3126 3683 3192 3736 ut
3218 3679 3399 3752 hujus
3428 3678 3534 3743 viri
3565 3696 3723 3737 mor-

2066 3775 2338 3840 ticinum,
2372 3773 2492 3829 sive
2522 3772 2787 3843 cadaver,
2820 3769 2940 3827 sive
2990 3786 3206 3845 corpus
3256 3785 3373 3824 non
3419 3767 3719 3838 dormiret,

2067 3882 2174 3937 nec
2204 3865 2591 3937 pernoctaret,
2625 3860 2745 3918 sive
2783 3862 3246 3919 commoraretur
3269 3862 3327 3914 et
3356 3860 3723 3933 permaneret

2065 3934 2244 4026 super
2270 3952 2499 4027 lignum
2521 3952 2549 4007 ‘I
2570 3952 2655 4007 Ita
2674 3950 2831 4006 enim
2865 3948 3148 4023 scriptum
3173 3951 3262 4003 est
3292 3938 3465 4020 (Idan.
3490 3964 3603 4016 χιχ,
3627 3947 3719 4037 31)

2064 4044 2222 4117 quod
2256 4066 2284 4093 α
2309 4042 2518 4110 Judaei,
2552 4045 2618 4096 ut
2636 4058 2752 4096 non
2784 4044 3153 4097 remanerent
3172 4039 3231 4095 in
3255 4055 3425 4096 cruce
3455 4056 3716 4111 corpora,

2067 4156 2094 4184 ‹‹
2123 4135 2473 4206 rogaverunt
2494 4131 2551 4186 Pi
2561 4130 2745 4186 latum
2759 4133 2824 4195 ut
2844 4129 3253 4203 frangerentur
3265 4145 3464 4185 eorum
3488 4145 3715 4201 crura;»

2064 4222 2121 4299 id
2144 4225 2253 4293 est,
2288 4219 2542 4289 Domini,
2577 4223 2633 4274 et
2662 4218 2958 4281 latronum
2990 4219 3089 4291 qui
3121 4216 3381 4275 cruciﬁxi
3413 4220 3552 4277 sunt
3580 4233 3718 4272 cum

2062 4328 2150 4379 eo,
2189 4332 2218 4361 «
2248 4314 2307 4366 et
2333 4309 2701 4366 tollerentur.
2734 4330 2763 4359 »
2797 4307 2909 4375 Ubi
2957 4308 3197 4381 quidem
3231 4306 3479 4375 altitudo
3511 4305 3719 4365 secreti

2062 4398 2247 4455 nimia
2277 4400 2367 4454 est
2398 4414 2411 4452 :
2448 4396 2567 4452 sive
2596 4395 2753 4451 enim
2786 4399 2852 4451 ut
2881 4394 2999 4456 illis
3030 4411 3242 4467 corpus
3272 4394 3400 4465 qius
3429 4393 3719 4473 deponere

2061 4506 2127 4549 ac
2150 4487 2397 4560 sepelire
2426 4483 2872 4553 festinantibus,
2894 4483 3007 4539 tria
3038 4500 3254 4557 magna
3282 4479 3559 4559 mysteria
3589 4498 3717 4559 qua

2060 4576 2253 4632 adhuc
2283 4572 2497 4630 Christi
2546 4572 2926 4645 passionibus
2972 4572 3213 4628 deerant
3241 4571 3322 4642 (id
3354 4575 3461 4640 est,
3495 4569 3716 4643 apertio

2058 4665 2260 4721 lateris
2282 4664 2412 4736 ejus
2445 4679 2548 4737 per
2578 4660 2845 4719 lanceam
2878 4661 3109 4729 militis,
3132 4665 3189 4717 et
3219 4650 3287 4717 ex
3316 4661 3521 4733 eadem
3552 4676 3717 4731 aper-

2059 4753 2218 4810 tione
2238 4752 2609 4809 emanatione
2631 4767 2796 4824 aquae
2812 4756 2869 4809 et
2884 4751 3213 4825 sanguinis,
3234 4755 3291 4807 et
3320 4748 3543 4811 ossium
3565 4747 3695 4823 ejus

2063 4790 2218 4810 ..ιυηυ
2238 4790 2609 4809 summum...
2631 4790 2796 4824 aqu...
2813 4790 2869 4809 νυ
2884 4790 3213 4825 maguum,
3235 4790 3291 4807 υ.
3320 4790 3543 4811 νων..
3565 4790 3695 4823 qr...

2058 4843 2199 4916 quia
2211 4843 2337 4915 jam
2362 4844 2633 4905 mortuus
2655 4841 2930 4896 inventus
2951 4841 3297 4914 est,integra
3328 4790 3720 4911 conservatio)

2056 4933 2465 5007 implerentur.
2499 4931 2630 4987 Haec
2660 4930 2819 5001 enim
2850 4930 3051 4986 omnia
3080 4928 3381 5004 granditer
3409 4931 3467 4983 et
3490 4926 3718 5003 magni-

2057 5014 2162 5078 fice
2193 5040 2263 5078 ex
2291 5020 2596 5089 occasione
2642 5018 3031 5077 accelerandae
3081 5018 3394 5093 sepultura:
3440 5017 3567 5093 ejus
3600 5016 3715 5075 im-

2056 5111 2232 5187 pleta,
2267 5110 2643 5179 commendat
2670 5108 3061 5187 Evangelista,
3095 5108 3299 5167 dicens
3325 5107 3485 5183 (vers.
3508 5106 3597 5174 32,
3619 5105 3711 5187 33,

2055 5184 2145 5279 34,
2174 5201 2265 5268 35,
2298 5200 2389 5269 36,
2420 5200 2513 5269 37)
2547 5216 2559 5253 :
2596 5220 2625 5249 ‹‹
2656 5186 2955 5253 Venerunt
2985 5214 3122 5272 ergo
3154 5195 3370 5252 milites
3404 5211 3418 5251 :
3449 5196 3507 5277 et
3536 5184 3711 5271 primi

2057 5274 2085 5341 ξι
2119 5289 2355 5362 quidem
2412 5289 2711 5360 fregerunt
2766 5304 2929 5359 cura,
2958 5291 3019 5344 et.
3047 5286 3291 5342 alterius
3338 5285 3436 5363 qui
3470 5272 3709 5357 crucifi-

2057 5400 2085 5430 ‹‹
2115 5396 2225 5435 xus
2255 5381 2344 5433 est
2374 5394 2507 5445 cum
2539 5394 2626 5433 eo.
2648 5378 2732 5434 Ad
2764 5364 2977 5447 Jesum
3002 5380 3199 5451 autem
3231 5391 3365 5449 cum
3388 5371 3707 5449 venissent,

2057 5491 2084 5521 ‹ι
2116 5471 2182 5524 ut
2210 5468 2482 5527 viderunt
2531 5484 2666 5523 eum
2708 5467 2836 5541 jam
2887 5471 3211 5537 mortuum,
3247 5482 3363 5525 non
3414 5462 3713 5537 fregerunt

2057 5580 2084 5609 ί(
2117 5559 2245 5630 ejus
2275 5574 2447 5613 crura
2478 5574 2490 5612 :
2527 5558 2628 5611 sed
2662 5574 2819 5613 unus
2850 5555 3130 5625 militum,
3164 5554 3368 5613 lancea
3396 5552 3553 5631 latus
3582 5551 3709 5633 ejus

2056 5669 2084 5699 ‹‹
2116 5646 2362 5719 aperuit,
2398 5649 2455 5702 ct
2497 5646 2774 5702 continuo
2826 5646 2998 5717 exivit
3042 5646 3284 5719 sanguis
3334 5647 3392 5707 et
3437 5657 3609 5713 aqua.
3642 5639 3712 5715 Et

2055 5757 2083 5785 ‹‹
2115 5735 2215 5811 qui
2245 5735 2408 5807 vidit,
2443 5733 2848 5805 testimonium
2897 5734 3196 5811 perhibuit
3230 5752 3241 5791 :
3277 5738 3334 5805 et
3377 5746 3580 5811 verum
3622 5729 3712 5807 est
