3914 6396
330 424 447 485 163

1548 417 1950 479 AMULONIS
1994 416 2242 480 EPISC.
2290 418 2528 482 LUGD.

3623 419 3739 481 164

327 558 515 616 moria
543 555 1005 619 honoraverunt;
1037 567 1173 607 nam
1195 552 1252 605 et
1272 549 1682 606 defunctorum
1705 548 1974 621 sepulcra
2003 561 2056 629 Α
2089 572 2117 601 ‹‹
2149 568 2304 621 sum,
2331 568 2508 624 quem
2552 550 2793 620 unxisti,
2824 552 3080 609 Herodes
3129 556 3186 607 et
3216 550 3472 611 .Pontius
3516 549 3737 608 Pilatus

325 645 642 704 memorias
669 641 1055 715 appellamus.
1087 639 1322 695 Caeteris
1340 656 1472 695 vero
1493 638 1787 694 horrenda
1806 643 1975 695 nocte

323 732 641 810 oppressis,
666 735 723 787 et
751 728 1141 787 venerabilem
1171 727 1387 785 Christi
1418 728 1752 801 passionem
1785 744 1974 801 usque

321 824 495 881 hodie
514 818 1228 890 irridentibus,permanet
1246 820 1304 873 et
1324 821 1626 890 pernoctat
1645 834 1973 890 suspensus

318 914 378 969 in
409 912 589 983 ligno,
624 907 717 964 cui
747 907 1133 964 honoriﬁcam
1165 907 1511 963 memoriam
1561 906 1832 963 exhibere
1863 925 1972 963 no-

317 1002 468 1056 lunt.
502 999 585 1053 Ne
616 1014 752 1069 ergo
782 996 892 1053 hoc
922 1001 1151 1052 tantum
1174 996 1398 1051 malum
1422 996 1968 1063 incurrerent,dum

314 1089 508 1145 adhuc
540 1090 774 1159 tempus
806 1086 1077 1154 dabatur,
1100 1086 1243 1141 dum
1268 1086 1495 1141 occasio
1518 1086 1725 1142 salutis
1747 1086 1966 1152 aderat,

312 1178 666 1233 hortabatur
686 1192 785 1232 eos
814 1175 907 1230 lex
935 1192 1038 1248 per
1067 1176 1341 1247 ﬁguram,
1375 1176 1575 1231 dicens
1602 1193 1614 1230 :
1644 1197 1671 1224 ‹‹
1702 1176 1827 1230 Non
1846 1192 1972 1247 per-

315 1288 344 1316 «
377 1266 638 1321 noctabit
665 1265 911 1319 cadaver
939 1265 1068 1335 ejus
1100 1282 1277 1336 super
1305 1264 1570 1337 lignum;
1604 1264 1742 1336 quia
1772 1262 1967 1336 sepul-

313 1378 341 1405 ‹‹
372 1361 510 1411 tura
551 1354 798 1426 sepelies
847 1370 981 1408 eum
1015 1353 1074 1408 in
1110 1354 1203 1409 die
1232 1354 1379 1426 ipsa.
1410 1378 1432 1403 υ
1467 1356 1643 1423 (Deut.
1676 1370 1792 1422 xxx,
1824 1354 1894 1407 23
1928 1356 1967 1421 :)

309 1444 478 1501 Unde
507 1448 565 1499 et
595 1443 881 1498 Dominus
909 1442 1132 1497 eisdem
1163 1442 1384 1498 Judazis
1415 1443 1681 1498 dicebat:
1712 1463 1740 1492 «
1762 1442 1967 1497 Adhuc

310 1524 676 1589 «modicum
706 1531 905 1587 lumen
937 1531 998 1586 in
1028 1531 1195 1587 vohis
1225 1536 1348 1599 est;
1385 1531 1681 1587 ambulate
1711 1531 1853 1585 dum
1882 1529 1966 1585 lu-

310 1644 340 1674 «
373 1639 501 1679 cem
533 1621 783 1689 habetis,
818 1637 890 1676 ne
914 1621 1165 1677 tenebrae
1195 1638 1298 1677 vos
1346 1620 1865 1693 comprehendant.
1898 1620 1968 1674 Et

313 1732 339 1762 ι
375 1711 477 1785 qui
508 1710 777 1767 ambulat
808 1710 867 1765 in
900 1710 1180 1777 tenebris,
1215 1710 1402 1765 nescit
1431 1727 1546 1782 quo
1578 1708 1965 1766 eat.Dumlu-

312 1823 335 1851 α
372 1815 500 1855 cem
532 1797 784 1866 habetis,
819 1797 1034 1853 credite
1064 1798 1125 1854 in
1156 1797 1370 1867 lucem,
1394 1801 1461 1854 ut
1492 1798 1596 1853 ﬁlii
1630 1797 1781 1854 lucis
1812 1798 1964 1854 sitis.

312 1913 335 1940 α
371 1891 552 1959 (Joan.
584 1904 685 1955 xu,
718 1887 809 1955 35,
839 1888 952 1955 36).
987 1908 1016 1938 »

381 1977 625 2034 XXXIII.
659 1975 806 2031 Cum
838 1979 1035 2032 autem
1059 1976 1344 2047 jussisset
1374 1976 1465 2032 lex
1495 1980 1560 2032 ut
1589 1994 1705 2032 non
1738 1993 1966 2049 perma-

307 2071 474 2124 neret
503 2080 831 2138 suspensus
851 2063 912 2119 in
935 2064 1115 2137 ligno,
1132 2066 1232 2120 sed
1258 2066 1464 2121 eadem
1489 2065 1840 2139 sepeliretur
1856 2066 1968 2133 die,

305 2156 615 2229 subjunxit
644 2171 884 2211 causam
907 2155 1064 2211 unde
1089 2154 1170 2209 illi
1195 2154 1311 2210 ista
1333 2155 1785 2211 honoriﬁcentia
1803 2156 1973 2211 debe-

306 2251 493 2314 retur,
521 2245 759 2301 dicens:
793 2245 941 2312 Quia
971 2244 1309 2300 maledictio
1342 2245 1445 2300 Dei
1477 2249 1567 2299 est
1599 2261 1966 2318 suspensus:

307 2335 468 2408 quod
528 2332 672 2389 nihil
730 2336 820 2389 est
873 2332 1032 2388 aliud
1091 2333 1230 2401 nisi,
1287 2354 1315 2383 «
1348 2332 1697 2389 Maledictus
1744 2352 1778 2389 a
1827 2335 1967 2405 Deo,

309 2447 340 2476 «
371 2428 553 2495 (Deut.
576 2424 811 2494 xx1,23),
840 2446 869 2473 »
895 2423 1047 2478 sicut
1067 2426 1125 2479 et
1145 2422 1244 2478 alii
1274 2422 1625 2495 interpretes
1652 2423 1968 2479 transtule-

305 2518 468 2570 runt.
502 2513 814 2585 Propterea
843 2528 980 2584 ergo
1011 2511 1194 2584 hujus
1222 2510 1332 2566 viri
1365 2511 1639 2583 suspensi
1684 2512 1880 2584 passio
1913 2517 1966 2568 et

306 2619 470 2659 mors
501 2601 772 2674 religiosa
800 2601 1089 2656 memoria
1112 2600 1387 2656 honorari
1410 2601 1600 2669 debet,
1625 2600 1764 2673 quia
1785 2600 1966 2657 male-

306 2692 488 2748 dictio
518 2692 619 2747 Dei
650 2695 740 2747 est
770 2708 1118 2762 suspensus,
1149 2690 1207 2746 id
1239 2695 1348 2758 est,
1383 2707 1498 2745 non
1548 2690 1738 2763 ipsius
1769 2689 1962 2763 culpa,

306 2798 426 2837 non
459 2797 566 2836 sua
592 2778 886 2848 violentia,
910 2795 1028 2834 non
1053 2778 1176 2835 suis
1197 2778 1392 2852 pravis
1414 2778 1676 2834 consiliis
1695 2779 1880 2835 Judaei
1904 2779 1963 2834 in

306 2869 624 2926 Dominum
654 2870 859 2925 Jesum
891 2868 1190 2925 Christum
1220 2869 1331 2924 hoc
1362 2869 1590 2925 efﬁcere
1611 2872 1960 2941 potuerunt;

306 2960 409 3016 sed
445 2959 546 3015 Dei
579 2958 844 3026 consilio,
879 2961 936 3014 et
966 2959 1333 3031 praeseientia
1362 2957 1635 3031 permissi
1666 2962 1826 3013 sunt.
1862 2958 1962 3013 [lic

305 3048 465 3104 enim
495 3051 707 3104 nostrae
754 3047 1152 3103 maledictioni
1191 3046 1376 3103 voluit
1405 3048 1729 3119 subjacere,
1762 3051 1828 3102 ut
1855 3064 1962 3104 nos

306 3137 732 3194 benedictionis
763 3137 924 3193 illius
954 3154 1263 3210 possemus
1294 3154 1422 3194 esse
1446 3136 1963 3210 participes.Male-

307 3228 485 3283 dictio
515 3227 673 3282 enim
704 3231 905 3282 nostra
932 3225 1148 3298 duplex
1177 3231 1288 3298 est,
1319 3226 1587 3283 videlicet
1616 3226 1674 3281 in
1698 3225 1889 3298 culpa,
1906 3230 1962 3281 et

2090 660 2112 690 α
2146 657 2281 695 cum
2312 641 2590 713 gentibus
2619 645 2676 698 et
2704 640 2939 713 populis
2987 641 3345 710 Judmorum,
3379 640 3568 697 facere
3609 656 3735 712 qua:

2088 752 2110 779 α
2147 747 2360 786 manus
2390 734 2493 786 tua
2522 734 2581 786 et
2608 729 2921 787 consilium
2954 731 3332 787 decreverunt
3361 730 3506 785 ﬁeri.
3537 750 3565 781 »
3599 730 3732 799 (Act.

2082 835 2159 887 Iv,
2193 837 2249 875 v.
2279 821 2316 874 2
2344 826 2397 875 et
2423 819 2595 893 seqq.)
2624 820 2719 876 Sic
2748 820 2903 877 Deus
2937 820 3105 876 Pater
3134 818 3270 876 huic
3315 819 3439 876 viro
3487 817 3735 875 maledi-

2080 906 2185 977 xit,
2222 925 2357 964 cum
2389 926 2525 965 eum
2556 927 2660 983 pro
2705 914 2907 966 nostra
2956 909 3164 979 salute,
3196 912 3408 968 nostris
3460 907 3735 965 maledic-

2080 997 2248 1066 tioni,
2283 1002 2495 1053 nostra:
2544 999 2719 1055 morti
2778 999 3041 1069 tradidit,
3068 1000 3242 1056 sicut.
3283 999 3408 1071 ipse
3464 1001 3732 1062 testatur,

2080 1085 2280 1142 dicens
2312 1104 2325 1142 ε
2364 1110 2391 1137 ‹‹
2424 1088 2665 1160 Propter
2691 1087 2882 1145 scelus
2914 1088 3115 1161 populi
3151 1087 3265 1143 mei
3297 1087 3556 1161 percussi
3599 1102 3733 1142 eum
3810 1080 3817 1083 Α

2082 1196 2110 1225 ‹‹
2144 1179 2271 1245 (lsa.
2308 1194 2426 1244 un,
2459 1178 2535 1247 8),
2566 1201 2593 1228 »
2628 1182 2684 1233 ct
2714 1178 2773 1232 in
2807 1178 3085 1235 Zacharia
3105 1178 3595 1250 prophetaipsam
3615 1175 3733 1231 vim

2078 1264 2370 1335 passionis
2400 1267 2683 1323 frameam
2722 1267 3195 1340 appellans,dicit
3222 1284 3285 1322 :«
3308 1268 3551 1323 Framea
3598 1283 3701 1321 sus

2083 1376 2103 1402 α
2139 1354 2318 1410 citare
2366 1373 2543 1427 super
2601 1361 2895 1428 pastorem
2954 1373 3174 1429 meum,
3209 1360 3267 1411 et
3315 1373 3495 1429 super
3542 1355 3736 1411 virum

2082 1464 2110 1492 ‹‹
2145 1443 2532 1500 cohaerentem
2579 1445 2746 1517 mihi,
2781 1446 2924 1502 dicit
2971 1444 3279 1501 Dominus.
3314 1445 3554 1501 Percute
3600 1462 3738 1517 pas-

2079 1554 2109 1583 ‹‹
2139 1536 2348 1605 torem,
2387 1556 2407 1583 ο
2446 1538 2556 1590 etc.
2588 1535 2775 1604 (Zach.
2808 1552 2930 1602 xm,
2957 1536 3040 1604 7.)
3071 1534 3234 1590 Unde
3266 1538 3323 1589 et
3372 1533 3554 1591 Isaias
3607 1533 3690 1589 ait
3724 1549 3739 1587 :

2080 1641 2109 1670 «
2141 1621 2210 1676 Et
2241 1620 2529 1677 Dominus
2560 1622 2743 1677 voluit
2772 1624 3070 1677 conterere
3105 1638 3240 1676 eum
3291 1620 3351 1675 in
3396 1620 3745 1675 inﬁrmitate

2080 1730 2110 1760 ‹‹
2141 1710 2274 1783 (Isa.
2311 1728 2431 1780 Lm,
2465 1711 2573 1781 10).
2613 1732 2634 1762 ι
2672 1712 2741 1766 Et
2768 1710 3082 1783 Apostolus
3112 1712 3338 1765 tantam
3370 1708 3471 1765 Dei
3512 1708 3746 1765 bonita-

2076 1802 2197 1853 tem
2215 1799 2385 1855 nobis
2405 1798 2794 1856 attentissime
2817 1800 3240 1855 commendans
3265 1814 3278 1854 :
3306 1821 3334 1850 «
3358 1796 3465 1864 Qui
3481 1797 3744 1870 proprio,

2086 1908 2115 1938 «
2145 1887 2360 1960 inquit,
2391 1886 2536 1944 Filio
2568 1906 2673 1944 suo
2719 1906 2834 1943 non
2880 1887 3158 1960 pepercit,
3189 1887 3293 1943 sed
3326 1904 3430 1960 pro
3464 1886 3745 1943 omnibus

2087 1999 2115 2026 ‹‹
2148 1976 2391 2031 tradidit
2420 1976 2587 2031 illum
2620 1978 2793 2047 (Rom.
2824 1994 2948 2045 vm,
2982 1977 3096 2045 32).
3129 1998 3157 2027 »

2152 2066 2393 2122 XXXIV.
2428 2065 2575 2132 Quia
2604 2082 2740 2137 ergo
2770 2069 2933 2120 tanta
2977 2064 3078 2121 Dei
3124 2064 3487 2137 benignitate
3515 2064 3603 2119 vir
3630 2064 3744 2120 iste

2082 2158 2295 2210 nostra:
2328 2153 2727 2210 maledictioni
2761 2157 2968 2226 sponte
3000 2153 3332 2221 succubuit,
3362 2152 3413 2208 ei
3453 2170 3586 2208 cum
3616 2170 3740 2209 sce-

2082 2243 2283 2301 leratis
2318 2247 2622 2317 reputatus
2651 2246 2758 2311 est,
2787 2241 3060 2315 praecepit
3090 2242 3180 2298 lex
3229 2243 3359 2315 ejus
3405 2243 3740 2315 passionem

2080 2333 2178 2406 pia
2208 2333 2492 2388 memoria
2521 2331 2820 2388 honorari.
2854 2332 3055 2403 Neque
3086 2332 3243 2387 enim
3276 2333 3347 2387 de
3380 2330 3635 2405 simplici
3656 2348 3742 2387 se-

2078 2421 2317 2494 pultura
2349 2421 2507 2477 illius
2538 2424 2659 2476 tam
2691 2421 2945 2476 absurde
2967 2420 3305 2493 przecipcrct
3331 2420 3585 2493 Spiritus
3608 2437 3740 2476 san-

2077 2514 2227 2579 ctus,
2263 2515 2327 2566 ut
2358 2527 2487 2566 eam
2519 2511 2590 2565 ab
2621 2509 2769 2583 ipsis
2791 2511 2893 2583 qui
2916 2527 3052 2565 eum
3077 2510 3739 2582 cruciﬁxeruntjuberet

2075 2600 2413 2672 praeparari,
2447 2600 2682 2671 quando
2706 2599 2803 2654 ille
2828 2599 2929 2671 qui
2959 2586 3067 2654 hoc
3102 2598 3255 2667 fecit,
3289 2598 3345 2653 id
3377 2602 3483 2667 est,
3515 2598 3733 2671 Joseph

2076 2689 2148 2745 ab
2178 2687 2523 2755 Arimathia,
2568 2691 2716 2745 teste
2764 2688 3096 2761 Evangello,
3134 2710 3161 2738 «
3194 2705 3310 2743 non
3359 2692 3738 2743 consenserat

2078 2799 2107 2828 α
2138 2777 2383 2834 consilio
2414 2781 2470 2833 et
2500 2776 2730 2833 actibus
2780 2794 2984 2833 eorum
3030 2779 3183 2847 (Luc.
3217 2794 3376 2845 xxm,
3408 2776 3520 2849 5|).
3554 2798 3581 2826 ››
3615 2777 3732 2831 Ad-

2065 2867 2267 2941 jungit
2293 2866 2403 2935 lex,
2439 2870 2662 2939 quanta
2687 2865 2933 2939 pollutio
2966 2869 3022 2921 et
3053 2865 3473 2923 contaminatio
3494 2865 3731 2922 Judaaos

2072 2960 2459 3012 consecutura
2481 2958 2655 3024 esset,
2684 2955 2783 3028 qui
2816 2955 2975 3010 hunc
3004 2955 3287 3011 honorem
3320 2954 3562 3009 Domino
3590 2955 3732 3010 dare

2070 3046 2386 3102 noluerunt
2414 3049 2471 3101 et
2493 3044 2721 3117 nolunt,
2745 3044 2947 3100 dicens
2972 3061 2985 3099 :
3013 3066 3040 3095 «
3063 3045 3133 3100 Et
3153 3061 3268 3100 non
3298 3043 3727 3100 contaminabis

2075 3158 2103 3186 ‹‹
2137 3140 2349 3191 terram
2382 3140 2568 3202 tuam,
2585 3150 2765 3205 quam
2788 3132 3075 3188 Dominus
3099 3133 3252 3189 Deus
3272 3137 3412 3188 tuus
3433 3131 3596 3187 dabit
3618 3131 3725 3187 tibi

2075 3247 2097 3275 α
2134 3224 2192 3278 in
2242 3223 2582 3280 haereditate
2629 3224 2803 3292 (Deut.
2837 3239 2952 3291 xxr,
2985 3221 3155 3293 23.)»
3210 3220 3326 3294 Ipsi
3376 3224 3516 3276 sunt
3564 3220 3725 3275 enim

307 3315 367 3371 in
401 3332 592 3388 pmna.
616 3316 681 3370 In
704 3314 898 3386 culpa,
912 3313 1066 3369 sicut
1086 3314 1372 3386 scriptum
1404 3318 1528 3369 est:
1559 3336 1585 3363 ‹‹
1608 3313 1958 3370 Maledictus
1993 3316 2036 3383 C
2074 3317 2246 3381 terra,
2281 3330 2457 3386 quam
2490 3311 2803 3384 aliquando
2835 3311 3121 3366 Dominus
3150 3310 3304 3366 Deus
3327 3309 3565 3365 dederat
3586 3308 3725 3376 illis,

312 3426 340 3453 α
374 3403 475 3474 qui
508 3419 626 3457 non
653 3404 957 3473 permanet
986 3400 1047 3455 in
1077 3402 1270 3457 verbis
1300 3400 1448 3474 legis
1478 3402 1680 3472 hujus,
1700 3406 1762 3457 ut
1791 3402 1967 3458 faciat

314 3511 343 3542 ι(
373 3507 442 3546 ea
488 3490 661 3561 (Deut.
712 3506 886 3555 xxvn,
919 3488 1032 3560 26).
1066 3511 1094 3539 »
1129 3489 1192 3544 In
1234 3508 1424 3562 parua,
1459 3489 1612 3545 sicut
1669 3490 1741 3544 ab
1798 3489 1965 3545 initio

311 3576 503 3649 primo
533 3576 760 3631 homini
793 3576 1021 3631 dictum
1053 3581 1141 3631 est
1172 3594 1184 3632 :
1225 3600 1245 3627 α
1283 3580 1642 3649 Quacumque
1685 3579 1841 3632 enim
1874 3578 1968 3634 die

316 3688 344 3716 «ι
376 3664 701 3721 comederis
733 3680 800 3721 ex
830 3681 918 3733 eo,
955 3670 1140 3720 morte
1189 3666 1458 3721 morieris
1509 3666 1662 3736 (Gen.
1694 3684 1755 3735 ιι,
1791 3669 1899 3736 17).
1934 3689 1961 3717 ››

313 3756 448 3820 Quae
479 3752 809 3809 maledictio
841 3769 909 3808 ex
938 3752 1037 3808 illo
1067 3753 1306 3809 homine
1338 3754 1394 3808 in
1426 3754 1753 3810 humanum
1778 3771 1965 3827 genus

312 3840 630 3897 descendit.
645 3842 714 3897 Et
730 3842 1015 3913 quoniam
1035 3841 1129 3897 ille
1150 3848 1464 3914 utramque
1495 3841 1962 3900 maledictionem

312 3929 550 3999 meruit,
582 3928 640 3984 id
673 3934 762 3985 est
792 3929 998 4002 culpae,
1029 3930 1168 4002 quia
1193 3934 1601 4003 transgressus
1631 3935 1719 3986 est
1750 3948 1961 4004 praece-

312 4022 478 4090 ptum
512 4018 779 4086 Domini;
813 4024 870 4074 et
901 4036 1103 4091 pmum,
1137 4019 1278 4092 quia
1308 4019 1587 4077 addictus
1609 4024 1697 4076 est
1735 4021 1909 4077 morti
1945 4037 1958 4076 :

311 4108 440 4163 ideo
462 4111 520 4163 et
539 4125 743 4164 omnes
766 4108 1035 4163 homines
1053 4112 1301 4181 utraque
1320 4109 1650 4165 maledictio
1664 4110 1960 4183 obligavit.

311 4197 423 4253 Sed
464 4197 625 4253 venit
670 4214 842 4253 verus
892 4196 1176 4266 Salvator,
1211 4198 1495 4265 Dominus
1548 4204 1748 4254 noster
1791 4200 1965 4257 Jesus

308 4284 603 4358 Christus,
637 4286 800 4343 solus
832 4286 959 4342 sine
987 4287 1396 4343 maledictione
1427 4287 1645 4361 culpm;
1670 4288 1809 4360 quia
1839 4306 1967 4362 pec-

308 4377 509 4429 catum
542 4390 659 4429 non
693 4374 849 4442 fecit,
885 4391 989 4430 nec
1016 4373 1287 4431 inventus
1309 4379 1398 4432 est
1418 4374 1589 4432 dolus
1611 4377 1670 4432 in
1694 4394 1791 4433 ore
1813 4378 1961 4450 ejus.

308 4463 580 4536 Suscepit
608 4462 866 4518 indebite
897 4462 1369 4521 maledictionem
1410 4482 1591 4537 pmna:
1640 4469 1875 4537 nostra},
1907 4471 1965 4522 et

310 4551 784 4608 maledictionem
816 4552 1025 4608 mortis
1057 4556 1289 4622 nostra),
1324 4558 1389 4609 ut
1437 4571 1545 4609 nos
1593 4555 1668 4610 ab
1713 4559 1961 4628 utraque

309 4640 717 4698 maledictione
741 4642 1016 4715 eriperet:
1035 4660 1249 4715 passus
1270 4661 1372 4716 pro
1394 4643 1709 4712 nobis,non
1733 4662 1837 4717 pro
1860 4663 1921 4701 se
1944 4663 1957 4701 :

312 4692 715 4698 *""'—""""
744 4692 1016 4715 "'r""'
1036 4692 1246 4715 1""‘""
1270 4692 1368 4716 [ην
1396 4692 1709 4712 “""'“'""'"
1733 4692 1834 4717 1""
1860 4692 1920 4701 κν
1945 4692 1957 4701 '

310 4745 424 4783 non
456 4728 679 4784 habens
710 4729 968 4802 culpam,
992 4735 1049 4785 et
1076 4731 1377 4788 sustinens
1409 4749 1662 4804 pcenam,
1686 4737 1752 4789 ut
1772 4737 1829 4789 et
1848 4734 1967 4790 cul—
1996 4692 2041 4755 Β

310 4833 442 4888 pam
468 4816 653 4873 solvat
672 4822 728 4874 et
750 4836 1004 4890 pcenam.
1020 4820 1138 4875 Hoc
1156 4820 1309 4875 Deus
1331 4824 1464 4877 ante
1485 4822 1963 4883 constitutionem

310 4905 515 4962 mundi
550 4907 1009 4963 misericorditer
1038 4926 1143 4981 pro
1176 4914 1377 4966 nostra
1414 4910 1603 4966 salute
1651 4912 1962 4985 disposuit,

311 4993 420 5050 hoc
452 5010 556 5065 per
584 4996 899 5068 prophetas
930 5015 1071 5053 suos
1102 5002 1235 5055 ante
1266 4999 1668 5071 praedixit,hoc
1689 5000 1747 5056 in
1781 5003 1969 5060 novis-

311 5082 478 5138 simis
511 5084 741 5153 diebus,
777 5085 931 5141 sicut
963 5088 1310 5158 prmdictum
1341 5090 1553 5161 fuerat,
1586 5090 1846 5162 perfecit,
1883 5097 1963 5149 te-

313 5175 502 5228 stante
534 5173 701 5228 beato
735 5173 899 5229 Petro
932 5175 1193 5247 apostolo
1224 5178 1295 5233 de
1326 5178 1574 5233 Domino
1606 5183 1803 5235 nostro
1825 5181 1965 5237 Jesu

312 5259 562 5330 Christo,
595 5264 652 5316 et
681 5261 911 5319 dicente
943 5264 1014 5320 ad
1038 5265 1273 5322 Judzeos
1294 5283 1306 5320 :
1331 5289 1357 5317 ‹‹
1380 5267 1547 5322 Hunc
1573 5268 1814 5323 deﬁnito
1837 5287 1969 5326 con-

316 5368 344 5396 ‹‹
375 5347 506 5403 silio
536 5353 594 5403 et
622 5352 988 5421 przescientia
1018 5353 1119 5409 Dei
1152 5355 1455 5423 traditum,
1491 5373 1593 5427 per
1623 5374 1835 5414 manus
1856 5359 1965 5413 ini-

317 5457 345 5484 ‹‹
375 5453 627 5508 quorum
661 5440 987 5513 affligentes
1021 5442 1404 5500 interemistis
1433 5445 1566 5517 (Act.
1601 5462 1661 5510 II,
1695 5448 1806 5517 23).
1843 5472 1869 5497 ››
1899 5450 1969 5503 Et

314 5540 551 5579 rursum
583 5528 865 5596 apostolis
894 5535 951 5585 et
983 5532 1255 5588 universa
1280 5532 1539 5589 Ecclesia
1577 5535 1881 5592 orantibus
1913 5541 1969 5593 et

315 5610 649 5668 dicentibus
679 5616 750 5670 ad
784 5616 967 5674 Deum
993 5637 1005 5675 :
1044 5643 1071 5671 «
1103 5620 1511 5678 Convenerunt
1539 5623 1697 5679 enim
1743 5642 1876 5682 vere
1905 5626 1966 5681 in

324 5716 344 5745 α
380 5697 491 5753 hac
519 5698 747 5759 civitate
776 5704 1056 5766 adversus
1086 5714 1357 5768 sanctum
1388 5728 1640 5787 puerum
1671 5716 1842 5771 tuum
1871 5715 1967 5775 Je-

2076 3406 2141 3456 ut
2166 3407 2364 3458 essent
2396 3403 2444 3458 ei
2478 3400 2733 3474 populus
2762 3398 3189 3468 haereditarius,
3215 3397 3366 3453 sicut
3392 3398 3623 3471 Moyses
3654 3398 3727 3454 ad

2075 3510 2173 3549 eos
2194 3493 2337 3548 dicit
2361 3509 2373 3547 :
2402 3515 2431 3542 ‹‹
2460 3492 2576 3547 Vos
2596 3489 2771 3562 elegit
2788 3489 3076 3545 Dominus
3095 3489 3166 3544 de
3182 3486 3410 3544 cunctis
3425 3487 3726 3560 gentibus,

2081 3602 2105 3632 ι
2139 3586 2204 3638 ut
2232 3582 2472 3637 haberet
2493 3579 2777 3653 populum
2799 3578 3233 3634 hrcreditarium
3255 3578 3429 3648 (Deut.
3454 3595 3531 3646 ιν,
3554 3577 3671 3646 20).
3698 3599 3725 3627 ››

2076 3670 2193 3743 Ipsi
2238 3673 2377 3725 sunt
2417 3672 2572 3724 terra
2621 3668 2715 3724 cui
2766 3667 3059 3723 clamabat
3106 3665 3427 3723 Jeremias:
3463 3687 3492 3715 ‹‹
3525 3666 3726 3732 Terra,

2078 3781 2105 3808 ‹‹
2138 3763 2313 3826 terra,
2348 3761 2522 3827 terra,
2556 3757 2693 3813 audi
2727 3773 3059 3813 sermonem
3091 3755 3321 3811 Domini
3348 3756 3563 3828 (Jerem.
3587 3771 3726 3821 xxn,

2071 3848 2185 3919 29),
2221 3870 2248 3897 »
2284 3852 2341 3902 et
2368 3848 2437 3902 de
2488 3863 2607 3917 qua
2658 3847 2717 3901 in
2770 3845 2998 3919 psalmo
3051 3844 3310 3900 dicitur:
3347 3867 3373 3894 «
3404 3844 3467 3899 Et
3502 3842 3729 3899 adulte-

2078 3960 2099 3987 α
2136 3940 2264 3993 rata
2294 3940 2381 3992 est
2406 3940 2561 3991 terra
2592 3935 2652 3990 in
2684 3935 3096 4008 sanguinibus,
3120 3937 3178 3989 et
3205 3931 3565 4005 coinquinati
3589 3935 3731 3988 sunt

2075 4048 2104 4077 «
2135 4026 2193 4081 in
2223 4024 2499 4098 cperibus
2532 4023 2676 4093 suis,
2700 4047 2728 4075 »
2763 4024 2882 4081 sive
2912 4027 3003 4094 (ut
3046 4040 3152 4080 nos
3203 4025 3479 4078 consuete
3527 4024 3728 4077 canta-

2072 4118 2229 4185 mus)
2254 4132 2267 4169 :
2298 4139 2317 4163 α
2345 4114 2654 4170 Interfecta
2675 4118 2764 4169 est
2784 4118 2938 4169 terra
2958 4113 3017 4168 in
3042 4110 3515 4186 sanguinibus,et
3536 4114 3732 4165 conta-

2027 4265 2036 4273 ,
2077 4227 2105 4256 «
2139 4204 2361 4260 minata
2392 4208 2481 4259 est
2508 4202 2567 4257 in
2600 4202 2876 4275 operibus
2908 4218 3110 4259 eorum
3142 4202 3313 4272 (Psal.
3337 4216 3424 4269 cv,
3448 4202 3538 4270 38,
3559 4199 3672 4271 39).
3697 4219 3725 4247 ι)

2075 4294 2407 4349 Debuerant
2435 4293 2631 4363 itaque
2660 4291 2945 4347 honorem
2988 4290 3123 4345 ﬁdei
3171 4288 3443 4346 exhibere
3481 4286 3729 4344 Domino

2074 4382 2491 4453 Salvatori,pro
2524 4380 2711 4437 salute
2741 4380 2946 4435 mundi
2980 4380 3040 4435 in
3072 4378 3232 4452 ligno
3255 4376 3445 4433 crucis
3477 4394 3651 4450 passo
3674 4379 3731 4431 et

2074 4475 2325 4538 mortuo,
2360 4474 2426 4525 ut
2457 4473 2823 4525 mererentur
2850 4468 3055 4524 audire
3089 4484 3225 4523 cum
3258 4465 3476 4522 sanctis
3504 4469 3733 4538 aposto-

2071 4560 2143 4616 lis
2175 4564 2232 4615 et
2260 4559 2482 4615 cmtcris
2512 4557 2613 4629 qui
2644 4574 2713 4614 ex
2741 4559 2946 4615 eodem
2974 4556 3189 4630 pepulo
3212 4555 3604 4623 crediderunt,
3630 4571 3733 4626 per

2073 4648 2419 4705 Malachiam
2477 4646 2875 4719 prophetam:
2936 4668 2957 4697 ι
2994 4647 3064 4701 Et
3116 4645 3317 4701 beatos
3373 4660 3481 4699 vos
3536 4642 3733 4697 dicent

2081 4759 2108 4792 ς(
2137 4755 2340 4794 omnes
2358 4740 2560 4810 gentes
2584 4752 2596 4789 :
2621 4735 2785 4790 eritis
2807 4735 3025 4807 quippe
3037 4751 3140 4791 vos
3160 4738 3314 4790 terra
3325 4730 3732 4789 desiderabilis

2075 4827 2287 4900 (Malae.
2321 4843 2404 4896 III,
2440 4825 2549 4898 l2).
2582 4844 2609 4876 υ
2646 4825 2759 4880 Sed
2792 4822 3473 4896 quia.contempserunt,
3505 4824 3564 4876 et
3593 4837 3732 4876 con-

2074 4921 2368 4984 temnunt,
2404 4918 2462 4970 et
2490 4931 2680 4987 usque
2708 4912 2882 4968 hodie
2905 4913 3223 4968 furibundo
3248 4910 3443 4968 animo
3465 4912 3521 4965 et
3540 4912 3737 4964 trucu-

2076 5006 2231 5061 lento
2270 5004 2435 5060 vultu
2480 5003 2603 5060 haee
2645 5002 2869 5074 legunt,
2919 5003 3274 5058 detestantes
3325 5016 3459 5055 eum
3509 4998 3579 5052 de
3617 5014 3734 5069 quo

2076 5094 2296 5166 scripta
2323 5091 3037 5163 sunt,contaminaverunt
3058 5095 3114 5145 et
3153 5089 3488 5162 polluerunt
3515 5088 3734 5141 terram

2077 5187 2334 5251 suam,et
2346 5199 2462 5238 non
2482 5180 2786 5252 possident
2800 5179 3269 5235 benedictionem
3293 5176 3731 5250 repromissam,

2076 5274 2179 5329 sed
2209 5270 2467 5343 quotidie
2498 5270 2583 5325 eis
2613 5268 2831 5324 dicitur
2856 5285 2959 5339 per
2979 5266 3336 5323 Ezechielem
3357 5263 3732 5339 prophetam;

2083 5384 2111 5415 α
2140 5362 2229 5416 Tu
2260 5378 2322 5416 es
2354 5365 2517 5415 terra.
2548 5358 2877 5426 immunda,
2914 5361 2972 5413 et
3019 5375 3136 5412 non
3187 5355 3488 5428 compluta
3518 5353 3734 5424 (Ezech.

2074 5467 2213 5518 xm,
2245 5451 2338 5519 24)
2359 5467 2372 5517 ;
2395 5468 2421 5500 ι)
2448 5451 2505 5503 et
2527 5464 2629 5519 per
2656 5447 2865 5501 Isaiam
2892 5463 2904 5501 :
2938 5470 2958 5495 ιι
2988 5447 3199 5503 Manus
3219 5449 3425 5501 vestrae
3449 5443 3739 5515 sanguine

2077 5540 2261 5612 plena:
2311 5541 2469 5593 sunt.
2502 5555 2528 5587 ao
2582 5537 2651 5591 Et
2698 5535 2961 5590 iterum:
3002 5556 3029 5587 α
3058 5538 3266 5591 Manus
3324 5533 3481 5588 enim
3533 5536 3737 5587 vestrae

2083 5649 2110 5683 α
2139 5627 2375 5701 polluta:
2410 5630 2549 5682 sunt
2588 5624 2896 5698 sanguine,
2931 5628 2988 5679 et
3015 5624 3183 5697 digiti
3220 5622 3396 5680 vestri
3427 5620 3741 5694 iniquitate

2086 5738 2113 5776 α
2144 5719 2270 5796 (Isa.
2307 5734 2346 5793 ι,
2385 5716 2484 5789 15;
2518 5731 2630 5786 nx,
2664 5715 2742 5787 3).
2774 5733 2802 5767 ι
2835 5712 3116 5772 Videlicet
3146 5712 3287 5792 quia
3313 5710 3737 5786 clamaveruut,
