3914 6390
135 464 247 530 165

1381 459 1533 527 LIB.
1581 460 1899 527 CONTRA
1940 461 2286 526 JUD/EOS.

3428 471 3543 531 166

136 600 387 671 dicentes
421 614 436 654 :
473 618 503 649 ‹‹
533 596 788 671 Sanguis
829 595 959 670 ejus
989 614 1168 671 super
1196 615 1304 655 nos
1334 602 1392 655 et
1424 615 1602 672 super
1632 598 1784 656 ﬁlios
1812 599 1870 668 Α
1898 598 2051 654 Deus
2075 597 2272 669 posuit
2311 597 2371 654 in
2418 614 2485 654 eo
2530 597 2901 672 iniquitatem
2948 602 3216 659 omnium
3249 609 3541 661 nostrum.

140 711 166 740 ‹‹
194 692 423 745 nostros
452 685 665 756 (Matth.
697 703 870 755 xxvn,
902 686 1016 759 25).
1049 708 1079 738 »

201 776 410 834 XXXV.
434 775 595 832 Hanc
616 774 1177 831 contaminationem
1199 780 1256 831 et
1275 776 1657 849 pollutionem
1678 781 1786 833 ter-

137 885 208 923 rae
229 883 367 935 suae,
400 865 461 921 id
489 868 579 921 est
606 864 940 937 semetipsis
968 864 1177 921 timere
1205 866 1549 934 debuerant,
1582 871 1639 922 et
1669 883 1787 922 non

138 955 292 1011 illam
316 971 446 1027 qua:
468 952 632 1009 nulla
662 957 770 1021 est,
789 952 960 1025 quasi
990 956 1145 1009 terra
1174 953 1560 1009 habitationis
1583 971 1786 1011 eorum

136 1044 487 1118 pollueretur
507 1042 889 1098 cadaveribus
918 1042 979 1097 in
1011 1058 1183 1098 cruce
1215 1042 1786 1116 suspensorum,nisi

137 1134 333 1190 eadem
355 1133 449 1187 die
474 1129 883 1202 sepelirentur.
907 1132 1071 1196 Quod
1101 1131 1341 1186 omnino
1372 1132 1579 1187 beatus
1606 1132 1787 1187 David

138 1241 231 1279 rex
250 1227 305 1277 et
328 1220 611 1294 propheta
632 1236 747 1274 non
780 1218 1000 1289 timuit,
1035 1220 1134 1290 qui
1159 1221 1231 1275 ob
1258 1220 1606 1292 placandam
1639 1220 1787 1276 iram

138 1311 234 1368 Dei
266 1314 493 1383 septem
523 1309 679 1363 viros
709 1308 781 1363 de
812 1309 985 1364 domo
1007 1308 1147 1365 Saul
1182 1310 1525 1365 Gabaonitis
1550 1310 1792 1365 tradidit

138 1399 561 1472 crucifigendos
595 1414 608 1452 :
642 1401 701 1453 et
729 1397 801 1453 ab
832 1396 1000 1454 initio
1031 1397 1342 1453 messionis
1374 1398 1791 1470 hordei,donec

139 1506 340 1545 omnes
360 1492 590 1561 segetes
610 1490 1053 1555 meterentur,et
1071 1486 1321 1544 stillaret
1342 1505 1519 1560 super
1546 1505 1645 1544 eos
1666 1487 1792 1560 plu-

137 1579 225 1635 via
244 1579 317 1634 de
338 1576 504 1645 coelo,
536 1577 622 1633 sic
645 1593 744 1633 eos
775 1576 1021 1647 dimisit,
1055 1594 1160 1632 nec
1182 1576 1369 1632 ullum
1391 1594 1594 1633 eorum
1625 1593 1790 1649 sepe-

139 1666 229 1722 liri
251 1666 407 1723 fecit.
431 1665 540 1721 Ubi
572 1664 623 1720 si
652 1664 1083 1736 responderint,
1117 1665 1261 1721 istos
1290 1665 1351 1720 in
1386 1670 1539 1721 terra
1567 1665 1795 1721 habita-

136 1755 311 1812 tionis
341 1753 822 1822 Gabaonitarum,
844 1754 946 1826 qui
977 1770 1094 1810 non
1126 1759 1293 1811 erant
1321 1754 1391 1809 de
1422 1754 1560 1811 ﬁliis
1590 1754 1790 1823 Israel,

136 1845 314 1901 fuisse
340 1843 670 1911 cruciﬁxos,
704 1846 762 1898 et
790 1846 1097 1914 propterea
1126 1842 1211 1898 sic
1243 1842 1523 1899 dimissos
1547 1861 1561 1911 ;
1594 1842 1795 1914 legant

134 1933 191 1989 in
220 1934 427 1989 eodem
477 1931 629 1987 libro
688 1929 1005 1997 Samuelis,
1037 1947 1153 1985 non
1202 1930 1263 1985 in
1302 1930 1561 1999 Gabaon,
1596 1931 1696 1987 sed
1727 1930 1787 1987 in

132 2021 328 2078 Gabaa
356 2020 663 2093 Benjamin
695 2018 805 2075 hoc
836 2022 1070 2090 gestum
1102 2034 1251 2086 esse,
1278 2018 1611 2076 dicentibus
1640 2018 1786 2091 ipsis

131 2104 471 2167 Gabaonitis
494 2109 567 2165 ad
593 2107 773 2164 David
799 2124 811 2163 :
852 2129 880 2156 ‹‹
902 2108 973 2162 Et
1001 2105 1418 2179 cruciﬁgamus
1457 2124 1557 2163 eos
1586 2108 1645 2163 in
1675 2112 1787 2164 Ga-

133 2222 159 2252 ‹‹
188 2202 299 2256 baa
320 2197 843 2269 Saulis,quondam
866 2194 1033 2251 electi
1054 2194 1286 2251 Domiui
1310 2196 1381 2267 (ΙΙ
1399 2197 1524 2267 Reg.
1548 2197 1784 2266 xx1,6).»

131 2289 185 2346 Si
228 2291 433 2345 autem
489 2285 742 2342 dixerint
792 2284 1064 2340 timuisse
1122 2284 1304 2340 David
1354 2302 1425 2341 ne
1479 2285 1628 2341 iram
1685 2286 1788 2342 Dei

129 2377 487 2446 incurreret;
521 2374 571 2430 si
594 2372 774 2430 semel
807 2374 1117 2433 damnatos
1138 2378 1195 2429 et
1215 2372 1422 2429 divinae
1444 2374 1652 2430 ultioni
1684 2375 1788 2430 de-

131 2470 364 2540 putatos
388 2463 634 2537 sepelire
655 2462 1152 2536 prmsumpsisset,
1176 2462 1329 2535 legat
1358 2464 1498 2536 quia
1526 2468 1788 2536 postmo-

132 2557 439 2625 dum,cum
454 2552 505 2609 ei
520 2552 859 2609 nuntiatum
873 2551 1085 2608 fuisset
1106 2553 1263 2624 quod
1287 2553 1788 2624 concubinaSaul,

135 2647 432 2702 substrato
455 2642 568 2699 sibi
592 2641 1044 2715 superlapidem
1067 2640 1382 2710 cilicio,eos
1412 2660 1517 2715 per
1545 2643 1702 2699 diem
1733 2648 1792 2700 et

135 2741 364 2791 noctem
386 2750 421 2788 a
442 2732 581 2788 feris
606 2736 663 2788 et
693 2731 901 2787 avibus
928 2735 1049 2786 tam
1077 2730 1252 2804 longo
1299 2735 1561 2803 tempore
1594 2737 1790 2789 custo-

136 2824 335 2892 disset,
361 2839 479 2877 non
510 2819 704 2877 solum
734 2819 1128 2893 reprehendit,
1154 2820 1254 2875 sed
1278 2819 1456 2875 etiam
1477 2824 1651 2876 tantas
1678 2822 1794 2893 pie-

136 2912 271 2968 tatis
300 2910 565 2967 imitator
592 2913 651 2966 et
681 2924 1114 2981 supergressor,
1148 2907 1348 2964 attulit
1394 2925 1529 2964 ossa
1567 2909 1704 2965 Saul
1736 2914 1794 2965 et

137 3001 396 3058 Jonathaa
420 2998 526 3055 filii
549 2999 678 3070 ejus
710 2998 781 3053 de
810 2998 989 3054 Jabes
1021 2995 1239 3053 Galaad
1268 3013 1280 3080 ξ
1305 3000 1362 3053 et
1381 2997 1566 3067 jussit
1595 2997 1791 3069 colligi

139 3106 267 3145 ossa
281 3089 537 3146 istorum
564 3090 788 3158 septem
812 3084 912 3157 qui
933 3085 1195 3141 crucifixi
1217 3084 1479 3141 fuerant:
1497 3085 1795 3158 simulque

137 3195 245 3234 non
277 3175 701 3244 abominando,
723 3175 824 3231 sed
850 3175 941 3247 pie
972 3173 1314 3230 honorando
1344 3174 1607 3229 condidit
1628 3174 1687 3229 in
1711 3192 1796 3230 se-

138 3269 332 3339 pulcro
354 3266 476 3334 Cis,
501 3263 685 3336 patris
715 3262 877 3319 Saul.
910 3262 1026 3318 Nec
1055 3261 1128 3317 ob
1162 3261 1267 3317 hoc
1309 3261 1496 3317 Deum
1529 3263 1790 3332 offendit,

139 3335 232 3411 sed
272 3335 521 3427 insuper
551 3352 854 3425 Scriptura
882 3350 1025 3407 dicit
1055 3367 1069 3408 :
1108 3370 1131 3400 ι
1165 3351 1567 3423 Feceruntque
1595 3353 1794 3409 omnia
1821 3335 1867 3405 Ο

142 3466 162 3493 ι
189 3462 312 3517 quea
335 3445 693 3517 praeceperat
714 3457 832 3496 rex.
853 3440 925 3496 Et
945 3439 1361 3512 reprOpitiatus
1385 3444 1474 3495 est
1504 3440 1791 3499 Dominus

143 3555 162 3583 ι
189 3539 348 3588 terra:
400 3536 535 3605 post
581 3531 702 3586 haec
752 3529 824 3599 (II
852 3531 977 3601 Reg.
1010 3546 1125 3597 xm,
1162 3528 1271 3601 14).
1308 3551 1331 3578 ι
1367 3529 1493 3584 Non
1514 3547 1651 3603 ergo
1680 3530 1795 3587 ista

138 3621 338 3678 beatus
369 3619 554 3677 David
586 3618 905 3687 metuebat,
939 3617 1081 3690 quia
1108 3617 1168 3672 in
1199 3617 1300 3673 illo
1340 3617 1486 3691 legis
1535 3619 1793 3692 capitulo

142 3727 249 3766 non
278 3710 535 3781 alicujus
565 3707 944 3765 abominandi
975 3706 1233 3762 hominis
1274 3706 1658 3779 supplicium,
1689 3710 1791 3765 sed

142 3799 454 3857 Salvatoris
512 3797 859 3872 mysterium
917 3796 1300 3870 intelligebat.
1323 3798 1439 3852 Aut
1466 3797 1515 3852 si
1538 3797 1640 3854 isti
1670 3802 1792 3854 tam

141 3888 424 3963 religiose,
458 3890 524 3944 ut
544 3890 775 3959 putant,
808 3891 1026 3943 terram
1060 3903 1228 3942 suam
1263 3903 1298 3941 a
1327 3885 1650 3958 pollutione
1680 3905 1797 3944 ser—

140 3982 434 4047 vaverunt,
469 3975 612 4047 quid
644 3992 832 4031 causae
867 3979 958 4030 est
988 3975 1144 4045 quod
1175 3991 1279 4047 per
1309 3978 1395 4030 tot
1422 3973 1636 4032 saecula
1695 3994 1794 4033 eos

143 4068 421 4139 tanquam
454 4065 796 4121 immundos
825 4063 1083 4120 evomuit
1102 4064 1131 4118 ?

205 4154 440 4211 XXXVI.
475 4152 714 4210 Nullum
773 4153 892 4209 fere
939 4157 1029 4208 est
1076 4152 1135 4208 in
1186 4152 1506 4224 Scripturis
1544 4153 1794 4226 prophe-

141 4242 267 4299 ticis
296 4247 419 4300 tam
452 4240 800 4316 praeclarum
832 4240 1238 4298 testimonium
1270 4240 1369 4295 ubi
1398 4239 1481 4296 sic
1502 4241 1797 4298 evidenter

144 4335 197 4387 et
215 4333 423 4390 modus
454 4330 750 4403 passionis
785 4329 1003 4386 Christi
1036 4329 1095 4384 in
1125 4328 1285 4401 ligno
1316 4327 1537 4398 Crucis,
1569 4334 1627 4385 et
1654 4330 1798 4386 veri-

144 4421 226 4476 tas
247 4422 455 4478 mortis
476 4419 604 4491 ejus
625 4417 1180 4492 exprimatur.Unde
1200 4421 1258 4474 et
1279 4420 1520 4474 sanctus
1548 4419 1794 4491 Aposto-

146 4505 253 4579 lus,
286 4528 402 4567 non
434 4509 792 4565 erubescens
820 4505 1228 4564 testimonium
1262 4506 1498 4577 Christi,
1534 4508 1606 4563 ad
1637 4524 1795 4564 com-

149 4599 535 4656 mendandam
594 4596 900 4654 veritatem
929 4601 988 4653 et
1017 4595 1271 4669 gratiam
1318 4596 1614 4668 passionis
1643 4598 1794 4668 ejus,

1820 1974 1868 2039 B

1898 688 2073 742 Recte
2105 687 2301 758 itaque
2331 685 2476 742 dicit
2506 688 2809 760 Scriptura
2826 690 2900 744 de
2928 689 3029 745 illo
3048 706 3061 745 :
3083 693 3324 757 Quando
3351 711 3547 765 pecca~

1894 775 2042 831 verit
2072 775 2248 830 homo
2279 777 2434 848 quod
2477 781 2666 833 morte
2712 777 3086 849 plectendum
3130 784 3250 849 est;
3284 782 3424 854 quia
3474 783 3547 839 ad

1897 882 2110 938 corpus
2141 865 2323 935 hujus
2344 864 2604 922 hominis
2630 867 2926 938 pertinent
2954 885 3160 924 omnes
3205 870 3304 941 qui
3352 886 3551 942 pecca-

1896 958 2107 1009 verunt
2140 970 2151 1009 :
2185 958 2243 1009 et
2274 954 2347 1009 ob
2381 954 2665 1025 hocjustc
2696 958 2882 1011 morte
2912 956 3201 1028 plectendi
3225 962 3412 1027 erant,
3434 960 3548 1014 nisi

1897 1042 2026 1113 ejus
2072 1046 2257 1097 morte
2308 1043 2567 1098 indebita
2616 1043 3063 1115 redimerentur,
3119 1046 3414 1101 dicentis:
3451 1048 3551 1102 «Ο

1841 1203 1844 1207 ⁶
1902 1152 1930 1181 ‹‹
1963 1148 2140 1197 mors,
2168 1148 2264 1185 ero
2300 1148 2460 1186 mors
2503 1136 2600 1186 tua
2622 1134 2765 1201 (03c.
2791 1150 2912 1200 xm,
2950 1132 3057 1205 14).
3094 1155 3121 1183 ››
3154 1134 3331 1189 Juxta
3373 1152 3550 1205 quem

1900 1237 2141 1275 sensum
2164 1220 2223 1273 in
2255 1221 2476 1276 visione
2508 1221 2736 1277 Nathan
2768 1222 3083 1293 prophetm,
3119 1223 3215 1277 ubi
3239 1240 3308 1276 ex
3328 1224 3552 1279 semine

1900 1310 2079 1364 David
2113 1312 2243 1381 ejus
2274 1310 2636 1382 promittitur
2664 1312 2970 1379 adventus,
3004 1312 3179 1367 etiam
3214 1312 3356 1366 illud
3402 1308 3556 1367 recte

1899 1398 2251 1472 intelligitur
2279 1401 2433 1471 quod
2466 1401 2537 1454 de
2568 1400 2696 1472 ipso
2726 1400 2882 1455 Deus
2913 1401 2997 1455 ait
3027 1417 3041 1456 :
3079 1423 3106 1451 «
3138 1401 3244 1467 Qui
3277 1400 3326 1455 si
3353 1400 3555 1471 inique

1904 1510 1932 1538 ‹‹
1963 1488 2185 1560 aliquid
2216 1489 2745 1562 gesserit,arguam
2768 1507 2902 1545 eum
2935 1490 2994 1544 in
3015 1490 3179 1562 virga
3198 1490 3478 1556 virorum,
3500 1495 3558 1547 et

1904 1600 1932 1628 (ί
1965 1576 2023 1632 in
2039 1577 2228 1650 plagis
2245 1578 2502 1633 ﬁliorum
2525 1578 2862 1647 hominum;
2884 1577 3343 1635 misericordiam
3358 1582 3555 1635 autem

1904 1689 1933 1719 «
1966 1685 2158 1723 meam
2217 1685 2333 1723 non
2392 1668 2653 1723 auferam
2703 1668 2775 1723 ab
2834 1686 2901 1724 eo
2952 1670 3025 1740 (II
3068 1670 3195 1740 Reg.
3226 1686 3327 1737 VII,
3364 1669 3490 1742 Ili):
3528 1691 3551 1720 ι

1903 1757 2042 1829 quia
2070 1756 2274 1828 utique
2304 1757 2569 1833 membra
2598 1760 2738 1812 sunt
2767 1758 2919 1827 ejus,
2943 1761 3001 1812 et
3031 1758 3100 1812 ad
3134 1756 3325 1830 ipsius
3372 1758 3557 1830 perti-

1902 1850 2045 1901 nent
2074 1845 2387 1915 unitatem,
2419 1844 2520 1916 qui
2548 1845 2813 1919 quandiu
2847 1845 3173 1901 mortaliter
3190 1845 3412 1915 vivunt,
3429 1847 3557 1903 sine

1904 1938 2141 2006 peccato
2180 1950 2308 1989 esse
2341 1950 2459 1988 non
2513 1921 2790 2006 possunt;
2823 1937 2881 1989 et
2912 1934 3040 1991 ideo
3082 1934 3305 2007 aliquid
3356 1935 3557 2008 inique

1898 2027 2099 2095 agunt,
2134 2023 2305 2078 beato
2359 2022 2584 2078 Joanne
2630 2021 2893 2093 apostolo
2951 2027 3223 2093 testante,
3275 2024 3375 2096 qui
3425 2025 3553 2093 ait;

1900 2133 1928 2163 «
1961 2110 2165 2166 Omnis
2196 2110 2297 2183 qui
2321 2109 2460 2166 facit
2488 2114 2887 2182 peccatum,et
2926 2111 3302 2183 iniquitatem
3333 2112 3473 2169 facit
3501 2117 3559 2169 et

1905 2221 1928 2249 ε
1961 2204 2268 2272 peccatum
2317 2204 2407 2256 est
2453 2199 2738 2271 iniquitas
2769 2202 2823 2268 (I
2847 2201 3005 2257 Joan.
3039 2218 3124 2269 III,
3160 2203 3236 2271 4).
3266 2223 3294 2251 η
3327 2202 3398 2257 Et
3443 2201 3557 2257 ite-

1898 2307 2030 2345 rum
2062 2306 2130 2345 ex
2158 2306 2410 2361 persona
2435 2289 2703 2344 omnium
2739 2305 2752 2344 :
2788 2311 2816 2339 «ι
2840 2288 2900 2344 Si
2919 2289 3241 2345 dixerimus
3263 2288 3404 2362 quia
3422 2307 3555 2362 pec-

1900 2401 1929 2430 «
1961 2384 2159 2434 catum
2192 2396 2308 2434 non
2341 2378 2651 2446 habemus,
2685 2395 2794 2434 nos
2825 2378 2985 2450 ipsos
3007 2379 3442 2447 seducimus,et
3468 2395 3559 2435 ve-

1903 2489 1931 2518 ‹‹
1961 2468 2104 2523 ritas
2135 2467 2193 2523 in
2227 2467 2397 2523 nobis
2424 2484 2539 2522 non
2571 2470 2679 2522 est.
2706 2488 2735 2517 »
2769 2468 2919 2523 Istos
2941 2484 3078 2540 ergo
3102 2467 3297 2540 arguit
3319 2464 3475 2525 Deus
3495 2467 3556 2525 in

1896 2557 2061 2629 virga
2087 2556 2369 2624 virorum,
2386 2560 2444 2611 et
2466 2556 2524 2611 in
2549 2556 2740 2628 plagis
2763 2556 3021 2612 filiorum
3047 2556 3385 2625 hominum;
3417 2562 3560 2613 tem-

1898 2644 2177 2718 poraliter
2198 2661 2297 2701 eos
2319 2644 2643 2716 corripiens
2682 2648 2741 2700 et
2770 2646 3115 2713 emendans,
3135 2645 3295 2718 quia,
3312 2649 3379 2701 ut
3413 2646 3556 2703 scri-

1899 2739 2068 2808 ptum
2098 2738 2206 2803 est,
2243 2756 2270 2784 ‹‹
2304 2732 2586 2806 Flagellat
2614 2750 2851 2789 omnem
2883 2733 3073 2788 ﬁlium
3123 2750 3300 2805 quem
3351 2734 3559 2807 recipit

1901 2822 2091 2896 (Hebr.
2116 2823 2315 2890 xn,6);
2349 2844 2378 2873 »
2413 2821 2879 2877 misericordiam
2910 2826 3105 2877 autem
3129 2838 3298 2876 suam
3320 2824 3436 2877 n'on
3460 2839 3560 2877 au-

1903 2912 2013 2968 fert
2040 2911 2113 2965 ab
2138 2928 2225 2978 eo,
2260 2910 2318 2964 in
2348 2926 2487 2981 quo,
2519 2912 2577 2964 et
2606 2926 2710 2981 per
2741 2926 2915 2981 quem
2948 2908 3066 2965 illis
3107 2909 3422 2965 miseretur
3454 2926 3467 2964 :
3501 2914 3559 2966 et

1900 2999 2077 3055 etiam
2107 2998 2424 3070 aliquando
2447 2997 2770 3066 ulciscitur,
2791 2996 3105 3053 Psalmista
3123 2997 3351 3053 dicente
3372 2999 3444 3053 de
3469 3004 3556 3054 ta-

1901 3087 2094 3142 libus:
2124 3110 2151 3138 ‹‹
2174 3087 2428 3153 Deus,tu
2460 3084 2751 3158 propitius
2784 3084 2944 3141 fuisti
2965 3084 3071 3153 eis,
3088 3089 3145 3140 et
3173 3084 3464 3143 ulciscens
3495 3088 3556 3143 in

1902 3192 2108 3233 omnes
2139 3174 2580 3230 adinventiones
2610 3190 2811 3230 eorum
2834 3174 3006 3243 (Psal.
3039 3191 3236 3243 xcvnI,
3258 3176 3334 3243 8).
3364 3197 3386 3224 ιι
3407 3175 3555 3230 Nam

1902 3265 1964 3319 in
1990 3263 2089 3319 illo
2121 3264 2219 3336 qui
2244 3268 2420 3335 caput
2439 3263 2705 3335 ipsorum
2728 3267 2837 3330 est,
2857 3263 3011 3318 sicut
3033 3263 3193 3320 nulla
3217 3266 3407 3337 potuit
3428 3281 3558 3320 esse

1905 3352 2298 3426 iniquitas,ita
2319 3351 2480 3407 nulla
2500 3350 2732 3425 ﬂagella
2752 3351 3134 3424 correptionis
3147 3358 3247 3408 aut
3259 3353 3555 3426 purgatio-

1904 3443 1997 3499 nis
2027 3460 2165 3509 suae,
2200 3442 2303 3497 sed
2336 3442 2746 3497 tantummodo
2775 3441 2984 3497 salutis
3016 3446 3249 3497 nostris.

1973 3531 2238 3587 XXXVII.
2273 3531 2453 3585 Docet
2480 3529 2634 3585 idem
2668 3530 2877 3587 beatus
2898 3530 3472 3605 Hieronymus,qnod
3496 3533 3557 3588 in

1904 3638 1970 3676 eo
2000 3620 2147 3688 loco,
2182 3618 2281 3674 ubi
2306 3620 2478 3691 juxta
2508 3618 2971 3675 Theodotionem
3004 3620 3266 3692 positum
3295 3626 3403 3691 est,
3421 3620 3561 3693 quia

1903 3709 2235 3766 maledictio
2280 3709 2381 3764 Dei
2430 3725 2776 3781 suspensus,
2798 3708 2987 3780 possit
3017 3709 3076 3763 in
3128 3708 3410 3765 Hebraico
3445 3709 3560 3783 legi

1904 3798 2043 3871 quia
2060 3798 2278 3869 injuria
2294 3796 2394 3852 Dei
2419 3801 2877 3869 suspensus,aut
2896 3801 3071 3864 certe,
3087 3797 3228 3868 quia
3258 3803 3558 3852 contume-

1901 3887 2046 3943 liose
2064 3888 2219 3942 Deus
2239 3902 2567 3957 suspensus
2594 3884 2873 3950 est.Quod
2896 3884 3100 3955 utique
3112 3884 3184 3938 ad
3203 3885 3561 3940 confunden-

1905 3977 2041 4032 dam
2071 3976 2410 4031 Judaeorum
2438 3973 2800 4044 impietatem
2827 3971 3083 4051 multum
3114 3971 3435 4044 valet,quia
3455 3989 3560 4046 per

1902 4064 2026 4120 haec
2040 4063 2348 4118 manifesto
2360 4060 2690 4116 ostenditur
2709 4060 2864 4132 quod
2887 4060 3067 4132 hujus
3079 4059 3185 4115 viri
3202 4060 3425 4133 injusta
3436 4079 3563 4118 sus-

1904 4151 2355 4225 pensio,injuria
2367 4148 2467 4205 Dei
2484 4148 2888 4222 Patrissit,qui
2902 4148 2962 4204 in
2980 4149 3215 4221 proprio
3232 4149 3376 4206 Filio
3391 4150 3558 4206 inho-

1904 4242 2146 4296 noratur
2155 4242 2212 4294 et
2226 4237 2623 4293 contemnitur
2651 4237 2807 4293 sicut
2829 4236 2956 4310 ipse
2972 4238 3155 4295 Filius
3176 4238 3236 4293 in
3250 4239 3559 4313 Evangelio

1904 4327 2471 4395 conﬁrmat,dicens:
2499 4327 2648 4393 «Qui
2672 4345 2787 4383 non
2808 4326 3159 4384 honoriﬁcat
3190 4327 3425 4397 Filium,
3442 4346 3559 4386 non

1904 4417 2254 4474 honorificat
2276 4437 2304 4467 «
2325 4416 2557 4471 Patrem
2583 4416 2682 4487 qui
2719 4415 2881 4471 misit
2901 4415 3071 4472 illum
3097 4416 3273 4489 (Joan.
3297 4434 3353 4486 ν,
3379 4418 3503 4485 23);
3524 4437 3553 4467 ›)

1904 4511 1963 4564 et
1989 4506 2104 4562 alio
2136 4505 2263 4561 loco
2288 4520 2301 4559 :
2331 4526 2359 4555 «
2385 4503 2494 4570 Qui
2526 4519 2619 4558 me
2659 4504 2805 4572 odit,
2828 4507 2887 4559 et
2928 4504 3155 4560 Patrem
3196 4520 3395 4559 meum
3435 4504 3562 4559 odit

1905 4598 2083 4671 (Joan.
2106 4612 2197 4663 xv,
2219 4594 2342 4662 23);
2376 4615 2404 4644 »
2428 4596 2486 4648 et
2504 4591 2719 4647 iterum
2752 4607 2766 4647 :
2805 4614 2826 4641 α
2845 4591 2951 4657 Qui
2970 4590 3195 4662 spernit
3216 4590 3562 4663 me,spernit

149 4684 295 4743 istud
319 4686 699 4761 potissimum
721 4686 877 4759 quod
895 4684 1182 4742 inlitteris
1195 4684 1320 4740 suis
1340 4689 1580 4756 poneret
1599 4684 1794 4759 elegit.
1825 4711 1875 4776 D
1908 4709 1937 4738 «
1968 4703 2102 4742 eum
2117 4684 2219 4757 qui
2242 4683 2405 4776 misit
2418 4682 2673 4776 me(Luc.
2689 4699 2746 4776 x,
2765 4682 2874 4776 l6).
2895 4702 2923 4731 ››
2947 4681 3063 4776 Nec
3084 4680 3276 4776 solum
3293 4682 3422 4752 ejus
3435 4698 3560 4739 sus-

152 4773 288 4832 Nam
308 4781 366 4833 et
384 4776 533 4833 illud
556 4774 714 4848 quod
735 4775 908 4847 juxta
936 4774 1092 4831 beati
1123 4773 1458 4846 Hieronymi
1481 4774 1797 4831 editionem

150 4861 205 4918 in
242 4863 421 4938 hujus
461 4860 702 4938 capituli
731 4863 965 4921 exordio
995 4862 1245 4936 legitur:
1276 4864 1561 4929 «Quando
1590 4880 1799 4936 pecca-

156 4973 176 5001 ι
207 4954 348 5010 verit
367 4954 544 5011 homo
567 4953 725 5027 quod
746 4956 934 5009 morte
972 4951 1346 5025 plectendum
1369 4954 1457 5007 est
1475 4952 1649 5024 (Deut.
1679 4970 1795 5021 XXI,

155 5060 182 5089 «
207 5044 336 5111 22);
367 5065 397 5095 »
431 5042 516 5100 ita
543 5045 604 5098 et
632 5041 707 5099 ad
750 5039 1134 5097 mediatorem
1186 5039 1291 5096 Dei
1348 5043 1407 5095 et
1461 5038 1795 5110 hominum,

151 5125 442 5187 hominem
473 5130 773 5189 Christum
794 5129 828 5188 J
832 5146 1000 5187 esum
1022 5128 1274 5186 ﬁdeliter
1294 5129 1665 5186 referendum
1686 5133 1795 5199 est,

153 5214 544 5289 sicutetillud,
561 5216 664 5275 ubi
684 5218 811 5293 ipse
832 5235 900 5275 ex
924 5235 1177 5291 persona
1207 5217 1468 5291 corporis
1490 5218 1581 5275 sui
1607 5218 1797 5291 loqui-

152 5306 242 5360 tur
294 5308 354 5364 in
414 5308 645 5366 Psalmo
694 5325 710 5367 :
775 5329 805 5360 «
841 5307 1035 5364 Verba
1110 5306 1457 5364 delictorum
1534 5325 1797 5365 meorum

153 5393 315 5463 (Psal.
346 5415 463 5470 xm,
490 5401 640 5469 2);»
667 5402 724 5455 et
748 5398 992 5454 iterum:
1020 5396 1238 5462 «Deus,
1272 5400 1337 5452 tu
1369 5395 1485 5453 scis
1515 5396 1798 5470 insipien-

158 5502 184 5532 «
212 5482 349 5541 tiam
373 5503 586 5557 meam,
620 5491 679 5543 et
720 5485 934 5543 delicta
953 5502 1085 5543 mea
1109 5489 1220 5542 ate
1242 5502 1357 5559 non
1385 5489 1524 5542 sunt
1553 5487 1799 5543 abscon-

159 5591 186 5622 «
214 5570 331 5630 dita
379 5576 550 5645 (Psal.
585 5592 780 5645 LXVIII,
811 5576 867 5649 6)
902 5591 917 5632 :
945 5597 974 5627 ››
1009 5574 1151 5647 quia
1207 5574 1449 5630 effectus
1508 5575 1802 5648 particeps

160 5664 371 5720 naturis
390 5663 1074 5738 nostrm,transﬁguravit
1099 5662 1160 5719 in
1191 5679 1255 5720 se
1283 5679 1483 5720 vocem
1515 5668 1799 5737 nostram,

160 5748 256 5828 qui
277 5753 531 5834 suscepit
550 5752 1011 5818 misericorditer
1020 5754 1079 5814 et
1088 5768 1330 5833 causam
1351 5756 1613 5815 nostram
1630 5770 1644 5828 ;
1659 5752 1801 5815 dum

1907 4775 2111 4848 pensio
2131 4772 2351 4845 injuria
2370 4772 2471 4828 Dei
2494 4774 2615 4840 est;
2640 4770 2742 4826 sed
2772 4768 2949 4825 etiam
2971 4769 3098 4841 ipse
3113 4770 3560 4842 virsuspensus,

1907 4865 2205 4921 evidenter
2232 4866 2385 4918 Deus
2414 4864 2520 4928 est,
2539 4860 2641 4931 qui
2672 4858 3093 4915 contumeliose
3126 4858 3283 4914 Deus
3321 4875 3563 4932 suspen-

1907 4971 2010 5011 sus
2029 4954 2137 5009 est.
2161 4950 2323 5017 Quod
2353 4948 2670 5022 Apostolus
2695 4949 2917 5005 eisdem
2941 4963 3088 5020 pene
3113 4947 3306 5002 verbis
3348 4948 3560 5003 confir-

1907 5045 2051 5111 mat,
2067 5040 2269 5096 dicens
2295 5055 2307 5094 :
2345 5060 2373 5089 «
2403 5039 2462 5095 Si
2495 5037 2652 5093 enim
2684 5036 3435 5110 cognovissent,nunquam
3456 5037 3563 5091 Do-

1911 5153 1940 5183 «
1970 5131 2200 5186 minum
2220 5127 2416 5202 gloriae
2440 5126 2869 5183 cruciﬁxissent
2887 5126 2963 5197 (II
2990 5126 3114 5182 Cor.
3148 5143 3210 5196 II,
3229 5128 3305 5196 8).
3333 5148 3360 5176 »
3388 5125 3559 5182 Vide-

1908 5219 2044 5276 licet
2065 5218 2203 5291 quia
2225 5234 2398 5290 quem
2420 5215 2753 5272 communis
2776 5218 3005 5271 tantum
3019 5219 3238 5271 natura:
3260 5214 3579 5270 hominem-

1909 5312 1967 5364 et
1995 5308 2186 5364 virum
2220 5305 2387 5378 impii
2420 5304 2795 5360 cruciﬁxores
2826 5304 3135 5375 putabant,
3169 5304 3323 5359 idem
3354 5302 3478 5373 ipse
3506 5305 3563 5357 et

1909 5398 2064 5454 Deus
2094 5400 2152 5451 et
2182 5394 2468 5450 Dominus
2490 5391 2686 5466 gloriae
2709 5392 2975 5448 occultus
2998 5396 3140 5448 erat.
3165 5392 3246 5448 De
3264 5391 3375 5447 hoc
3397 5391 3561 5462 capi-

1908 5486 2052 5554 tulo,
2084 5488 2287 5540 contra
2319 5484 2601 5538 Faustum
2634 5480 3024 5538 Manichaeum
3055 5486 3315 5537 tractans
3354 5480 3562 5536 beatus

1907 5574 2275 5648 Augustinus
2326 5572 2448 5642 (lib.
2473 5588 2591 5641 XIV,
2624 5587 2676 5627 c.
2707 5572 2785 5641 6),
2819 5570 2904 5628 sic
2962 5571 3044 5626 ait
3098 5570 3252 5626 inter
3307 5573 3513 5625 caetera
3546 5586 3559 5624 :

1915 5687 1943 5717 ‹‹
1972 5663 2135 5732 Quod
2162 5665 2359 5719 autem
2390 5659 2657 5717 additum
2686 5664 2791 5730 est,
2818 5681 2855 5712 «ο
2878 5659 3102 5727 Omnis,
3130 5683 3152 5713 ι
3180 5663 3247 5717 ut
3275 5659 3566 5715 diceretur

1911 5752 2263 5815 maledictus
2283 5750 2478 5818 omnis
2507 5749 2608 5831 qui
2629 5749 2872 5828 indigno
2897 5747 3393 5831 pependerit,non
3421 5763 3565 5831 sane
