  <div class='ocr_page' id='page_1' title='image "/cluster/home/n/w/nwhite01/storage/ocr_20150623/115-116/uc1.31175006916467/831.png"; bbox 0 0 3914 6430; ppageno 0'>
   <div class='ocr_carea' id='block_1_1' title="bbox 318 474 435 546">
    <p class='ocr_par' dir='ltr' id='par_1_1' title="bbox 318 474 435 546">
     <span class='ocr_line' id='line_1_1' title="bbox 318 474 435 546; baseline 0.051 -7"><span class='ocrx_word' id='word_1_1' title='bbox 318 474 435 546; x_wconf 72' lang='grc'>179</span> 
     </span>
    </p>
   </div>
   <div class='ocr_carea' id='block_1_2' title="bbox 1538 484 2508 558">
    <p class='ocr_par' dir='ltr' id='par_1_2' title="bbox 1538 484 2508 558">
     <span class='ocr_line' id='line_1_2' title="bbox 1538 484 2508 558; baseline 0.007 -9"><span class='ocrx_word' id='word_1_2' title='bbox 1538 484 1941 552; x_wconf 87' lang='lat' dir='ltr'>AMULONIS</span> <span class='ocrx_word' id='word_1_3' title='bbox 1982 486 2229 554; x_wconf 77' lang='lat' dir='ltr'>EPISC&#39;</span> <span class='ocrx_word' id='word_1_4' title='bbox 2273 492 2508 558; x_wconf 89' lang='lat' dir='ltr'>LUGD.</span> 
     </span>
    </p>
   </div>
   <div class='ocr_carea' id='block_1_3' title="bbox 3623 496 3749 568">
    <p class='ocr_par' dir='ltr' id='par_1_3' title="bbox 3623 496 3749 568">
     <span class='ocr_line' id='line_1_3' title="bbox 3623 496 3749 568; baseline 0.04 -5"><span class='ocrx_word' id='word_1_5' title='bbox 3623 496 3749 568; x_wconf 65' lang='grc' dir='ltr'>ιω</span> 
     </span>
    </p>
   </div>
   <div class='ocr_carea' id='block_1_4' title="bbox 313 610 3740 708">
    <p class='ocr_par' dir='ltr' id='par_1_4' title="bbox 313 610 3740 708">
     <span class='ocr_line' id='line_1_4' title="bbox 313 610 3740 708; baseline 0.007 -39"><span class='ocrx_word' id='word_1_6' title='bbox 313 611 458 670; x_wconf 89' lang='lat' dir='ltr'>bum</span> <span class='ocrx_word' id='word_1_7' title='bbox 490 610 741 683; x_wconf 83' lang='lat' dir='ltr'>Domini,</span> <span class='ocrx_word' id='word_1_8' title='bbox 765 615 823 670; x_wconf 90' lang='lat' dir='ltr'>id</span> <span class='ocrx_word' id='word_1_9' title='bbox 848 618 937 672; x_wconf 88' lang='lat' dir='ltr'>est</span> <span class='ocrx_word' id='word_1_10' title='bbox 983 616 1085 673; x_wconf 86' lang='lat' dir='ltr'>Dei</span> <span class='ocrx_word' id='word_1_11' title='bbox 1135 616 1369 687; x_wconf 86' lang='lat' dir='ltr'>Filium,</span> <span class='ocrx_word' id='word_1_12' title='bbox 1404 619 1720 676; x_wconf 91' lang='lat' dir='ltr'>Dominum</span> <span class='ocrx_word' id='word_1_13' title='bbox 1764 622 1969 678; x_wconf 89' lang='lat' dir='ltr'>Jesum</span> <span class='ocrx_word' id='word_1_14' title='bbox 1997 621 2054 690; x_wconf 86' lang='grc' dir='ltr'><strong>Α</strong></span> <span class='ocrx_word' id='word_1_15' title='bbox 2081 623 2420 683; x_wconf 84' lang='lat' dir='ltr'>verissimas</span> <span class='ocrx_word' id='word_1_16' title='bbox 2450 632 2507 684; x_wconf 91' lang='lat' dir='ltr'>et</span> <span class='ocrx_word' id='word_1_17' title='bbox 2535 627 2911 689; x_wconf 84' lang='lat' dir='ltr'>inﬁrmitates</span> <span class='ocrx_word' id='word_1_18' title='bbox 2940 650 3127 690; x_wconf 87' lang='lat' dir='ltr'>veras.</span> <span class='ocrx_word' id='word_1_19' title='bbox 3154 632 3437 708; x_wconf 81' lang='lat' dir='ltr'>Loquitur</span> <span class='ocrx_word' id='word_1_20' title='bbox 3454 634 3740 694; x_wconf 80' lang='lat' dir='ltr'>Dominus</span> 
     </span>
    </p>
   </div>
   <div class='ocr_carea' id='block_1_5' title="bbox 313 702 1969 778">
    <p class='ocr_par' dir='ltr' id='par_1_5' title="bbox 313 702 1969 778">
     <span class='ocr_line' id='line_1_5' title="bbox 313 702 1969 778; baseline 0.005 -20"><span class='ocrx_word' id='word_1_21' title='bbox 313 702 632 760; x_wconf 90' lang='lat' dir='ltr'>Christum.</span> <span class='ocrx_word' id='word_1_22' title='bbox 657 706 727 759; x_wconf 88' lang='lat' dir='ltr'>Et</span> <span class='ocrx_word' id='word_1_23' title='bbox 754 722 889 760; x_wconf 89' lang='lat' dir='ltr'>cum</span> <span class='ocrx_word' id='word_1_24' title='bbox 942 707 1071 778; x_wconf 87' lang='lat' dir='ltr'>ejus</span> <span class='ocrx_word' id='word_1_25' title='bbox 1118 709 1327 764; x_wconf 77' lang='lat' dir='ltr'>notitia</span> <span class='ocrx_word' id='word_1_26' title='bbox 1375 708 1435 764; x_wconf 91' lang='lat' dir='ltr'>in</span> <span class='ocrx_word' id='word_1_27' title='bbox 1488 709 1758 765; x_wconf 85' lang='lat' dir='ltr'>universo</span> <span class='ocrx_word' id='word_1_28' title='bbox 1810 713 1969 775; x_wconf 90' lang='lat' dir='ltr'>orbe,</span> 
     </span>
    </p>
   </div>
   <div class='ocr_carea' id='block_1_6' title="bbox 313 792 1972 871">
    <p class='ocr_par' dir='ltr' id='par_1_6' title="bbox 313 792 1972 871">
     <span class='ocr_line' id='line_1_6' title="bbox 313 792 1972 871; baseline 0.004 -23"><span class='ocrx_word' id='word_1_29' title='bbox 313 792 470 848; x_wconf 83' lang='lat' dir='ltr'>velut</span> <span class='ocrx_word' id='word_1_30' title='bbox 494 792 579 849; x_wconf 92' lang='lat' dir='ltr'>sol</span> <span class='ocrx_word' id='word_1_31' title='bbox 613 794 977 852; x_wconf 90' lang='lat' dir='ltr'>meridianus</span> <span class='ocrx_word' id='word_1_32' title='bbox 1030 798 1101 852; x_wconf 90' lang='lat' dir='ltr'>de</span> <span class='ocrx_word' id='word_1_33' title='bbox 1149 797 1487 855; x_wconf 85' lang='lat' dir='ltr'>coelestibus</span> <span class='ocrx_word' id='word_1_34' title='bbox 1547 799 1853 871; x_wconf 84' lang='lat' dir='ltr'>refulgeat,</span> <span class='ocrx_word' id='word_1_35' title='bbox 1888 800 1972 855; x_wconf 86' lang='lat' dir='ltr'>illi</span> 
     </span>
    </p>
   </div>
   <div class='ocr_carea' id='block_1_7' title="bbox 313 883 1974 961">
    <p class='ocr_par' dir='ltr' id='par_1_7' title="bbox 313 883 1974 961">
     <span class='ocr_line' id='line_1_7' title="bbox 313 883 1974 961; baseline 0.005 -25"><span class='ocrx_word' id='word_1_36' title='bbox 313 886 594 954; x_wconf 80' lang='lat' dir='ltr'>tanquam</span> <span class='ocrx_word' id='word_1_37' title='bbox 626 883 758 938; x_wconf 70' lang='grc' dir='ltr'>ί)ωοί</span> <span class='ocrx_word' id='word_1_38' title='bbox 792 884 853 939; x_wconf 88' lang='lat' dir='ltr'>in</span> <span class='ocrx_word' id='word_1_39' title='bbox 882 887 1140 942; x_wconf 81' lang='lat' dir='ltr'>tenebris</span> <span class='ocrx_word' id='word_1_40' title='bbox 1163 888 1427 960; x_wconf 90' lang='lat' dir='ltr'>palpant,</span> <span class='ocrx_word' id='word_1_41' title='bbox 1453 888 1607 943; x_wconf 81' lang='lat' dir='ltr'>sicut</span> <span class='ocrx_word' id='word_1_42' title='bbox 1640 889 1724 943; x_wconf 89' lang='lat' dir='ltr'>eis</span> <span class='ocrx_word' id='word_1_43' title='bbox 1746 889 1803 943; x_wconf 91' lang='lat' dir='ltr'>in</span> <span class='ocrx_word' id='word_1_44' title='bbox 1828 889 1974 961; x_wconf 84' lang='lat' dir='ltr'>ipsis</span> 
     </span>
    </p>
   </div>
   <div class='ocr_carea' id='block_1_8' title="bbox 313 970 1975 1047">
    <p class='ocr_par' dir='ltr' id='par_1_8' title="bbox 313 970 1975 1047">
     <span class='ocr_line' id='line_1_8' title="bbox 313 970 1975 1047; baseline 0.007 -23"><span class='ocrx_word' id='word_1_45' title='bbox 313 970 822 1028; x_wconf 89' lang='lat' dir='ltr'>maledictionibus</span> <span class='ocrx_word' id='word_1_46' title='bbox 881 973 1030 1047; x_wconf 81' lang='lat' dir='ltr'>legis</span> <span class='ocrx_word' id='word_1_47' title='bbox 1068 976 1293 1032; x_wconf 89' lang='lat' dir='ltr'>dictum</span> <span class='ocrx_word' id='word_1_48' title='bbox 1343 982 1433 1033; x_wconf 89' lang='lat' dir='ltr'>est</span> <span class='ocrx_word' id='word_1_49' title='bbox 1467 996 1479 1033; x_wconf 92' lang='lat'>:</span> <span class='ocrx_word' id='word_1_50' title='bbox 1520 1001 1541 1027; x_wconf 74' lang='grc' dir='ltr'>α</span> <span class='ocrx_word' id='word_1_51' title='bbox 1580 978 1872 1033; x_wconf 78' lang='lat' dir='ltr'>Pcrcutiat</span> <span class='ocrx_word' id='word_1_52' title='bbox 1920 984 1975 1035; x_wconf 89' lang='lat' dir='ltr'>te</span> 
     </span>
    </p>
   </div>
   <div class='ocr_carea' id='block_1_9' title="bbox 319 1058 1969 1134">
    <p class='ocr_par' dir='ltr' id='par_1_9' title="bbox 319 1058 1969 1134">
     <span class='ocr_line' id='line_1_9' title="bbox 319 1058 1969 1134; baseline 0.005 -20"><span class='ocrx_word' id='word_1_53' title='bbox 319 1078 341 1107; x_wconf 78' lang='grc' dir='ltr'>ι</span> <span class='ocrx_word' id='word_1_54' title='bbox 376 1058 663 1117; x_wconf 88' lang='lat' dir='ltr'>Dominus</span> <span class='ocrx_word' id='word_1_55' title='bbox 696 1063 972 1131; x_wconf 85' lang='lat' dir='ltr'>amentia,</span> <span class='ocrx_word' id='word_1_56' title='bbox 990 1070 1046 1119; x_wconf 90' lang='lat' dir='ltr'>et</span> <span class='ocrx_word' id='word_1_57' title='bbox 1075 1066 1435 1134; x_wconf 75' lang='lat' dir='ltr'>czeeitate,ac</span> <span class='ocrx_word' id='word_1_58' title='bbox 1468 1068 1661 1123; x_wconf 90' lang='lat' dir='ltr'>furore</span> <span class='ocrx_word' id='word_1_59' title='bbox 1704 1069 1922 1123; x_wconf 84' lang='lat' dir='ltr'>mentis</span> <span class='ocrx_word' id='word_1_60' title='bbox 1957 1086 1969 1123; x_wconf 91' lang='lat'><strong>:</strong></span> 
     </span>
    </p>
   </div>
   <div class='ocr_carea' id='block_1_10' title="bbox 318 1148 1973 1229">
    <p class='ocr_par' dir='ltr' id='par_1_10' title="bbox 318 1148 1973 1229">
     <span class='ocr_line' id='line_1_10' title="bbox 318 1148 1973 1229; baseline 0.005 -25"><span class='ocrx_word' id='word_1_61' title='bbox 318 1169 340 1197; x_wconf 77' lang='grc' dir='ltr'><strong>σι</strong></span> <span class='ocrx_word' id='word_1_62' title='bbox 376 1153 433 1205; x_wconf 89' lang='lat' dir='ltr'>et</span> <span class='ocrx_word' id='word_1_63' title='bbox 464 1148 668 1222; x_wconf 88' lang='lat' dir='ltr'>palpes</span> <span class='ocrx_word' id='word_1_64' title='bbox 689 1151 749 1206; x_wconf 90' lang='lat' dir='ltr'>in</span> <span class='ocrx_word' id='word_1_65' title='bbox 772 1153 1038 1221; x_wconf 90' lang='lat' dir='ltr'>meridie,</span> <span class='ocrx_word' id='word_1_66' title='bbox 1056 1154 1210 1210; x_wconf 91' lang='lat' dir='ltr'>sicut</span> <span class='ocrx_word' id='word_1_67' title='bbox 1231 1156 1468 1229; x_wconf 88' lang='lat' dir='ltr'>palpare</span> <span class='ocrx_word' id='word_1_68' title='bbox 1510 1156 1657 1211; x_wconf 88' lang='lat' dir='ltr'>solet</span> <span class='ocrx_word' id='word_1_69' title='bbox 1695 1174 1882 1213; x_wconf 70' lang='lat' dir='ltr'>cmeus</span> <span class='ocrx_word' id='word_1_70' title='bbox 1912 1156 1973 1212; x_wconf 89' lang='lat' dir='ltr'>in</span> 
     </span>
    </p>
   </div>
   <div class='ocr_carea' id='block_1_11' title="bbox 310 1239 1972 1316">
    <p class='ocr_par' dir='ltr' id='par_1_11' title="bbox 310 1239 1972 1316">
     <span class='ocr_line' id='line_1_11' title="bbox 310 1239 1972 1316; baseline 0.005 -23"><span class='ocrx_word' id='word_1_71' title='bbox 310 1256 338 1288; x_wconf 79' lang='grc' dir='ltr'><strong>ιι</strong></span> <span class='ocrx_word' id='word_1_72' title='bbox 376 1239 676 1296; x_wconf 90' lang='lat' dir='ltr'>tenebris:</span> <span class='ocrx_word' id='word_1_73' title='bbox 706 1245 765 1297; x_wconf 89' lang='lat' dir='ltr'>et</span> <span class='ocrx_word' id='word_1_74' title='bbox 794 1259 911 1297; x_wconf 91' lang='lat' dir='ltr'>non</span> <span class='ocrx_word' id='word_1_75' title='bbox 961 1243 1183 1316; x_wconf 82' lang='lat' dir='ltr'>dirigas</span> <span class='ocrx_word' id='word_1_76' title='bbox 1225 1245 1350 1300; x_wconf 88' lang='lat' dir='ltr'>vias</span> <span class='ocrx_word' id='word_1_77' title='bbox 1401 1250 1533 1301; x_wconf 89' lang='lat' dir='ltr'>tuas</span> <span class='ocrx_word' id='word_1_78' title='bbox 1565 1247 1741 1314; x_wconf 79' lang='lat' dir='ltr'>(Deut.</span> <span class='ocrx_word' id='word_1_79' title='bbox 1772 1262 1972 1314; x_wconf 75' lang='lat' dir='ltr'>xan,</span> 
     </span>
    </p>
   </div>
   <div class='ocr_carea' id='block_1_12' title="bbox 318 1328 1975 1406">
    <p class='ocr_par' dir='ltr' id='par_1_12' title="bbox 318 1328 1975 1406">
     <span class='ocr_line' id='line_1_12' title="bbox 318 1328 1975 1406; baseline 0.005 -23"><span class='ocrx_word' id='word_1_80' title='bbox 318 1349 339 1376; x_wconf 74' lang='grc' dir='ltr'><strong><em>α</em></strong></span> <span class='ocrx_word' id='word_1_81' title='bbox 373 1330 464 1396; x_wconf 84' lang='grc'>28,</span> <span class='ocrx_word' id='word_1_82' title='bbox 497 1328 592 1395; x_wconf 86' lang='grc'>29)</span> <span class='ocrx_word' id='word_1_83' title='bbox 623 1353 645 1382; x_wconf 75' lang='grc' dir='ltr'><strong><em>ι</em></strong></span> <span class='ocrx_word' id='word_1_84' title='bbox 681 1330 788 1386; x_wconf 90' lang='lat' dir='ltr'>Per</span> <span class='ocrx_word' id='word_1_85' title='bbox 806 1331 960 1388; x_wconf 90' lang='lat' dir='ltr'>hanc</span> <span class='ocrx_word' id='word_1_86' title='bbox 1000 1333 1157 1393; x_wconf 86' lang='lat' dir='ltr'>enim</span> <span class='ocrx_word' id='word_1_87' title='bbox 1207 1335 1551 1406; x_wconf 62' lang='lat' dir='ltr'>caecitatem,</span> <span class='ocrx_word' id='word_1_88' title='bbox 1583 1336 1762 1390; x_wconf 87' lang='lat' dir='ltr'>etiam</span> <span class='ocrx_word' id='word_1_89' title='bbox 1784 1330 1975 1391; x_wconf 76' lang='lat' dir='ltr'>’illam</span> 
     </span>
    </p>
   </div>
   <div class='ocr_carea' id='block_1_13' title="bbox 312 1415 1977 1494">
    <p class='ocr_par' dir='ltr' id='par_1_13' title="bbox 312 1415 1977 1494">
     <span class='ocr_line' id='line_1_13' title="bbox 312 1415 1977 1494; baseline 0.005 -24"><span class='ocrx_word' id='word_1_90' title='bbox 312 1415 781 1474; x_wconf 87' lang='lat' dir='ltr'>maledictionem</span> <span class='ocrx_word' id='word_1_91' title='bbox 794 1418 1107 1477; x_wconf 88' lang='lat' dir='ltr'>incurrunt</span> <span class='ocrx_word' id='word_1_92' title='bbox 1118 1438 1245 1494; x_wconf 68' lang='lat' dir='ltr'>quae</span> <span class='ocrx_word' id='word_1_93' title='bbox 1258 1422 1505 1478; x_wconf 91' lang='lat' dir='ltr'>istarum</span> <span class='ocrx_word' id='word_1_94' title='bbox 1519 1423 1784 1478; x_wconf 90' lang='lat' dir='ltr'>omnium</span> <span class='ocrx_word' id='word_1_95' title='bbox 1800 1440 1977 1479; x_wconf 89' lang='lat' dir='ltr'>causa</span> 
     </span>
    </p>
   </div>
   <div class='ocr_carea' id='block_1_14' title="bbox 316 1502 1979 1584">
    <p class='ocr_par' dir='ltr' id='par_1_14' title="bbox 316 1502 1979 1584">
     <span class='ocr_line' id='line_1_14' title="bbox 316 1502 1979 1584; baseline 0.006 -28"><span class='ocrx_word' id='word_1_96' title='bbox 316 1505 426 1571; x_wconf 89' lang='lat' dir='ltr'>est,</span> <span class='ocrx_word' id='word_1_97' title='bbox 459 1507 519 1558; x_wconf 88' lang='lat' dir='ltr'>et</span> <span class='ocrx_word' id='word_1_98' title='bbox 546 1502 701 1560; x_wconf 89' lang='lat' dir='ltr'>inter</span> <span class='ocrx_word' id='word_1_99' title='bbox 729 1509 989 1577; x_wconf 67' lang='lat' dir='ltr'>caeteras,</span> <span class='ocrx_word' id='word_1_100' title='bbox 1020 1512 1086 1564; x_wconf 92' lang='lat' dir='ltr'>ut</span> <span class='ocrx_word' id='word_1_101' title='bbox 1117 1509 1177 1563; x_wconf 90' lang='lat' dir='ltr'>in</span> <span class='ocrx_word' id='word_1_102' title='bbox 1224 1509 1506 1565; x_wconf 87' lang='lat' dir='ltr'>Hebraico</span> <span class='ocrx_word' id='word_1_103' title='bbox 1537 1511 1769 1583; x_wconf 81' lang='lat' dir='ltr'>proprie</span> <span class='ocrx_word' id='word_1_104' title='bbox 1799 1511 1979 1584; x_wconf 85' lang='lat' dir='ltr'>scrip-</span> 
     </span>
    </p>
   </div>
   <div class='ocr_carea' id='block_1_15' title="bbox 314 1593 1978 1672">
    <p class='ocr_par' dir='ltr' id='par_1_15' title="bbox 314 1593 1978 1672">
     <span class='ocr_line' id='line_1_15' title="bbox 314 1593 1978 1672; baseline 0.005 -26"><span class='ocrx_word' id='word_1_105' title='bbox 314 1593 485 1662; x_wconf 86' lang='lat' dir='ltr'>ptum</span> <span class='ocrx_word' id='word_1_106' title='bbox 518 1597 629 1665; x_wconf 85' lang='lat' dir='ltr'>est,</span> <span class='ocrx_word' id='word_1_107' title='bbox 663 1594 747 1650; x_wconf 91' lang='lat' dir='ltr'>sic</span> <span class='ocrx_word' id='word_1_108' title='bbox 777 1596 1017 1668; x_wconf 82' lang='lat' dir='ltr'>ponitur</span> <span class='ocrx_word' id='word_1_109' title='bbox 1046 1615 1059 1653; x_wconf 92' lang='lat'>:</span> <span class='ocrx_word' id='word_1_110' title='bbox 1102 1621 1123 1648; x_wconf 78' lang='grc' dir='ltr'>α</span> <span class='ocrx_word' id='word_1_111' title='bbox 1158 1600 1227 1654; x_wconf 88' lang='lat' dir='ltr'>Et</span> <span class='ocrx_word' id='word_1_112' title='bbox 1264 1599 1374 1655; x_wconf 90' lang='lat' dir='ltr'>erit</span> <span class='ocrx_word' id='word_1_113' title='bbox 1408 1599 1528 1655; x_wconf 91' lang='lat' dir='ltr'>vita</span> <span class='ocrx_word' id='word_1_114' title='bbox 1554 1603 1659 1655; x_wconf 88' lang='lat' dir='ltr'>tua</span> <span class='ocrx_word' id='word_1_115' title='bbox 1690 1618 1978 1672; x_wconf 86' lang='lat' dir='ltr'>suspensa</span> 
     </span>
    </p>
   </div>
   <div class='ocr_carea' id='block_1_16' title="bbox 320 1684 1974 1759">
    <p class='ocr_par' dir='ltr' id='par_1_16' title="bbox 320 1684 1974 1759">
     <span class='ocr_line' id='line_1_16' title="bbox 320 1684 1974 1759; baseline 0.005 -24"><span class='ocrx_word' id='word_1_116' title='bbox 320 1701 343 1729; x_wconf 77' lang='grc' dir='ltr'>ι</span> <span class='ocrx_word' id='word_1_117' title='bbox 379 1684 514 1737; x_wconf 90' lang='lat' dir='ltr'>ante</span> <span class='ocrx_word' id='word_1_118' title='bbox 540 1686 626 1751; x_wconf 92' lang='lat' dir='ltr'>te;</span> <span class='ocrx_word' id='word_1_119' title='bbox 662 1684 896 1741; x_wconf 89' lang='lat' dir='ltr'>timebis</span> <span class='ocrx_word' id='word_1_120' title='bbox 927 1691 1097 1743; x_wconf 89' lang='lat' dir='ltr'>nocte</span> <span class='ocrx_word' id='word_1_121' title='bbox 1131 1692 1188 1743; x_wconf 90' lang='lat' dir='ltr'>et</span> <span class='ocrx_word' id='word_1_122' title='bbox 1227 1689 1413 1759; x_wconf 91' lang='lat' dir='ltr'>die,et</span> <span class='ocrx_word' id='word_1_123' title='bbox 1453 1707 1570 1745; x_wconf 93' lang='lat' dir='ltr'>non</span> <span class='ocrx_word' id='word_1_124' title='bbox 1602 1690 1804 1746; x_wconf 89' lang='lat' dir='ltr'>credes</span> <span class='ocrx_word' id='word_1_125' title='bbox 1846 1690 1974 1745; x_wconf 58' lang='lat' dir='ltr'>vitae</span> 
     </span>
    </p>
   </div>
   <div class='ocr_carea' id='block_1_17' title="bbox 320 1768 1977 1847">
    <p class='ocr_par' dir='ltr' id='par_1_17' title="bbox 320 1768 1977 1847">
     <span class='ocr_line' id='line_1_17' title="bbox 320 1768 1977 1847; baseline 0.006 -24"><span class='ocrx_word' id='word_1_126' title='bbox 320 1789 343 1820; x_wconf 76' lang='grc' dir='ltr'>ι</span> <span class='ocrx_word' id='word_1_127' title='bbox 378 1773 493 1825; x_wconf 61' lang='lat' dir='ltr'>tua;</span> <span class='ocrx_word' id='word_1_128' title='bbox 526 1772 701 1840; x_wconf 82' lang='lat' dir='ltr'>(Deut.</span> <span class='ocrx_word' id='word_1_129' title='bbox 734 1768 1081 1847; x_wconf 77' lang='lat' dir='ltr'>xxvm,66).</span> <span class='ocrx_word' id='word_1_130' title='bbox 1118 1799 1138 1825; x_wconf 67' lang='grc' dir='ltr'>ιν</span> <span class='ocrx_word' id='word_1_131' title='bbox 1169 1779 1302 1843; x_wconf 62' lang='lat' dir='ltr'>Quae</span> <span class='ocrx_word' id='word_1_132' title='bbox 1351 1782 1441 1833; x_wconf 89' lang='lat' dir='ltr'>est</span> <span class='ocrx_word' id='word_1_133' title='bbox 1490 1779 1647 1833; x_wconf 89' lang='lat' dir='ltr'>enim</span> <span class='ocrx_word' id='word_1_134' title='bbox 1698 1778 1819 1835; x_wconf 65' lang='lat' dir='ltr'>haec</span> <span class='ocrx_word' id='word_1_135' title='bbox 1860 1780 1977 1834; x_wconf 87' lang='lat' dir='ltr'>vita</span> 
     </span>
    </p>
   </div>
   <div class='ocr_carea' id='block_1_18' title="bbox 312 1858 1974 1941">
    <p class='ocr_par' dir='ltr' id='par_1_18' title="bbox 312 1858 1974 1941">
     <span class='ocr_line' id='line_1_18' title="bbox 312 1858 1974 1941; baseline 0.006 -28"><span class='ocrx_word' id='word_1_136' title='bbox 312 1858 515 1932; x_wconf 88' lang='lat' dir='ltr'>populi</span> <span class='ocrx_word' id='word_1_137' title='bbox 537 1860 659 1929; x_wconf 85' lang='lat' dir='ltr'>Dei,</span> <span class='ocrx_word' id='word_1_138' title='bbox 683 1862 796 1921; x_wconf 87' lang='lat' dir='ltr'>nisi</span> <span class='ocrx_word' id='word_1_139' title='bbox 821 1864 918 1920; x_wconf 91' lang='lat' dir='ltr'>ille</span> <span class='ocrx_word' id='word_1_140' title='bbox 940 1865 1040 1937; x_wconf 87' lang='lat' dir='ltr'>qui</span> <span class='ocrx_word' id='word_1_141' title='bbox 1065 1867 1124 1921; x_wconf 88' lang='lat' dir='ltr'>in</span> <span class='ocrx_word' id='word_1_142' title='bbox 1147 1867 1458 1940; x_wconf 87' lang='lat' dir='ltr'>Evangelio</span> <span class='ocrx_word' id='word_1_143' title='bbox 1480 1868 1777 1940; x_wconf 83' lang='lat' dir='ltr'>loquitur:</span> <span class='ocrx_word' id='word_1_144' title='bbox 1809 1892 1829 1920; x_wconf 73' lang='grc' dir='ltr'><strong><em>α</em></strong></span> <span class='ocrx_word' id='word_1_145' title='bbox 1856 1869 1974 1941; x_wconf 80' lang='lat' dir='ltr'>Ego</span> 
     </span>
    </p>
   </div>
   <div class='ocr_carea' id='block_1_19' title="bbox 316 1953 1975 2031">
    <p class='ocr_par' dir='ltr' id='par_1_19' title="bbox 316 1953 1975 2031">
     <span class='ocr_line' id='line_1_19' title="bbox 316 1953 1975 2031; baseline 0.006 -27"><span class='ocrx_word' id='word_1_146' title='bbox 316 1969 339 1998; x_wconf 81' lang='grc' dir='ltr'>ι</span> <span class='ocrx_word' id='word_1_147' title='bbox 376 1966 509 2005; x_wconf 89' lang='lat' dir='ltr'>sum</span> <span class='ocrx_word' id='word_1_148' title='bbox 542 1953 891 2011; x_wconf 86' lang='lat' dir='ltr'>resurrectio</span> <span class='ocrx_word' id='word_1_149' title='bbox 913 1959 971 2011; x_wconf 90' lang='lat' dir='ltr'>et</span> <span class='ocrx_word' id='word_1_150' title='bbox 998 1955 1116 2012; x_wconf 88' lang='lat' dir='ltr'>vita</span> <span class='ocrx_word' id='word_1_151' title='bbox 1136 1958 1317 2027; x_wconf 80' lang='lat' dir='ltr'>(Joan.</span> <span class='ocrx_word' id='word_1_152' title='bbox 1341 1975 1419 2025; x_wconf 82' lang='lat' dir='ltr'>x1,</span> <span class='ocrx_word' id='word_1_153' title='bbox 1440 1958 1571 2027; x_wconf 81' lang='lat'>25)?</span> <span class='ocrx_word' id='word_1_154' title='bbox 1592 1980 1620 2009; x_wconf 87' lang='lat'><strong>»</strong></span> <span class='ocrx_word' id='word_1_155' title='bbox 1651 1962 1709 2013; x_wconf 91' lang='lat' dir='ltr'>et</span> <span class='ocrx_word' id='word_1_156' title='bbox 1746 1960 1817 2014; x_wconf 89' lang='lat' dir='ltr'>de</span> <span class='ocrx_word' id='word_1_157' title='bbox 1860 1976 1975 2031; x_wconf 86' lang='lat' dir='ltr'>quo</span> 
     </span>
    </p>
   </div>
   <div class='ocr_carea' id='block_1_20' title="bbox 312 2039 1976 2120">
    <p class='ocr_par' dir='ltr' id='par_1_20' title="bbox 312 2039 1976 2120">
     <span class='ocr_line' id='line_1_20' title="bbox 312 2039 1976 2120; baseline 0.007 -28"><span class='ocrx_word' id='word_1_158' title='bbox 312 2054 382 2094; x_wconf 84' lang='lat' dir='ltr'>ex</span> <span class='ocrx_word' id='word_1_159' title='bbox 411 2039 679 2095; x_wconf 89' lang='lat' dir='ltr'>omnium</span> <span class='ocrx_word' id='word_1_160' title='bbox 703 2059 953 2115; x_wconf 82' lang='lat' dir='ltr'>persona</span> <span class='ocrx_word' id='word_1_161' title='bbox 974 2045 1291 2102; x_wconf 87' lang='lat' dir='ltr'>electorum</span> <span class='ocrx_word' id='word_1_162' title='bbox 1315 2047 1601 2103; x_wconf 86' lang='lat' dir='ltr'>Jeremias</span> <span class='ocrx_word' id='word_1_163' title='bbox 1632 2048 1713 2103; x_wconf 87' lang='lat' dir='ltr'>ait</span> <span class='ocrx_word' id='word_1_164' title='bbox 1743 2065 1757 2102; x_wconf 90' lang='lat'>:</span> <span class='ocrx_word' id='word_1_165' title='bbox 1786 2070 1813 2097; x_wconf 86' lang='lat'><strong>«</strong></span> <span class='ocrx_word' id='word_1_166' title='bbox 1845 2049 1976 2120; x_wconf 87' lang='lat' dir='ltr'>Spi-</span> 
     </span>
    </p>
   </div>
   <div class='ocr_carea' id='block_1_21' title="bbox 314 2126 1975 2208">
    <p class='ocr_par' dir='ltr' id='par_1_21' title="bbox 314 2126 1975 2208">
     <span class='ocr_line' id='line_1_21' title="bbox 314 2126 1975 2208; baseline 0.006 -26"><span class='ocrx_word' id='word_1_167' title='bbox 314 2148 344 2177; x_wconf 83' lang='lat'><strong>«</strong></span> <span class='ocrx_word' id='word_1_168' title='bbox 375 2126 526 2185; x_wconf 88' lang='lat' dir='ltr'>ritus</span> <span class='ocrx_word' id='word_1_169' title='bbox 556 2130 678 2186; x_wconf 88' lang='lat' dir='ltr'>oris</span> <span class='ocrx_word' id='word_1_170' title='bbox 720 2134 907 2188; x_wconf 88' lang='lat' dir='ltr'>nostri</span> <span class='ocrx_word' id='word_1_171' title='bbox 940 2135 1209 2192; x_wconf 87' lang='lat' dir='ltr'>Christus</span> <span class='ocrx_word' id='word_1_172' title='bbox 1244 2135 1531 2192; x_wconf 89' lang='lat' dir='ltr'>Dominus</span> <span class='ocrx_word' id='word_1_173' title='bbox 1558 2141 1766 2208; x_wconf 90' lang='lat' dir='ltr'>captus</span> <span class='ocrx_word' id='word_1_174' title='bbox 1796 2141 1885 2193; x_wconf 90' lang='lat' dir='ltr'>est</span> <span class='ocrx_word' id='word_1_175' title='bbox 1914 2137 1975 2192; x_wconf 91' lang='lat' dir='ltr'>in</span> 
     </span>
    </p>
   </div>
   <div class='ocr_carea' id='block_1_22' title="bbox 320 2217 1979 2288">
    <p class='ocr_par' dir='ltr' id='par_1_22' title="bbox 320 2217 1979 2288">
     <span class='ocr_line' id='line_1_22' title="bbox 320 2217 1979 2288; baseline 0.006 -18"><span class='ocrx_word' id='word_1_176' title='bbox 320 2233 345 2264; x_wconf 75' lang='grc' dir='ltr'>ι</span> <span class='ocrx_word' id='word_1_177' title='bbox 376 2217 632 2288; x_wconf 86' lang='lat' dir='ltr'>peccatis</span> <span class='ocrx_word' id='word_1_178' title='bbox 663 2222 1040 2279; x_wconf 90' lang='lat' dir='ltr'>nostris:cui</span> <span class='ocrx_word' id='word_1_179' title='bbox 1064 2224 1322 2280; x_wconf 86' lang='lat' dir='ltr'>diximus</span> <span class='ocrx_word' id='word_1_180' title='bbox 1347 2240 1361 2280; x_wconf 88' lang='lat'><strong>:</strong></span> <span class='ocrx_word' id='word_1_181' title='bbox 1388 2225 1451 2281; x_wconf 92' lang='lat' dir='ltr'>In</span> <span class='ocrx_word' id='word_1_182' title='bbox 1494 2225 1709 2281; x_wconf 90' lang='lat' dir='ltr'>umbra</span> <span class='ocrx_word' id='word_1_183' title='bbox 1753 2230 1858 2281; x_wconf 90' lang='lat' dir='ltr'>tua</span> <span class='ocrx_word' id='word_1_184' title='bbox 1899 2227 1979 2280; x_wconf 93' lang='lat' dir='ltr'>vi-</span> 
     </span>
    </p>
   </div>
   <div class='ocr_carea' id='block_1_23' title="bbox 317 2306 1973 2387">
    <p class='ocr_par' dir='ltr' id='par_1_23' title="bbox 317 2306 1973 2387">
     <span class='ocr_line' id='line_1_23' title="bbox 317 2306 1973 2387; baseline 0.008 -29"><span class='ocrx_word' id='word_1_185' title='bbox 317 2323 347 2358; x_wconf 77' lang='grc' dir='ltr'>ι</span> <span class='ocrx_word' id='word_1_186' title='bbox 372 2322 579 2363; x_wconf 75' lang='lat' dir='ltr'>vernus</span> <span class='ocrx_word' id='word_1_187' title='bbox 606 2306 667 2363; x_wconf 90' lang='lat' dir='ltr'>in</span> <span class='ocrx_word' id='word_1_188' title='bbox 699 2311 1017 2382; x_wconf 86' lang='lat' dir='ltr'>gentibus?</span> <span class='ocrx_word' id='word_1_189' title='bbox 1051 2336 1073 2363; x_wconf 80' lang='grc' dir='ltr'><strong>ι</strong></span> <span class='ocrx_word' id='word_1_190' title='bbox 1109 2314 1329 2386; x_wconf 84' lang='lat' dir='ltr'>(Thren.</span> <span class='ocrx_word' id='word_1_191' title='bbox 1364 2330 1440 2383; x_wconf 80' lang='grc' dir='ltr'>ιν,</span> <span class='ocrx_word' id='word_1_192' title='bbox 1468 2315 1579 2387; x_wconf 82' lang='grc'>20).</span> <span class='ocrx_word' id='word_1_193' title='bbox 1614 2316 1774 2371; x_wconf 89' lang='lat' dir='ltr'>Hanc</span> <span class='ocrx_word' id='word_1_194' title='bbox 1793 2317 1973 2372; x_wconf 87' lang='lat' dir='ltr'>vitam</span> 
     </span>
    </p>
   </div>
   <div class='ocr_carea' id='block_1_24' title="bbox 312 2396 1974 2476">
    <p class='ocr_par' dir='ltr' id='par_1_24' title="bbox 312 2396 1974 2476">
     <span class='ocr_line' id='line_1_24' title="bbox 312 2396 1974 2476; baseline 0.005 -24"><span class='ocrx_word' id='word_1_195' title='bbox 312 2411 484 2452; x_wconf 83' lang='lat' dir='ltr'>suam</span> <span class='ocrx_word' id='word_1_196' title='bbox 498 2396 776 2454; x_wconf 88' lang='lat' dir='ltr'>viderunt</span> <span class='ocrx_word' id='word_1_197' title='bbox 795 2400 983 2455; x_wconf 62' lang='lat' dir='ltr'>Judaei</span> <span class='ocrx_word' id='word_1_198' title='bbox 1005 2401 1063 2456; x_wconf 91' lang='lat' dir='ltr'>in</span> <span class='ocrx_word' id='word_1_199' title='bbox 1083 2402 1243 2475; x_wconf 86' lang='lat' dir='ltr'>ligno</span> <span class='ocrx_word' id='word_1_200' title='bbox 1265 2403 1456 2459; x_wconf 91' lang='lat' dir='ltr'>crucis</span> <span class='ocrx_word' id='word_1_201' title='bbox 1473 2421 1820 2476; x_wconf 89' lang='lat' dir='ltr'>suspensam</span> <span class='ocrx_word' id='word_1_202' title='bbox 1840 2410 1974 2461; x_wconf 83' lang='lat' dir='ltr'>ante</span> 
     </span>
    </p>
   </div>
   <div class='ocr_carea' id='block_1_25' title="bbox 313 2488 1975 2565">
    <p class='ocr_par' dir='ltr' id='par_1_25' title="bbox 313 2488 1975 2565">
     <span class='ocr_line' id='line_1_25' title="bbox 313 2488 1975 2565; baseline 0.004 -21"><span class='ocrx_word' id='word_1_203' title='bbox 313 2492 471 2565; x_wconf 81' lang='lat' dir='ltr'>se,et</span> <span class='ocrx_word' id='word_1_204' title='bbox 499 2488 560 2544; x_wconf 89' lang='lat' dir='ltr'>in</span> <span class='ocrx_word' id='word_1_205' title='bbox 586 2489 715 2560; x_wconf 87' lang='lat' dir='ltr'>ejus</span> <span class='ocrx_word' id='word_1_206' title='bbox 745 2492 1058 2563; x_wconf 72' lang='lat' dir='ltr'>praesentia</span> <span class='ocrx_word' id='word_1_207' title='bbox 1105 2492 1444 2548; x_wconf 88' lang='lat' dir='ltr'>dubitantes</span> <span class='ocrx_word' id='word_1_208' title='bbox 1488 2495 1975 2563; x_wconf 88' lang='lat' dir='ltr'>crcdere,timue-</span> 
     </span>
    </p>
   </div>
   <div class='ocr_carea' id='block_1_26' title="bbox 312 2580 1971 2656">
    <p class='ocr_par' dir='ltr' id='par_1_26' title="bbox 312 2580 1971 2656">
     <span class='ocr_line' id='line_1_26' title="bbox 312 2580 1971 2656; baseline 0.003 -21"><span class='ocrx_word' id='word_1_209' title='bbox 312 2582 453 2636; x_wconf 89' lang='lat' dir='ltr'>runt</span> <span class='ocrx_word' id='word_1_210' title='bbox 481 2583 651 2635; x_wconf 89' lang='lat' dir='ltr'>nocte</span> <span class='ocrx_word' id='word_1_211' title='bbox 682 2582 738 2635; x_wconf 91' lang='lat' dir='ltr'>et</span> <span class='ocrx_word' id='word_1_212' title='bbox 767 2580 954 2648; x_wconf 89' lang='lat' dir='ltr'>die,id</span> <span class='ocrx_word' id='word_1_213' title='bbox 985 2585 1092 2649; x_wconf 89' lang='lat' dir='ltr'>est,</span> <span class='ocrx_word' id='word_1_214' title='bbox 1120 2585 1177 2637; x_wconf 91' lang='lat' dir='ltr'>et</span> <span class='ocrx_word' id='word_1_215' title='bbox 1208 2583 1442 2654; x_wconf 85' lang='lat' dir='ltr'>quando</span> <span class='ocrx_word' id='word_1_216' title='bbox 1475 2583 1559 2637; x_wconf 89' lang='lat' dir='ltr'>eis</span> <span class='ocrx_word' id='word_1_217' title='bbox 1591 2583 1751 2639; x_wconf 90' lang='lat' dir='ltr'>illius</span> <span class='ocrx_word' id='word_1_218' title='bbox 1790 2586 1971 2656; x_wconf 89' lang='lat' dir='ltr'>maje-</span> 
     </span>
    </p>
   </div>
   <div class='ocr_carea' id='block_1_27' title="bbox 312 2667 1973 2743">
    <p class='ocr_par' dir='ltr' id='par_1_27' title="bbox 312 2667 1973 2743">
     <span class='ocr_line' id='line_1_27' title="bbox 312 2667 1973 2743; baseline 0.003 -19"><span class='ocrx_word' id='word_1_219' title='bbox 312 2672 435 2725; x_wconf 64' lang='lat' dir='ltr'>stm</span> <span class='ocrx_word' id='word_1_220' title='bbox 467 2667 841 2741; x_wconf 90' lang='lat' dir='ltr'>passionibus</span> <span class='ocrx_word' id='word_1_221' title='bbox 869 2669 1294 2739; x_wconf 88' lang='lat' dir='ltr'>occultabatur,</span> <span class='ocrx_word' id='word_1_222' title='bbox 1326 2674 1383 2727; x_wconf 90' lang='lat' dir='ltr'>et</span> <span class='ocrx_word' id='word_1_223' title='bbox 1404 2674 1638 2743; x_wconf 88' lang='lat' dir='ltr'>quando</span> <span class='ocrx_word' id='word_1_224' title='bbox 1669 2673 1973 2731; x_wconf 88' lang='lat' dir='ltr'>miraculis</span> 
     </span>
    </p>
   </div>
   <div class='ocr_carea' id='block_1_28' title="bbox 311 2757 1971 2833">
    <p class='ocr_par' dir='ltr' id='par_1_28' title="bbox 311 2757 1971 2833">
     <span class='ocr_line' id='line_1_28' title="bbox 311 2757 1971 2833; baseline 0.003 -19"><span class='ocrx_word' id='word_1_225' title='bbox 311 2757 739 2833; x_wconf 80' lang='lat' dir='ltr'>declarabatur.</span> <span class='ocrx_word' id='word_1_226' title='bbox 774 2759 861 2815; x_wconf 91' lang='lat' dir='ltr'>Ita</span> <span class='ocrx_word' id='word_1_227' title='bbox 891 2760 1034 2815; x_wconf 92' lang='lat' dir='ltr'>dum</span> <span class='ocrx_word' id='word_1_228' title='bbox 1083 2761 1143 2816; x_wconf 91' lang='lat' dir='ltr'>in</span> <span class='ocrx_word' id='word_1_229' title='bbox 1193 2761 1328 2817; x_wconf 91' lang='lat' dir='ltr'>istis</span> <span class='ocrx_word' id='word_1_230' title='bbox 1374 2761 1735 2831; x_wconf 75' lang='lat' dir='ltr'>hzesitarent,</span> <span class='ocrx_word' id='word_1_231' title='bbox 1760 2762 1820 2818; x_wconf 91' lang='lat' dir='ltr'>in</span> <span class='ocrx_word' id='word_1_232' title='bbox 1853 2763 1971 2820; x_wconf 91' lang='lat' dir='ltr'>illis</span> 
     </span>
    </p>
   </div>
   <div class='ocr_carea' id='block_1_29' title="bbox 309 2850 1973 2918">
    <p class='ocr_par' dir='ltr' id='par_1_29' title="bbox 309 2850 1973 2918">
     <span class='ocr_line' id='line_1_29' title="bbox 309 2850 1973 2918; baseline 0.002 -14"><span class='ocrx_word' id='word_1_233' title='bbox 309 2850 774 2917; x_wconf 87' lang='lat' dir='ltr'>contemnerent,</span> <span class='ocrx_word' id='word_1_234' title='bbox 809 2865 927 2904; x_wconf 91' lang='lat' dir='ltr'>non</span> <span class='ocrx_word' id='word_1_235' title='bbox 960 2851 1338 2906; x_wconf 89' lang='lat' dir='ltr'>crediderunt</span> <span class='ocrx_word' id='word_1_236' title='bbox 1365 2852 1494 2907; x_wconf 70' lang='lat' dir='ltr'>vitze</span> <span class='ocrx_word' id='word_1_237' title='bbox 1526 2869 1664 2907; x_wconf 63' lang='lat' dir='ltr'>sum.</span> <span class='ocrx_word' id='word_1_238' title='bbox 1690 2855 1823 2918; x_wconf 80' lang='lat' dir='ltr'>Quae</span> <span class='ocrx_word' id='word_1_239' title='bbox 1854 2870 1973 2909; x_wconf 91' lang='lat' dir='ltr'>ma-</span> 
     </span>
    </p>
   </div>
   <div class='ocr_carea' id='block_1_30' title="bbox 307 2937 1972 3014">
    <p class='ocr_par' dir='ltr' id='par_1_30' title="bbox 307 2937 1972 3014">
     <span class='ocr_line' id='line_1_30' title="bbox 307 2937 1972 3014; baseline 0.002 -20"><span class='ocrx_word' id='word_1_240' title='bbox 307 2937 542 2995; x_wconf 76' lang='lat' dir='ltr'>ledictio</span> <span class='ocrx_word' id='word_1_241' title='bbox 574 2938 780 3011; x_wconf 85' lang='lat' dir='ltr'>utique</span> <span class='ocrx_word' id='word_1_242' title='bbox 812 2956 1001 3011; x_wconf 89' lang='lat' dir='ltr'>usque</span> <span class='ocrx_word' id='word_1_243' title='bbox 1031 2939 1202 2995; x_wconf 90' lang='lat' dir='ltr'>hodie</span> <span class='ocrx_word' id='word_1_244' title='bbox 1242 2940 1301 2995; x_wconf 91' lang='lat' dir='ltr'>in</span> <span class='ocrx_word' id='word_1_245' title='bbox 1347 2940 1431 2996; x_wconf 89' lang='lat' dir='ltr'>eis</span> <span class='ocrx_word' id='word_1_246' title='bbox 1462 2946 1795 3013; x_wconf 84' lang='lat' dir='ltr'>permanet;</span> <span class='ocrx_word' id='word_1_247' title='bbox 1831 2943 1972 3014; x_wconf 89' lang='lat' dir='ltr'>quia</span> 
     </span>
    </p>
   </div>
   <div class='ocr_carea' id='block_1_31' title="bbox 304 3027 1971 3101">
    <p class='ocr_par' dir='ltr' id='par_1_31' title="bbox 304 3027 1971 3101">
     <span class='ocr_line' id='line_1_31' title="bbox 304 3027 1971 3101; baseline 0.002 -18"><span class='ocrx_word' id='word_1_248' title='bbox 304 3027 486 3084; x_wconf 91' lang='lat' dir='ltr'>vitam</span> <span class='ocrx_word' id='word_1_249' title='bbox 517 3044 708 3095; x_wconf 89' lang='lat' dir='ltr'>suam,</span> <span class='ocrx_word' id='word_1_250' title='bbox 733 3045 861 3101; x_wconf 66' lang='lat' dir='ltr'>quia</span> <span class='ocrx_word' id='word_1_251' title='bbox 894 3028 1012 3085; x_wconf 89' lang='lat' dir='ltr'>illis</span> <span class='ocrx_word' id='word_1_252' title='bbox 1042 3028 1300 3101; x_wconf 90' lang='lat' dir='ltr'>primum</span> <span class='ocrx_word' id='word_1_253' title='bbox 1336 3030 1526 3089; x_wconf 74' lang='lat' dir='ltr'>fuerat</span> <span class='ocrx_word' id='word_1_254' title='bbox 1555 3030 1847 3089; x_wconf 87' lang='lat' dir='ltr'>destinata</span> <span class='ocrx_word' id='word_1_255' title='bbox 1866 3031 1971 3100; x_wconf 87' lang='lat' dir='ltr'>(di-</span> 
     </span>
    </p>
   </div>
   <div class='ocr_carea' id='block_1_32' title="bbox 306 3117 1967 3192">
    <p class='ocr_par' dir='ltr' id='par_1_32' title="bbox 306 3117 1967 3192">
     <span class='ocr_line' id='line_1_32' title="bbox 306 3117 1967 3192; baseline 0.001 -19"><span class='ocrx_word' id='word_1_256' title='bbox 306 3121 472 3174; x_wconf 86' lang='lat' dir='ltr'>cente</span> <span class='ocrx_word' id='word_1_257' title='bbox 492 3117 740 3175; x_wconf 84' lang='lat' dir='ltr'>Domino</span> <span class='ocrx_word' id='word_1_258' title='bbox 775 3134 787 3172; x_wconf 88' lang='lat'><strong>:</strong></span> <span class='ocrx_word' id='word_1_259' title='bbox 831 3139 858 3171; x_wconf 73' lang='grc' dir='ltr'><strong><em>α</em></strong></span> <span class='ocrx_word' id='word_1_260' title='bbox 882 3118 1008 3174; x_wconf 91' lang='lat' dir='ltr'>Non</span> <span class='ocrx_word' id='word_1_261' title='bbox 1040 3136 1173 3175; x_wconf 89' lang='lat' dir='ltr'>sum</span> <span class='ocrx_word' id='word_1_262' title='bbox 1204 3119 1426 3175; x_wconf 91' lang='lat' dir='ltr'>missus</span> <span class='ocrx_word' id='word_1_263' title='bbox 1446 3118 1559 3176; x_wconf 90' lang='lat' dir='ltr'>nisi</span> <span class='ocrx_word' id='word_1_264' title='bbox 1591 3121 1663 3175; x_wconf 91' lang='lat' dir='ltr'>ad</span> <span class='ocrx_word' id='word_1_265' title='bbox 1682 3137 1818 3179; x_wconf 90' lang='lat' dir='ltr'>oves</span> <span class='ocrx_word' id='word_1_266' title='bbox 1839 3137 1967 3192; x_wconf 63' lang='lat' dir='ltr'>qua;</span> 
     </span>
    </p>
   </div>
   <div class='ocr_carea' id='block_1_33' title="bbox 311 3206 1966 3281">
    <p class='ocr_par' dir='ltr' id='par_1_33' title="bbox 311 3206 1966 3281">
     <span class='ocr_line' id='line_1_33' title="bbox 311 3206 1966 3281; baseline 0.001 -18"><span class='ocrx_word' id='word_1_267' title='bbox 311 3228 332 3256; x_wconf 81' lang='grc' dir='ltr'>ι</span> <span class='ocrx_word' id='word_1_268' title='bbox 370 3206 677 3280; x_wconf 84' lang='lat' dir='ltr'>perierunt</span> <span class='ocrx_word' id='word_1_269' title='bbox 726 3208 939 3263; x_wconf 90' lang='lat' dir='ltr'>domus</span> <span class='ocrx_word' id='word_1_270' title='bbox 999 3207 1178 3265; x_wconf 87' lang='lat' dir='ltr'>Israel</span> <span class='ocrx_word' id='word_1_271' title='bbox 1225 3208 1430 3281; x_wconf 80' lang='lat' dir='ltr'>(Matth.</span> <span class='ocrx_word' id='word_1_272' title='bbox 1480 3226 1574 3276; x_wconf 87' lang='lat' dir='ltr'>xv,</span> <span class='ocrx_word' id='word_1_273' title='bbox 1602 3210 1716 3277; x_wconf 88' lang='lat'>24),</span> <span class='ocrx_word' id='word_1_274' title='bbox 1756 3232 1777 3258; x_wconf 77' lang='grc' dir='ltr'>ι</span> <span class='ocrx_word' id='word_1_275' title='bbox 1823 3210 1966 3264; x_wconf 91' lang='lat' dir='ltr'>dum</span> 
     </span>
    </p>
   </div>
   <div class='ocr_carea' id='block_1_34' title="bbox 306 3296 1967 3365">
    <p class='ocr_par' dir='ltr' id='par_1_34' title="bbox 306 3296 1967 3365">
     <span class='ocr_line' id='line_1_34' title="bbox 306 3296 1967 3365; baseline 0 -13"><span class='ocrx_word' id='word_1_276' title='bbox 306 3296 517 3353; x_wconf 88' lang='lat' dir='ltr'>nolunt</span> <span class='ocrx_word' id='word_1_277' title='bbox 546 3296 783 3355; x_wconf 78' lang='lat' dir='ltr'>credere</span> <span class='ocrx_word' id='word_1_278' title='bbox 809 3314 844 3351; x_wconf 91' lang='lat' dir='ltr'>a</span> <span class='ocrx_word' id='word_1_279' title='bbox 873 3297 1125 3354; x_wconf 88' lang='lat' dir='ltr'>mortuis</span> <span class='ocrx_word' id='word_1_280' title='bbox 1171 3297 1582 3353; x_wconf 89' lang='lat' dir='ltr'>resuscitatam</span> <span class='ocrx_word' id='word_1_281' title='bbox 1616 3301 1704 3365; x_wconf 90' lang='lat' dir='ltr'>(ut</span> <span class='ocrx_word' id='word_1_282' title='bbox 1750 3315 1819 3353; x_wconf 82' lang='lat' dir='ltr'>ex</span> <span class='ocrx_word' id='word_1_283' title='bbox 1856 3297 1967 3353; x_wconf 90' lang='lat' dir='ltr'>hac</span> 
     </span>
    </p>
   </div>
   <div class='ocr_carea' id='block_1_35' title="bbox 2082 716 3741 798">
    <p class='ocr_par' dir='ltr' id='par_1_35' title="bbox 2082 716 3741 798">
     <span class='ocr_line' id='line_1_35' title="bbox 2082 716 3741 798; baseline 0.008 -29"><span class='ocrx_word' id='word_1_284' title='bbox 2082 716 2155 769; x_wconf 92' lang='lat' dir='ltr'>ad</span> <span class='ocrx_word' id='word_1_285' title='bbox 2173 717 2445 787; x_wconf 79' lang='lat' dir='ltr'>Aggaeum</span> <span class='ocrx_word' id='word_1_286' title='bbox 2465 719 2809 792; x_wconf 83' lang='lat' dir='ltr'>prophetam</span> <span class='ocrx_word' id='word_1_287' title='bbox 2833 738 2844 777; x_wconf 90' lang='lat'>:</span> <span class='ocrx_word' id='word_1_288' title='bbox 2873 746 2892 772; x_wconf 77' lang='grc' dir='ltr'><strong><em>α</em></strong></span> <span class='ocrx_word' id='word_1_289' title='bbox 2914 723 3215 795; x_wconf 87' lang='lat' dir='ltr'>Interroga</span> <span class='ocrx_word' id='word_1_290' title='bbox 3227 725 3557 781; x_wconf 85' lang='lat' dir='ltr'>sacerdotes</span> <span class='ocrx_word' id='word_1_291' title='bbox 3573 724 3741 798; x_wconf 81' lang='lat' dir='ltr'>legis,</span> 
     </span>
    </p>
   </div>
   <div class='ocr_carea' id='block_1_36' title="bbox 2088 804 3739 881">
    <p class='ocr_par' dir='ltr' id='par_1_36' title="bbox 2088 804 3739 881">
     <span class='ocr_line' id='line_1_36' title="bbox 2088 804 3739 881; baseline 0.01 -27"><span class='ocrx_word' id='word_1_292' title='bbox 2088 827 2108 853; x_wconf 77' lang='grc' dir='ltr'>(ι</span> <span class='ocrx_word' id='word_1_293' title='bbox 2146 804 2382 861; x_wconf 89' lang='lat' dir='ltr'>dicens:</span> <span class='ocrx_word' id='word_1_294' title='bbox 2410 807 2466 863; x_wconf 87' lang='lat' dir='ltr'>Si</span> <span class='ocrx_word' id='word_1_295' title='bbox 2503 809 2767 881; x_wconf 84' lang='lat' dir='ltr'>tetigerit</span> <span class='ocrx_word' id='word_1_296' title='bbox 2798 811 3144 868; x_wconf 89' lang='lat' dir='ltr'>immundus</span> <span class='ocrx_word' id='word_1_297' title='bbox 3165 811 3224 867; x_wconf 93' lang='lat' dir='ltr'>in</span> <span class='ocrx_word' id='word_1_298' title='bbox 3246 813 3443 869; x_wconf 91' lang='lat' dir='ltr'>anima</span> <span class='ocrx_word' id='word_1_299' title='bbox 3465 831 3533 870; x_wconf 83' lang='lat' dir='ltr'>ex</span> <span class='ocrx_word' id='word_1_300' title='bbox 3554 817 3739 870; x_wconf 86' lang='lat' dir='ltr'>omni-</span> 
     </span>
    </p>
   </div>
   <div class='ocr_carea' id='block_1_37' title="bbox 2087 893 3744 969">
    <p class='ocr_par' dir='ltr' id='par_1_37' title="bbox 2087 893 3744 969">
     <span class='ocr_line' id='line_1_37' title="bbox 2087 893 3744 969; baseline 0.008 -24"><span class='ocrx_word' id='word_1_301' title='bbox 2087 915 2114 940; x_wconf 84' lang='grc'><em>‹‹</em></span> <span class='ocrx_word' id='word_1_302' title='bbox 2146 893 2256 947; x_wconf 89' lang='lat' dir='ltr'>bus</span> <span class='ocrx_word' id='word_1_303' title='bbox 2289 894 2403 961; x_wconf 86' lang='lat' dir='ltr'>his,</span> <span class='ocrx_word' id='word_1_304' title='bbox 2426 896 2483 949; x_wconf 92' lang='lat' dir='ltr'>id</span> <span class='ocrx_word' id='word_1_305' title='bbox 2517 902 2605 951; x_wconf 89' lang='lat' dir='ltr'>est</span> <span class='ocrx_word' id='word_1_306' title='bbox 2638 915 2878 968; x_wconf 85' lang='lat' dir='ltr'>panem,</span> <span class='ocrx_word' id='word_1_307' title='bbox 2914 904 3014 954; x_wconf 91' lang='lat' dir='ltr'>aut</span> <span class='ocrx_word' id='word_1_308' title='bbox 3041 901 3265 968; x_wconf 89' lang='lat' dir='ltr'>vinum,</span> <span class='ocrx_word' id='word_1_309' title='bbox 3302 906 3405 957; x_wconf 89' lang='lat' dir='ltr'>aut</span> <span class='ocrx_word' id='word_1_310' title='bbox 3421 902 3744 969; x_wconf 90' lang='lat' dir='ltr'>oleum,aut</span> 
     </span>
    </p>
   </div>
   <div class='ocr_carea' id='block_1_38' title="bbox 2089 980 3739 1063">
    <p class='ocr_par' dir='ltr' id='par_1_38' title="bbox 2089 980 3739 1063">
     <span class='ocr_line' id='line_1_38' title="bbox 2089 980 3739 1063; baseline 0.008 -30"><span class='ocrx_word' id='word_1_311' title='bbox 2089 999 2110 1027; x_wconf 75' lang='grc' dir='ltr'><strong>α</strong></span> <span class='ocrx_word' id='word_1_312' title='bbox 2146 980 2540 1051; x_wconf 87' lang='lat' dir='ltr'>pulmentum,</span> <span class='ocrx_word' id='word_1_313' title='bbox 2574 989 2678 1040; x_wconf 91' lang='lat' dir='ltr'>aut</span> <span class='ocrx_word' id='word_1_314' title='bbox 2716 1003 2951 1043; x_wconf 89' lang='lat' dir='ltr'>omnem</span> <span class='ocrx_word' id='word_1_315' title='bbox 2986 988 3204 1056; x_wconf 89' lang='lat' dir='ltr'>cibum,</span> <span class='ocrx_word' id='word_1_316' title='bbox 3240 990 3509 1063; x_wconf 88' lang='lat' dir='ltr'>nunquid</span> <span class='ocrx_word' id='word_1_317' title='bbox 3541 996 3739 1046; x_wconf 88' lang='lat' dir='ltr'>conta-</span> 
     </span>
    </p>
   </div>
   <div class='ocr_carea' id='block_1_39' title="bbox 2088 1069 3748 1147">
    <p class='ocr_par' dir='ltr' id='par_1_39' title="bbox 2088 1069 3748 1147">
     <span class='ocr_line' id='line_1_39' title="bbox 2088 1069 3748 1147; baseline 0.008 -26"><span class='ocrx_word' id='word_1_318' title='bbox 2088 1090 2115 1117; x_wconf 83' lang='lat'><strong>«</strong></span> <span class='ocrx_word' id='word_1_319' title='bbox 2148 1069 2511 1126; x_wconf 84' lang='lat' dir='ltr'>minabitur?</span> <span class='ocrx_word' id='word_1_320' title='bbox 2534 1074 2599 1127; x_wconf 84' lang='lat' dir='ltr'>Et</span> <span class='ocrx_word' id='word_1_321' title='bbox 2623 1076 3026 1147; x_wconf 88' lang='lat' dir='ltr'>respondeunt</span> <span class='ocrx_word' id='word_1_322' title='bbox 3066 1078 3397 1133; x_wconf 86' lang='lat' dir='ltr'>sacerdotes</span> <span class='ocrx_word' id='word_1_323' title='bbox 3424 1096 3436 1134; x_wconf 76' lang='grc' dir='ltr'>ε</span> <span class='ocrx_word' id='word_1_324' title='bbox 3460 1078 3748 1135; x_wconf 87' lang='lat' dir='ltr'>Contami-</span> 
     </span>
    </p>
   </div>
   <div class='ocr_carea' id='block_1_40' title="bbox 2087 1155 3745 1240">
    <p class='ocr_par' dir='ltr' id='par_1_40' title="bbox 2087 1155 3745 1240">
     <span class='ocr_line' id='line_1_40' title="bbox 2087 1155 3745 1240; baseline 0.01 -34"><span class='ocrx_word' id='word_1_325' title='bbox 2087 1175 2114 1204; x_wconf 85' lang='lat'><strong>«</strong></span> <span class='ocrx_word' id='word_1_326' title='bbox 2148 1155 2405 1211; x_wconf 83' lang='lat' dir='ltr'>nubitur.</span> <span class='ocrx_word' id='word_1_327' title='bbox 2435 1158 2503 1212; x_wconf 88' lang='lat' dir='ltr'>Et</span> <span class='ocrx_word' id='word_1_328' title='bbox 2532 1159 2613 1213; x_wconf 91' lang='lat' dir='ltr'>ait</span> <span class='ocrx_word' id='word_1_329' title='bbox 2633 1161 2920 1219; x_wconf 89' lang='lat' dir='ltr'>Dominus</span> <span class='ocrx_word' id='word_1_330' title='bbox 2954 1180 2966 1218; x_wconf 93' lang='lat'>:</span> <span class='ocrx_word' id='word_1_331' title='bbox 3001 1164 3095 1220; x_wconf 89' lang='lat' dir='ltr'>Sic</span> <span class='ocrx_word' id='word_1_332' title='bbox 3125 1182 3268 1237; x_wconf 88' lang='lat' dir='ltr'>gens</span> <span class='ocrx_word' id='word_1_333' title='bbox 3297 1165 3433 1235; x_wconf 88' lang='lat' dir='ltr'>ista,</span> <span class='ocrx_word' id='word_1_334' title='bbox 3459 1171 3515 1222; x_wconf 90' lang='lat' dir='ltr'>et</span> <span class='ocrx_word' id='word_1_335' title='bbox 3538 1167 3619 1222; x_wconf 89' lang='lat' dir='ltr'>sic</span> <span class='ocrx_word' id='word_1_336' title='bbox 3650 1186 3745 1240; x_wconf 90' lang='lat' dir='ltr'>po-</span> 
     </span>
    </p>
   </div>
   <div class='ocr_carea' id='block_1_41' title="bbox 2091 1244 3739 1326">
    <p class='ocr_par' dir='ltr' id='par_1_41' title="bbox 2091 1244 3739 1326">
     <span class='ocr_line' id='line_1_41' title="bbox 2091 1244 3739 1326; baseline 0.008 -30"><span class='ocrx_word' id='word_1_337' title='bbox 2091 1264 2119 1295; x_wconf 78' lang='lat' dir='ltr'>a</span> <span class='ocrx_word' id='word_1_338' title='bbox 2150 1244 2325 1315; x_wconf 90' lang='lat' dir='ltr'>pulus</span> <span class='ocrx_word' id='word_1_339' title='bbox 2376 1245 2486 1302; x_wconf 89' lang='lat' dir='ltr'>isto</span> <span class='ocrx_word' id='word_1_340' title='bbox 2535 1253 2669 1305; x_wconf 86' lang='lat' dir='ltr'>ante</span> <span class='ocrx_word' id='word_1_341' title='bbox 2722 1251 2929 1306; x_wconf 82' lang='lat' dir='ltr'>faciem</span> <span class='ocrx_word' id='word_1_342' title='bbox 2963 1269 3154 1308; x_wconf 88' lang='lat' dir='ltr'>meam</span> <span class='ocrx_word' id='word_1_343' title='bbox 3197 1253 3347 1326; x_wconf 82' lang='lat' dir='ltr'>(Agg.</span> <span class='ocrx_word' id='word_1_344' title='bbox 3382 1272 3445 1326; x_wconf 79' lang='grc' dir='ltr'>ιι,</span> <span class='ocrx_word' id='word_1_345' title='bbox 3480 1257 3675 1326; x_wconf 82' lang='grc'>12-15).</span> <span class='ocrx_word' id='word_1_346' title='bbox 3711 1278 3739 1309; x_wconf 63' lang='grc' dir='ltr'><strong><em>ω</em></strong></span> 
     </span>
    </p>
   </div>
   <div class='ocr_carea' id='block_1_42' title="bbox 2086 1331 3745 1408">
    <p class='ocr_par' dir='ltr' id='par_1_42' title="bbox 2086 1331 3745 1408">
     <span class='ocr_line' id='line_1_42' title="bbox 2086 1331 3745 1408; baseline 0.009 -23"><span class='ocrx_word' id='word_1_347' title='bbox 2086 1331 2249 1387; x_wconf 91' lang='lat' dir='ltr'>Unde</span> <span class='ocrx_word' id='word_1_348' title='bbox 2308 1337 2364 1389; x_wconf 90' lang='lat' dir='ltr'>et</span> <span class='ocrx_word' id='word_1_349' title='bbox 2416 1336 2731 1407; x_wconf 85' lang='lat' dir='ltr'>Apostolus</span> <span class='ocrx_word' id='word_1_350' title='bbox 2784 1340 3115 1408; x_wconf 83' lang='lat' dir='ltr'>confirmat,</span> <span class='ocrx_word' id='word_1_351' title='bbox 3178 1342 3425 1399; x_wconf 88' lang='lat' dir='ltr'>dicens:</span> <span class='ocrx_word' id='word_1_352' title='bbox 3467 1364 3493 1396; x_wconf 75' lang='grc' dir='ltr'><strong>α</strong></span> <span class='ocrx_word' id='word_1_353' title='bbox 3533 1344 3745 1401; x_wconf 89' lang='lat' dir='ltr'>Omnia</span> 
     </span>
    </p>
   </div>
   <div class='ocr_carea' id='block_1_43' title="bbox 2091 1423 3746 1500">
    <p class='ocr_par' dir='ltr' id='par_1_43' title="bbox 2091 1423 3746 1500">
     <span class='ocr_line' id='line_1_43' title="bbox 2091 1423 3746 1500; baseline 0.009 -26"><span class='ocrx_word' id='word_1_354' title='bbox 2091 1440 2119 1473; x_wconf 77' lang='grc' dir='ltr'><strong>α</strong></span> <span class='ocrx_word' id='word_1_355' title='bbox 2149 1423 2373 1478; x_wconf 88' lang='lat' dir='ltr'>munda</span> <span class='ocrx_word' id='word_1_356' title='bbox 2390 1426 2663 1495; x_wconf 91' lang='lat' dir='ltr'>mundis;</span> <span class='ocrx_word' id='word_1_357' title='bbox 2697 1427 3091 1500; x_wconf 89' lang='lat' dir='ltr'>coinquinatis</span> <span class='ocrx_word' id='word_1_358' title='bbox 3113 1435 3310 1486; x_wconf 90' lang='lat' dir='ltr'>autem</span> <span class='ocrx_word' id='word_1_359' title='bbox 3329 1437 3388 1487; x_wconf 90' lang='lat' dir='ltr'>et</span> <span class='ocrx_word' id='word_1_360' title='bbox 3407 1431 3746 1489; x_wconf 82' lang='lat' dir='ltr'>infidelibus</span> 
     </span>
    </p>
   </div>
   <div class='ocr_carea' id='block_1_44' title="bbox 2089 1510 3750 1589">
    <p class='ocr_par' dir='ltr' id='par_1_44' title="bbox 2089 1510 3750 1589">
     <span class='ocr_line' id='line_1_44' title="bbox 2089 1510 3750 1589; baseline 0.008 -24"><span class='ocrx_word' id='word_1_361' title='bbox 2089 1532 2111 1559; x_wconf 76' lang='grc' dir='ltr'><strong>α</strong></span> <span class='ocrx_word' id='word_1_362' title='bbox 2148 1510 2297 1566; x_wconf 90' lang='lat' dir='ltr'>nihil</span> <span class='ocrx_word' id='word_1_363' title='bbox 2327 1516 2416 1568; x_wconf 91' lang='lat' dir='ltr'>est</span> <span class='ocrx_word' id='word_1_364' title='bbox 2444 1517 2765 1571; x_wconf 92' lang='lat' dir='ltr'>mundum:</span> <span class='ocrx_word' id='word_1_365' title='bbox 2802 1518 2903 1572; x_wconf 91' lang='lat' dir='ltr'>sed</span> <span class='ocrx_word' id='word_1_366' title='bbox 2934 1517 3246 1589; x_wconf 89' lang='lat' dir='ltr'>inquinata</span> <span class='ocrx_word' id='word_1_367' title='bbox 3273 1525 3415 1577; x_wconf 90' lang='lat' dir='ltr'>sunt</span> <span class='ocrx_word' id='word_1_368' title='bbox 3454 1538 3658 1577; x_wconf 90' lang='lat' dir='ltr'>eorum</span> <span class='ocrx_word' id='word_1_369' title='bbox 3688 1526 3750 1578; x_wconf 88' lang='lat' dir='ltr'>et</span> 
     </span>
    </p>
   </div>
   <div class='ocr_carea' id='block_1_45' title="bbox 2090 1604 3751 1679">
    <p class='ocr_par' dir='ltr' id='par_1_45' title="bbox 2090 1604 3751 1679">
     <span class='ocr_line' id='line_1_45' title="bbox 2090 1604 3751 1679; baseline 0.008 -26"><span class='ocrx_word' id='word_1_370' title='bbox 2090 1616 2315 1657; x_wconf 74' lang='lat' dir='ltr'>«.mens</span> <span class='ocrx_word' id='word_1_371' title='bbox 2361 1606 2420 1657; x_wconf 88' lang='lat' dir='ltr'>et</span> <span class='ocrx_word' id='word_1_372' title='bbox 2465 1604 2824 1660; x_wconf 87' lang='lat' dir='ltr'>conscientia</span> <span class='ocrx_word' id='word_1_373' title='bbox 2869 1607 2994 1679; x_wconf 89' lang='lat' dir='ltr'>(Tit.</span> <span class='ocrx_word' id='word_1_374' title='bbox 3048 1623 3088 1675; x_wconf 79' lang='grc' dir='ltr'>ι,</span> <span class='ocrx_word' id='word_1_375' title='bbox 3141 1608 3263 1678; x_wconf 90' lang='grc'>15);</span> <span class='ocrx_word' id='word_1_376' title='bbox 3297 1628 3324 1661; x_wconf 75' lang='grc' dir='ltr'><strong><em>ιο</em></strong></span> <span class='ocrx_word' id='word_1_377' title='bbox 3361 1613 3427 1664; x_wconf 89' lang='lat' dir='ltr'>ut</span> <span class='ocrx_word' id='word_1_378' title='bbox 3471 1610 3751 1668; x_wconf 84' lang='lat' dir='ltr'>videlicet</span> 
     </span>
    </p>
   </div>
   <div class='ocr_carea' id='block_1_46' title="bbox 2083 1688 3750 1755">
    <p class='ocr_par' dir='ltr' id='par_1_46' title="bbox 2083 1688 3750 1755">
     <span class='ocr_line' id='line_1_46' title="bbox 2083 1688 3750 1755; baseline 0.008 -13"><span class='ocrx_word' id='word_1_379' title='bbox 2083 1688 2526 1748; x_wconf 85' lang='lat' dir='ltr'>immundorum</span> <span class='ocrx_word' id='word_1_380' title='bbox 2558 1691 2900 1750; x_wconf 90' lang='lat' dir='ltr'>immundas</span> <span class='ocrx_word' id='word_1_381' title='bbox 2930 1711 3059 1751; x_wconf 91' lang='lat' dir='ltr'>esse</span> <span class='ocrx_word' id='word_1_382' title='bbox 3090 1695 3430 1753; x_wconf 88' lang='lat' dir='ltr'>noverimus</span> <span class='ocrx_word' id='word_1_383' title='bbox 3478 1713 3750 1755; x_wconf 89' lang='lat' dir='ltr'>mensas.</span> 
     </span>
    </p>
   </div>
   <div class='ocr_carea' id='block_1_47' title="bbox 2084 1780 3751 1860">
    <p class='ocr_par' dir='ltr' id='par_1_47' title="bbox 2084 1780 3751 1860">
     <span class='ocr_line' id='line_1_47' title="bbox 2084 1780 3751 1860; baseline 0.007 -27"><span class='ocrx_word' id='word_1_384' title='bbox 2084 1780 2384 1844; x_wconf 87' lang='lat' dir='ltr'>Quomodo</span> <span class='ocrx_word' id='word_1_385' title='bbox 2415 1782 2572 1837; x_wconf 89' lang='lat' dir='ltr'>enim</span> <span class='ocrx_word' id='word_1_386' title='bbox 2604 1782 2923 1839; x_wconf 65' lang='lat' dir='ltr'>immundae</span> <span class='ocrx_word' id='word_1_387' title='bbox 2962 1800 3078 1840; x_wconf 91' lang='lat' dir='ltr'>non</span> <span class='ocrx_word' id='word_1_388' title='bbox 3120 1790 3296 1842; x_wconf 88' lang='lat' dir='ltr'>erunt</span> <span class='ocrx_word' id='word_1_389' title='bbox 3326 1802 3569 1856; x_wconf 65' lang='lat' dir='ltr'>mensas,</span> <span class='ocrx_word' id='word_1_390' title='bbox 3601 1805 3751 1860; x_wconf 90' lang='lat' dir='ltr'>quo-</span> 
     </span>
    </p>
   </div>
   <div class='ocr_carea' id='block_1_48' title="bbox 2086 1869 3421 1946">
    <p class='ocr_par' dir='ltr' id='par_1_48' title="bbox 2086 1869 3421 1946">
     <span class='ocr_line' id='line_1_48' title="bbox 2086 1869 3421 1946; baseline 0.006 -24"><span class='ocrx_word' id='word_1_391' title='bbox 2086 1885 2219 1923; x_wconf 90' lang='lat' dir='ltr'>rum</span> <span class='ocrx_word' id='word_1_392' title='bbox 2250 1869 2562 1925; x_wconf 89' lang='lat' dir='ltr'>maledicta</span> <span class='ocrx_word' id='word_1_393' title='bbox 2592 1875 2731 1925; x_wconf 85' lang='lat' dir='ltr'>sunt</span> <span class='ocrx_word' id='word_1_394' title='bbox 2763 1871 2973 1929; x_wconf 88' lang='lat' dir='ltr'>horrea</span> <span class='ocrx_word' id='word_1_395' title='bbox 3001 1878 3059 1928; x_wconf 86' lang='lat' dir='ltr'>et</span> <span class='ocrx_word' id='word_1_396' title='bbox 3087 1874 3421 1946; x_wconf 64' lang='lat' dir='ltr'>apothecae?</span> 
     </span>
    </p>
   </div>
   <div class='ocr_carea' id='block_1_49' title="bbox 2008 1957 3748 2058">
    <p class='ocr_par' dir='ltr' id='par_1_49' title="bbox 2008 1957 3748 2058">
     <span class='ocr_line' id='line_1_49' title="bbox 2008 1957 3748 2058; baseline 0.006 -47"><span class='ocrx_word' id='word_1_397' title='bbox 2008 1992 2056 2058; x_wconf 79' lang='grc' dir='ltr'><strong>Β</strong></span> <span class='ocrx_word' id='word_1_398' title='bbox 2158 1958 2278 2012; x_wconf 88' lang='lat' dir='ltr'>LII.</span> <span class='ocrx_word' id='word_1_399' title='bbox 2310 1958 2395 2056; x_wconf 48' lang='lat' dir='ltr'>ad</span> <span class='ocrx_word' id='word_1_400' title='bbox 2421 1957 2597 2013; x_wconf 88' lang='lat' dir='ltr'>istius</span> <span class='ocrx_word' id='word_1_401' title='bbox 2622 1959 2811 2058; x_wconf 59' lang='grc' dir='ltr'>ἰείη]ιὶ</span> <span class='ocrx_word' id='word_1_402' title='bbox 2826 1960 3126 2017; x_wconf 89' lang='lat' dir='ltr'>maledicti</span> <span class='ocrx_word' id='word_1_403' title='bbox 3147 1966 3204 2018; x_wconf 89' lang='lat' dir='ltr'>et</span> <span class='ocrx_word' id='word_1_404' title='bbox 3222 1961 3518 2019; x_wconf 90' lang='lat' dir='ltr'>immundi</span> <span class='ocrx_word' id='word_1_405' title='bbox 3542 1965 3748 2037; x_wconf 89' lang='lat' dir='ltr'>populi</span> 
     </span>
    </p>
   </div>
   <div class='ocr_carea' id='block_1_50' title="bbox 2086 2045 3749 2125">
    <p class='ocr_par' dir='ltr' id='par_1_50' title="bbox 2086 2045 3749 2125">
     <span class='ocr_line' id='line_1_50' title="bbox 2086 2045 3749 2125; baseline 0.007 -24"><span class='ocrx_word' id='word_1_406' title='bbox 2086 2045 2446 2101; x_wconf 87' lang='lat' dir='ltr'>consortium</span> <span class='ocrx_word' id='word_1_407' title='bbox 2463 2050 2636 2119; x_wconf 90' lang='lat' dir='ltr'>atque</span> <span class='ocrx_word' id='word_1_408' title='bbox 2650 2047 2979 2104; x_wconf 88' lang='lat' dir='ltr'>convictum</span> <span class='ocrx_word' id='word_1_409' title='bbox 2995 2049 3229 2122; x_wconf 90' lang='lat' dir='ltr'>penitus</span> <span class='ocrx_word' id='word_1_410' title='bbox 3240 2051 3749 2125; x_wconf 59' lang='lat' dir='ltr'>vitandumjuxta</span> 
     </span>
    </p>
   </div>
   <div class='ocr_carea' id='block_1_51' title="bbox 2085 2135 3747 2210">
    <p class='ocr_par' dir='ltr' id='par_1_51' title="bbox 2085 2135 3747 2210">
     <span class='ocr_line' id='line_1_51' title="bbox 2085 2135 3747 2210; baseline 0.005 -19"><span class='ocrx_word' id='word_1_411' title='bbox 2085 2136 2492 2191; x_wconf 85' lang='lat' dir='ltr'>auctoritatem</span> <span class='ocrx_word' id='word_1_412' title='bbox 2526 2135 2963 2210; x_wconf 91' lang='lat' dir='ltr'>Scripturarum</span> <span class='ocrx_word' id='word_1_413' title='bbox 2993 2139 3219 2195; x_wconf 89' lang='lat' dir='ltr'>Veteris</span> <span class='ocrx_word' id='word_1_414' title='bbox 3249 2157 3317 2196; x_wconf 90' lang='lat' dir='ltr'>ac</span> <span class='ocrx_word' id='word_1_415' title='bbox 3348 2140 3491 2196; x_wconf 91' lang='lat' dir='ltr'>Novi</span> <span class='ocrx_word' id='word_1_416' title='bbox 3539 2143 3747 2199; x_wconf 83' lang='lat' dir='ltr'>Testa-</span> 
     </span>
    </p>
   </div>
   <div class='ocr_carea' id='block_1_52' title="bbox 2084 2215 3745 2302">
    <p class='ocr_par' dir='ltr' id='par_1_52' title="bbox 2084 2215 3745 2302">
     <span class='ocr_line' id='line_1_52' title="bbox 2084 2215 3745 2302; baseline 0.005 -22"><span class='ocrx_word' id='word_1_417' title='bbox 2084 2225 2267 2280; x_wconf 89' lang='lat' dir='ltr'>menti</span> <span class='ocrx_word' id='word_1_418' title='bbox 2289 2225 2611 2281; x_wconf 86' lang='lat' dir='ltr'>instituunt</span> <span class='ocrx_word' id='word_1_419' title='bbox 2631 2244 2738 2283; x_wconf 84' lang='lat' dir='ltr'>nos</span> <span class='ocrx_word' id='word_1_420' title='bbox 2759 2215 2937 2299; x_wconf 86' lang='lat' dir='ltr'>atque</span> <span class='ocrx_word' id='word_1_421' title='bbox 2950 2228 3364 2302; x_wconf 90' lang='lat' dir='ltr'>constringunt</span> <span class='ocrx_word' id='word_1_422' title='bbox 3382 2229 3745 2287; x_wconf 88' lang='lat' dir='ltr'>sanctissimi</span> 
     </span>
    </p>
   </div>
   <div class='ocr_carea' id='block_1_53' title="bbox 2084 2313 3741 2390">
    <p class='ocr_par' dir='ltr' id='par_1_53' title="bbox 2084 2313 3741 2390">
     <span class='ocr_line' id='line_1_53' title="bbox 2084 2313 3741 2390; baseline 0.004 -21"><span class='ocrx_word' id='word_1_423' title='bbox 2084 2318 2142 2369; x_wconf 89' lang='lat' dir='ltr'>et</span> <span class='ocrx_word' id='word_1_424' title='bbox 2165 2313 2489 2369; x_wconf 87' lang='lat' dir='ltr'>beatissimi</span> <span class='ocrx_word' id='word_1_425' title='bbox 2544 2319 2757 2386; x_wconf 89' lang='lat' dir='ltr'>patres,</span> <span class='ocrx_word' id='word_1_426' title='bbox 2792 2320 2849 2371; x_wconf 91' lang='lat' dir='ltr'>et</span> <span class='ocrx_word' id='word_1_427' title='bbox 2894 2321 3147 2373; x_wconf 90' lang='lat' dir='ltr'>rectores</span> <span class='ocrx_word' id='word_1_428' title='bbox 3185 2317 3578 2375; x_wconf 89' lang='lat' dir='ltr'>Ecclesiarum</span> <span class='ocrx_word' id='word_1_429' title='bbox 3614 2320 3741 2390; x_wconf 89' lang='lat' dir='ltr'>Dei,</span> 
     </span>
    </p>
   </div>
   <div class='ocr_carea' id='block_1_54' title="bbox 2083 2402 3743 2481">
    <p class='ocr_par' dir='ltr' id='par_1_54' title="bbox 2083 2402 3743 2481">
     <span class='ocr_line' id='line_1_54' title="bbox 2083 2402 3743 2481; baseline 0.004 -22"><span class='ocrx_word' id='word_1_430' title='bbox 2083 2403 2209 2459; x_wconf 89' lang='lat' dir='ltr'>suis</span> <span class='ocrx_word' id='word_1_431' title='bbox 2257 2402 2538 2475; x_wconf 80' lang='lat' dir='ltr'>exemplis</span> <span class='ocrx_word' id='word_1_432' title='bbox 2583 2409 2640 2459; x_wconf 90' lang='lat' dir='ltr'>et</span> <span class='ocrx_word' id='word_1_433' title='bbox 2696 2405 3078 2477; x_wconf 79' lang='lat' dir='ltr'>synodalibus</span> <span class='ocrx_word' id='word_1_434' title='bbox 3130 2407 3399 2475; x_wconf 89' lang='lat' dir='ltr'>decretis,</span> <span class='ocrx_word' id='word_1_435' title='bbox 3434 2424 3562 2480; x_wconf 71' lang='lat' dir='ltr'>qua:</span> <span class='ocrx_word' id='word_1_436' title='bbox 3610 2410 3743 2481; x_wconf 89' lang='lat' dir='ltr'>jam</span> 
     </span>
    </p>
   </div>
   <div class='ocr_carea' id='block_1_55' title="bbox 2080 2492 3740 2554">
    <p class='ocr_par' dir='ltr' id='par_1_55' title="bbox 2080 2492 3740 2554">
     <span class='ocr_line' id='line_1_55' title="bbox 2080 2492 3740 2554; baseline 0.005 -8"><span class='ocrx_word' id='word_1_437' title='bbox 2080 2492 2332 2547; x_wconf 85' lang='lat' dir='ltr'>breviter</span> <span class='ocrx_word' id='word_1_438' title='bbox 2360 2493 2698 2549; x_wconf 85' lang='lat' dir='ltr'>adnotanda</span> <span class='ocrx_word' id='word_1_439' title='bbox 2719 2499 2777 2550; x_wconf 89' lang='lat' dir='ltr'>et</span> <span class='ocrx_word' id='word_1_440' title='bbox 2807 2494 3157 2551; x_wconf 88' lang='lat' dir='ltr'>sacerdotali</span> <span class='ocrx_word' id='word_1_441' title='bbox 3180 2495 3374 2551; x_wconf 90' lang='lat' dir='ltr'>studio</span> <span class='ocrx_word' id='word_1_442' title='bbox 3390 2495 3450 2551; x_wconf 90' lang='lat' dir='ltr'>in</span> <span class='ocrx_word' id='word_1_443' title='bbox 3472 2498 3740 2554; x_wconf 88' lang='lat' dir='ltr'>omnium</span> 
     </span>
    </p>
   </div>
   <div class='ocr_carea' id='block_1_56' title="bbox 2082 2580 3746 2654">
    <p class='ocr_par' dir='ltr' id='par_1_56' title="bbox 2082 2580 3746 2654">
     <span class='ocr_line' id='line_1_56' title="bbox 2082 2580 3746 2654; baseline 0.005 -20"><span class='ocrx_word' id='word_1_444' title='bbox 2082 2580 2350 2636; x_wconf 89' lang='lat' dir='ltr'>notitiam</span> <span class='ocrx_word' id='word_1_445' title='bbox 2400 2582 2698 2638; x_wconf 91' lang='lat' dir='ltr'>credimus</span> <span class='ocrx_word' id='word_1_446' title='bbox 2747 2584 3143 2654; x_wconf 89' lang='lat' dir='ltr'>perducenda.</span> <span class='ocrx_word' id='word_1_447' title='bbox 3179 2585 3393 2642; x_wconf 86' lang='lat' dir='ltr'>Beatus</span> <span class='ocrx_word' id='word_1_448' title='bbox 3442 2587 3746 2644; x_wconf 80' lang='lat' dir='ltr'>confessor</span> 
     </span>
    </p>
   </div>
   <div class='ocr_carea' id='block_1_57' title="bbox 2081 2670 3741 2745">
    <p class='ocr_par' dir='ltr' id='par_1_57' title="bbox 2081 2670 3741 2745">
     <span class='ocr_line' id='line_1_57' title="bbox 2081 2670 3741 2745; baseline 0.004 -21"><span class='ocrx_word' id='word_1_449' title='bbox 2081 2670 2358 2737; x_wconf 87' lang='lat' dir='ltr'>Hilarius,</span> <span class='ocrx_word' id='word_1_450' title='bbox 2395 2688 2575 2743; x_wconf 91' lang='lat' dir='ltr'>quam</span> <span class='ocrx_word' id='word_1_451' title='bbox 2609 2676 2829 2727; x_wconf 87' lang='lat' dir='ltr'>attente</span> <span class='ocrx_word' id='word_1_452' title='bbox 2858 2673 3199 2728; x_wconf 66' lang='lat' dir='ltr'>Judaaorum</span> <span class='ocrx_word' id='word_1_453' title='bbox 3249 2690 3480 2745; x_wconf 86' lang='lat' dir='ltr'>semper</span> <span class='ocrx_word' id='word_1_454' title='bbox 3516 2678 3573 2729; x_wconf 89' lang='lat' dir='ltr'>et</span> <span class='ocrx_word' id='word_1_455' title='bbox 3620 2675 3741 2731; x_wconf 62' lang='lat' dir='ltr'>hai-</span> 
     </span>
    </p>
   </div>
   <div class='ocr_carea' id='block_1_58' title="bbox 2079 2759 3740 2836">
    <p class='ocr_par' dir='ltr' id='par_1_58' title="bbox 2079 2759 3740 2836">
     <span class='ocr_line' id='line_1_58' title="bbox 2079 2759 3740 2836; baseline 0.004 -22"><span class='ocrx_word' id='word_1_456' title='bbox 2079 2759 2395 2815; x_wconf 90' lang='lat' dir='ltr'>reticorum</span> <span class='ocrx_word' id='word_1_457' title='bbox 2428 2761 2768 2817; x_wconf 87' lang='lat' dir='ltr'>devitaverit</span> <span class='ocrx_word' id='word_1_458' title='bbox 2816 2762 3062 2834; x_wconf 88' lang='lat' dir='ltr'>profana</span> <span class='ocrx_word' id='word_1_459' title='bbox 3096 2762 3412 2831; x_wconf 90' lang='lat' dir='ltr'>consortia,</span> <span class='ocrx_word' id='word_1_460' title='bbox 3442 2762 3561 2819; x_wconf 88' lang='lat' dir='ltr'>vita</span> <span class='ocrx_word' id='word_1_461' title='bbox 3607 2765 3740 2836; x_wconf 88' lang='lat' dir='ltr'>ejus</span> 
     </span>
    </p>
   </div>
   <div class='ocr_carea' id='block_1_59' title="bbox 2079 2848 3741 2923">
    <p class='ocr_par' dir='ltr' id='par_1_59' title="bbox 2079 2848 3741 2923">
     <span class='ocr_line' id='line_1_59' title="bbox 2079 2848 3741 2923; baseline 0.004 -21"><span class='ocrx_word' id='word_1_462' title='bbox 2079 2848 2299 2920; x_wconf 90' lang='lat' dir='ltr'>scripta</span> <span class='ocrx_word' id='word_1_463' title='bbox 2344 2848 2754 2904; x_wconf 88' lang='lat' dir='ltr'>demonstrat:</span> <span class='ocrx_word' id='word_1_464' title='bbox 2790 2850 2946 2922; x_wconf 89' lang='lat' dir='ltr'>quod</span> <span class='ocrx_word' id='word_1_465' title='bbox 2999 2848 3082 2905; x_wconf 89' lang='lat' dir='ltr'>ita</span> <span class='ocrx_word' id='word_1_466' title='bbox 3123 2849 3347 2906; x_wconf 91' lang='lat' dir='ltr'>scilicet</span> <span class='ocrx_word' id='word_1_467' title='bbox 3393 2851 3741 2923; x_wconf 88' lang='lat' dir='ltr'>hujusmodi</span> 
     </span>
    </p>
   </div>
   <div class='ocr_carea' id='block_1_60' title="bbox 2078 2936 3741 3006">
    <p class='ocr_par' dir='ltr' id='par_1_60' title="bbox 2078 2936 3741 3006">
     <span class='ocr_line' id='line_1_60' title="bbox 2078 2936 3741 3006; baseline 0.003 -15"><span class='ocrx_word' id='word_1_468' title='bbox 2078 2936 2280 2992; x_wconf 89' lang='lat' dir='ltr'>hostes</span> <span class='ocrx_word' id='word_1_469' title='bbox 2327 2936 2595 2993; x_wconf 79' lang='lat' dir='ltr'>Ecclesiae</span> <span class='ocrx_word' id='word_1_470' title='bbox 2645 2937 2821 2993; x_wconf 88' lang='lat' dir='ltr'>fuerit</span> <span class='ocrx_word' id='word_1_471' title='bbox 2868 2942 3227 3006; x_wconf 89' lang='lat' dir='ltr'>exsecratus,</span> <span class='ocrx_word' id='word_1_472' title='bbox 3262 2942 3327 2993; x_wconf 92' lang='lat' dir='ltr'>ut</span> <span class='ocrx_word' id='word_1_473' title='bbox 3374 2955 3491 2994; x_wconf 91' lang='lat' dir='ltr'>non</span> <span class='ocrx_word' id='word_1_474' title='bbox 3541 2939 3741 2997; x_wconf 90' lang='lat' dir='ltr'>solum</span> 
     </span>
    </p>
   </div>
   <div class='ocr_carea' id='block_1_61' title="bbox 2077 3025 3737 3099">
    <p class='ocr_par' dir='ltr' id='par_1_61' title="bbox 2077 3025 3737 3099">
     <span class='ocr_line' id='line_1_61' title="bbox 2077 3025 3737 3099; baseline 0.004 -20"><span class='ocrx_word' id='word_1_475' title='bbox 2077 3025 2537 3095; x_wconf 87' lang='lat' dir='ltr'>convivium,sed</span> <span class='ocrx_word' id='word_1_476' title='bbox 2564 3042 2635 3081; x_wconf 90' lang='lat' dir='ltr'>ne</span> <span class='ocrx_word' id='word_1_477' title='bbox 2658 3025 2936 3082; x_wconf 88' lang='lat' dir='ltr'>salutatio</span> <span class='ocrx_word' id='word_1_478' title='bbox 2959 3027 3199 3099; x_wconf 90' lang='lat' dir='ltr'>quidem</span> <span class='ocrx_word' id='word_1_479' title='bbox 3220 3026 3272 3082; x_wconf 89' lang='lat' dir='ltr'>ei</span> <span class='ocrx_word' id='word_1_480' title='bbox 3291 3027 3577 3084; x_wconf 88' lang='lat' dir='ltr'>exstiterit</span> <span class='ocrx_word' id='word_1_481' title='bbox 3596 3046 3737 3085; x_wconf 91' lang='lat' dir='ltr'>cum</span> 
     </span>
    </p>
   </div>
   <div class='ocr_carea' id='block_1_62' title="bbox 2077 3114 3740 3187">
    <p class='ocr_par' dir='ltr' id='par_1_62' title="bbox 2077 3114 3740 3187">
     <span class='ocr_line' id='line_1_62' title="bbox 2077 3114 3740 3187; baseline 0.003 -18"><span class='ocrx_word' id='word_1_482' title='bbox 2077 3114 2168 3169; x_wconf 89' lang='lat' dir='ltr'>his</span> <span class='ocrx_word' id='word_1_483' title='bbox 2199 3114 2569 3187; x_wconf 67' lang='lat' dir='ltr'>praetereunti</span> <span class='ocrx_word' id='word_1_484' title='bbox 2601 3115 2954 3171; x_wconf 89' lang='lat' dir='ltr'>communis.</span> <span class='ocrx_word' id='word_1_485' title='bbox 2989 3117 3110 3181; x_wconf 89' lang='lat' dir='ltr'>Quo</span> <span class='ocrx_word' id='word_1_486' title='bbox 3158 3115 3310 3171; x_wconf 87' lang='lat' dir='ltr'>facto</span> <span class='ocrx_word' id='word_1_487' title='bbox 3356 3116 3444 3171; x_wconf 93' lang='lat' dir='ltr'>vir</span> <span class='ocrx_word' id='word_1_488' title='bbox 3493 3122 3740 3176; x_wconf 87' lang='lat' dir='ltr'>sanctus</span> 
     </span>
    </p>
   </div>
   <div class='ocr_carea' id='block_1_63' title="bbox 2076 3203 3732 3277">
    <p class='ocr_par' dir='ltr' id='par_1_63' title="bbox 2076 3203 3732 3277">
     <span class='ocr_line' id='line_1_63' title="bbox 2076 3203 3732 3277; baseline 0.004 -19"><span class='ocrx_word' id='word_1_489' title='bbox 2076 3203 2221 3259; x_wconf 90' lang='lat' dir='ltr'>illud</span> <span class='ocrx_word' id='word_1_490' title='bbox 2251 3204 2453 3277; x_wconf 89' lang='lat' dir='ltr'>utique</span> <span class='ocrx_word' id='word_1_491' title='bbox 2484 3204 2876 3276; x_wconf 89' lang='lat' dir='ltr'>apostolicum</span> <span class='ocrx_word' id='word_1_492' title='bbox 2908 3205 3290 3260; x_wconf 87' lang='lat' dir='ltr'>observabat:</span> <span class='ocrx_word' id='word_1_493' title='bbox 3323 3227 3349 3259; x_wconf 76' lang='grc' dir='ltr'>ιι</span> <span class='ocrx_word' id='word_1_494' title='bbox 3368 3206 3438 3260; x_wconf 91' lang='lat' dir='ltr'>Et</span> <span class='ocrx_word' id='word_1_495' title='bbox 3468 3223 3540 3261; x_wconf 90' lang='lat' dir='ltr'>ne</span> <span class='ocrx_word' id='word_1_496' title='bbox 3569 3206 3732 3264; x_wconf 82' lang='lat' dir='ltr'>dixe-</span> 
     </span>
    </p>
   </div>
   <div class='ocr_carea' id='block_1_64' title="bbox 2087 3292 3738 3366">
    <p class='ocr_par' dir='ltr' id='par_1_64' title="bbox 2087 3292 3738 3366">
     <span class='ocr_line' id='line_1_64' title="bbox 2087 3292 3738 3366; baseline 0.005 -21"><span class='ocrx_word' id='word_1_497' title='bbox 2087 3314 2112 3345; x_wconf 79' lang='grc' dir='ltr'><strong><em>α</em></strong></span> <span class='ocrx_word' id='word_1_498' title='bbox 2145 3293 2273 3349; x_wconf 88' lang='lat' dir='ltr'>ritis</span> <span class='ocrx_word' id='word_1_499' title='bbox 2307 3293 2387 3348; x_wconf 92' lang='lat' dir='ltr'>illi</span> <span class='ocrx_word' id='word_1_500' title='bbox 2418 3310 2519 3349; x_wconf 90' lang='lat' dir='ltr'>ave</span> <span class='ocrx_word' id='word_1_501' title='bbox 2553 3310 2566 3347; x_wconf 89' lang='lat'><strong>:</strong></span> <span class='ocrx_word' id='word_1_502' title='bbox 2601 3293 2701 3366; x_wconf 92' lang='lat' dir='ltr'>qui</span> <span class='ocrx_word' id='word_1_503' title='bbox 2741 3293 2900 3349; x_wconf 89' lang='lat' dir='ltr'>enim</span> <span class='ocrx_word' id='word_1_504' title='bbox 2935 3292 3080 3350; x_wconf 90' lang='lat' dir='ltr'>dicit</span> <span class='ocrx_word' id='word_1_505' title='bbox 3107 3292 3158 3349; x_wconf 92' lang='lat' dir='ltr'>ei</span> <span class='ocrx_word' id='word_1_506' title='bbox 3192 3311 3313 3363; x_wconf 90' lang='lat' dir='ltr'>ave,</span> <span class='ocrx_word' id='word_1_507' title='bbox 3334 3296 3738 3353; x_wconf 87' lang='lat' dir='ltr'>communicat</span> 
     </span>
    </p>
   </div>
   <div class='ocr_carea' id='block_1_65' title="bbox 306 3365 3441 3458">
    <p class='ocr_par' dir='ltr' id='par_1_65' title="bbox 306 3365 3441 3458">
     <span class='ocr_line' id='line_1_65' title="bbox 306 3365 3441 3458; baseline -0.001 -17"><span class='ocrx_word' id='word_1_508' title='bbox 306 3386 422 3442; x_wconf 80' lang='lat' dir='ltr'>fide</span> <span class='ocrx_word' id='word_1_509' title='bbox 449 3384 819 3441; x_wconf 77' lang='lat' dir='ltr'>vivificantur</span> <span class='ocrx_word' id='word_1_510' title='bbox 856 3389 914 3440; x_wconf 90' lang='lat' dir='ltr'>et</span> <span class='ocrx_word' id='word_1_511' title='bbox 941 3387 1170 3457; x_wconf 90' lang='lat' dir='ltr'>possint</span> <span class='ocrx_word' id='word_1_512' title='bbox 1213 3386 1404 3442; x_wconf 88' lang='lat' dir='ltr'>dicere</span> <span class='ocrx_word' id='word_1_513' title='bbox 1454 3403 1589 3441; x_wconf 90' lang='lat' dir='ltr'>cum</span> <span class='ocrx_word' id='word_1_514' title='bbox 1628 3386 1913 3458; x_wconf 89' lang='lat' dir='ltr'>propheta</span> <span class='ocrx_word' id='word_1_515' title='bbox 1946 3405 1959 3443; x_wconf 91' lang='lat'>:</span> <span class='ocrx_word' id='word_1_516' title='bbox 1993 3365 2036 3433; x_wconf 77' lang='lat' dir='ltr'>C</span> <span class='ocrx_word' id='word_1_517' title='bbox 2085 3404 2110 3435; x_wconf 74' lang='grc' dir='ltr'>α</span> <span class='ocrx_word' id='word_1_518' title='bbox 2139 3383 2416 3454; x_wconf 88' lang='lat' dir='ltr'>operibus</span> <span class='ocrx_word' id='word_1_519' title='bbox 2446 3383 2571 3438; x_wconf 89' lang='lat' dir='ltr'>suis</span> <span class='ocrx_word' id='word_1_520' title='bbox 2602 3381 2879 3455; x_wconf 89' lang='lat' dir='ltr'>malignis</span> <span class='ocrx_word' id='word_1_521' title='bbox 2910 3382 2983 3454; x_wconf 89' lang='lat' dir='ltr'>(II</span> <span class='ocrx_word' id='word_1_522' title='bbox 3009 3384 3163 3439; x_wconf 84' lang='lat' dir='ltr'>Joan.</span> <span class='ocrx_word' id='word_1_523' title='bbox 3199 3400 3238 3451; x_wconf 81' lang='grc' dir='ltr'>ι,</span> <span class='ocrx_word' id='word_1_524' title='bbox 3273 3383 3380 3454; x_wconf 94' lang='grc'>11).</span> <span class='ocrx_word' id='word_1_525' title='bbox 3414 3402 3441 3434; x_wconf 78' lang='lat' dir='ltr'>n</span> 
     </span>
    </p>
   </div>
   <div class='ocr_carea' id='block_1_66' title="bbox 312 3472 1963 3544">
    <p class='ocr_par' dir='ltr' id='par_1_66' title="bbox 312 3472 1963 3544">
     <span class='ocr_line' id='line_1_66' title="bbox 312 3472 1963 3544; baseline 0.005 -20"><span class='ocrx_word' id='word_1_526' title='bbox 312 3495 335 3524; x_wconf 80' lang='grc' dir='ltr'>ι</span> <span class='ocrx_word' id='word_1_527' title='bbox 367 3472 701 3529; x_wconf 88' lang='lat' dir='ltr'>Vivificabit</span> <span class='ocrx_word' id='word_1_528' title='bbox 721 3489 828 3528; x_wconf 91' lang='lat' dir='ltr'>nos</span> <span class='ocrx_word' id='word_1_529' title='bbox 849 3477 983 3544; x_wconf 92' lang='lat' dir='ltr'>post</span> <span class='ocrx_word' id='word_1_530' title='bbox 1002 3475 1150 3530; x_wconf 92' lang='lat' dir='ltr'>duos</span> <span class='ocrx_word' id='word_1_531' title='bbox 1171 3474 1385 3542; x_wconf 90' lang='lat' dir='ltr'>dies,in</span> <span class='ocrx_word' id='word_1_532' title='bbox 1403 3474 1495 3530; x_wconf 92' lang='lat' dir='ltr'>die</span> <span class='ocrx_word' id='word_1_533' title='bbox 1518 3474 1689 3529; x_wconf 87' lang='lat' dir='ltr'>tertia</span> <span class='ocrx_word' id='word_1_534' title='bbox 1709 3475 1963 3532; x_wconf 90' lang='lat' dir='ltr'>suscita-</span> 
     </span>
    </p>
   </div>
   <div class='ocr_carea' id='block_1_67' title="bbox 312 3560 1963 3635">
    <p class='ocr_par' dir='ltr' id='par_1_67' title="bbox 312 3560 1963 3635">
     <span class='ocr_line' id='line_1_67' title="bbox 312 3560 1963 3635; baseline 0.004 -22"><span class='ocrx_word' id='word_1_535' title='bbox 312 3583 341 3613; x_wconf 82' lang='grc'>‹‹</span> <span class='ocrx_word' id='word_1_536' title='bbox 372 3560 459 3617; x_wconf 87' lang='lat' dir='ltr'>bit</span> <span class='ocrx_word' id='word_1_537' title='bbox 479 3577 586 3616; x_wconf 88' lang='lat' dir='ltr'>nos</span> <span class='ocrx_word' id='word_1_538' title='bbox 615 3560 757 3633; x_wconf 69' lang='lat' dir='ltr'>(03c.</span> <span class='ocrx_word' id='word_1_539' title='bbox 781 3579 859 3628; x_wconf 73' lang='lat' dir='ltr'>v1,</span> <span class='ocrx_word' id='word_1_540' title='bbox 875 3563 986 3630; x_wconf 68' lang='lat'>3),:</span> <span class='ocrx_word' id='word_1_541' title='bbox 1024 3580 1213 3635; x_wconf 88' lang='lat' dir='ltr'>usque</span> <span class='ocrx_word' id='word_1_542' title='bbox 1234 3563 1407 3619; x_wconf 89' lang='lat' dir='ltr'>hodie</span> <span class='ocrx_word' id='word_1_543' title='bbox 1431 3563 1599 3635; x_wconf 90' lang='lat' dir='ltr'>quasi</span> <span class='ocrx_word' id='word_1_544' title='bbox 1622 3564 1681 3618; x_wconf 90' lang='lat' dir='ltr'>in</span> <span class='ocrx_word' id='word_1_545' title='bbox 1703 3564 1963 3634; x_wconf 82' lang='lat' dir='ltr'>patibula</span> 
     </span>
    </p>
   </div>
   <div class='ocr_carea' id='block_1_68' title="bbox 308 3650 1961 3725">
    <p class='ocr_par' dir='ltr' id='par_1_68' title="bbox 308 3650 1961 3725">
     <span class='ocr_line' id='line_1_68' title="bbox 308 3650 1961 3725; baseline 0 -16"><span class='ocrx_word' id='word_1_546' title='bbox 308 3667 661 3725; x_wconf 87' lang='lat' dir='ltr'>suspensam</span> <span class='ocrx_word' id='word_1_547' title='bbox 694 3650 959 3707; x_wconf 87' lang='lat' dir='ltr'>irrident.</span> <span class='ocrx_word' id='word_1_548' title='bbox 996 3652 1157 3707; x_wconf 90' lang='lat' dir='ltr'>Unde</span> <span class='ocrx_word' id='word_1_549' title='bbox 1180 3656 1239 3708; x_wconf 90' lang='lat' dir='ltr'>et</span> <span class='ocrx_word' id='word_1_550' title='bbox 1265 3651 1326 3707; x_wconf 90' lang='lat' dir='ltr'>in</span> <span class='ocrx_word' id='word_1_551' title='bbox 1356 3655 1559 3708; x_wconf 89' lang='lat' dir='ltr'>nostra</span> <span class='ocrx_word' id='word_1_552' title='bbox 1587 3653 1842 3709; x_wconf 88' lang='lat' dir='ltr'>editione</span> <span class='ocrx_word' id='word_1_553' title='bbox 1872 3670 1961 3709; x_wconf 82' lang='lat' dir='ltr'>re-</span> 
     </span>
    </p>
   </div>
   <div class='ocr_carea' id='block_1_69' title="bbox 303 3738 1960 3815">
    <p class='ocr_par' dir='ltr' id='par_1_69' title="bbox 303 3738 1960 3815">
     <span class='ocr_line' id='line_1_69' title="bbox 303 3738 1960 3815; baseline 0.001 -18"><span class='ocrx_word' id='word_1_554' title='bbox 303 3745 391 3798; x_wconf 91' lang='lat' dir='ltr'>cte</span> <span class='ocrx_word' id='word_1_555' title='bbox 421 3738 777 3797; x_wconf 87' lang='lat' dir='ltr'>translatum</span> <span class='ocrx_word' id='word_1_556' title='bbox 810 3745 901 3797; x_wconf 89' lang='lat' dir='ltr'>est</span> <span class='ocrx_word' id='word_1_557' title='bbox 932 3757 946 3796; x_wconf 88' lang='lat'><strong>:</strong></span> <span class='ocrx_word' id='word_1_558' title='bbox 981 3742 1052 3798; x_wconf 91' lang='lat' dir='ltr'>Et</span> <span class='ocrx_word' id='word_1_559' title='bbox 1081 3741 1191 3797; x_wconf 89' lang='lat' dir='ltr'>erit</span> <span class='ocrx_word' id='word_1_560' title='bbox 1217 3740 1335 3797; x_wconf 87' lang='lat' dir='ltr'>vita</span> <span class='ocrx_word' id='word_1_561' title='bbox 1364 3745 1468 3797; x_wconf 90' lang='lat' dir='ltr'>tua</span> <span class='ocrx_word' id='word_1_562' title='bbox 1496 3741 1665 3814; x_wconf 89' lang='lat' dir='ltr'>quasi</span> <span class='ocrx_word' id='word_1_563' title='bbox 1708 3759 1960 3815; x_wconf 89' lang='lat' dir='ltr'>suspen-</span> 
     </span>
    </p>
   </div>
   <div class='ocr_carea' id='block_1_70' title="bbox 302 3830 1958 3903">
    <p class='ocr_par' dir='ltr' id='par_1_70' title="bbox 302 3830 1958 3903">
     <span class='ocr_line' id='line_1_70' title="bbox 302 3830 1958 3903; baseline 0 -15"><span class='ocrx_word' id='word_1_564' title='bbox 302 3832 451 3888; x_wconf 90' lang='lat' dir='ltr'>dens</span> <span class='ocrx_word' id='word_1_565' title='bbox 481 3833 615 3886; x_wconf 91' lang='lat' dir='ltr'>ante</span> <span class='ocrx_word' id='word_1_566' title='bbox 646 3834 723 3899; x_wconf 91' lang='lat' dir='ltr'>te,</span> <span class='ocrx_word' id='word_1_567' title='bbox 756 3830 1032 3886; x_wconf 89' lang='lat' dir='ltr'>videlicet</span> <span class='ocrx_word' id='word_1_568' title='bbox 1061 3830 1203 3903; x_wconf 88' lang='lat' dir='ltr'>quia</span> <span class='ocrx_word' id='word_1_569' title='bbox 1239 3830 1565 3903; x_wconf 85' lang='lat' dir='ltr'>ignominia</span> <span class='ocrx_word' id='word_1_570' title='bbox 1586 3830 1797 3902; x_wconf 90' lang='lat' dir='ltr'>crucis,</span> <span class='ocrx_word' id='word_1_571' title='bbox 1831 3849 1958 3903; x_wconf 63' lang='lat' dir='ltr'>quae</span> 
     </span>
    </p>
   </div>
   <div class='ocr_carea' id='block_1_71' title="bbox 298 3918 1957 3993">
    <p class='ocr_par' dir='ltr' id='par_1_71' title="bbox 298 3918 1957 3993">
     <span class='ocr_line' id='line_1_71' title="bbox 298 3918 1957 3993; baseline 0 -18"><span class='ocrx_word' id='word_1_572' title='bbox 298 3920 358 3977; x_wconf 91' lang='lat' dir='ltr'>in</span> <span class='ocrx_word' id='word_1_573' title='bbox 379 3919 610 3978; x_wconf 86' lang='lat' dir='ltr'>Christo</span> <span class='ocrx_word' id='word_1_574' title='bbox 630 3937 664 3975; x_wconf 91' lang='lat' dir='ltr'>a</span> <span class='ocrx_word' id='word_1_575' title='bbox 686 3920 937 3975; x_wconf 90' lang='lat' dir='ltr'>mortuis</span> <span class='ocrx_word' id='word_1_576' title='bbox 958 3924 1302 3993; x_wconf 88' lang='lat' dir='ltr'>resurgente</span> <span class='ocrx_word' id='word_1_577' title='bbox 1311 3921 1437 3991; x_wconf 90' lang='lat' dir='ltr'>jam</span> <span class='ocrx_word' id='word_1_578' title='bbox 1462 3918 1767 3992; x_wconf 85' lang='lat' dir='ltr'>praeteriit;</span> <span class='ocrx_word' id='word_1_579' title='bbox 1802 3921 1957 3991; x_wconf 86' lang='lat' dir='ltr'>apud</span> 
     </span>
    </p>
   </div>
   <div class='ocr_carea' id='block_1_72' title="bbox 297 4009 1959 4082">
    <p class='ocr_par' dir='ltr' id='par_1_72' title="bbox 297 4009 1959 4082">
     <span class='ocr_line' id='line_1_72' title="bbox 297 4009 1959 4082; baseline -0.002 -15"><span class='ocrx_word' id='word_1_580' title='bbox 297 4010 547 4067; x_wconf 90' lang='lat' dir='ltr'>istorum</span> <span class='ocrx_word' id='word_1_581' title='bbox 576 4010 941 4082; x_wconf 88' lang='lat' dir='ltr'>impietatem</span> <span class='ocrx_word' id='word_1_582' title='bbox 973 4014 1029 4066; x_wconf 89' lang='lat' dir='ltr'>et</span> <span class='ocrx_word' id='word_1_583' title='bbox 1059 4009 1587 4081; x_wconf 80' lang='lat' dir='ltr'>caecitatem,quasi</span> <span class='ocrx_word' id='word_1_584' title='bbox 1611 4009 1803 4064; x_wconf 89' lang='lat' dir='ltr'>adhuc</span> <span class='ocrx_word' id='word_1_585' title='bbox 1835 4026 1959 4082; x_wconf 88' lang='lat' dir='ltr'>per-</span> 
     </span>
    </p>
   </div>
   <div class='ocr_carea' id='block_1_73' title="bbox 294 4096 1958 4170">
    <p class='ocr_par' dir='ltr' id='par_1_73' title="bbox 294 4096 1958 4170">
     <span class='ocr_line' id='line_1_73' title="bbox 294 4096 1958 4170; baseline -0.001 -15"><span class='ocrx_word' id='word_1_586' title='bbox 294 4102 533 4156; x_wconf 88' lang='lat' dir='ltr'>maneat</span> <span class='ocrx_word' id='word_1_587' title='bbox 561 4098 857 4155; x_wconf 89' lang='lat' dir='ltr'>irridetur.</span> <span class='ocrx_word' id='word_1_588' title='bbox 873 4099 944 4153; x_wconf 88' lang='lat' dir='ltr'>Et</span> <span class='ocrx_word' id='word_1_589' title='bbox 960 4098 1100 4170; x_wconf 90' lang='lat' dir='ltr'>quia</span> <span class='ocrx_word' id='word_1_590' title='bbox 1120 4097 1532 4169; x_wconf 88' lang='lat' dir='ltr'>isti,tanquam</span> <span class='ocrx_word' id='word_1_591' title='bbox 1556 4096 1705 4152; x_wconf 90' lang='lat' dir='ltr'>rami</span> <span class='ocrx_word' id='word_1_592' title='bbox 1726 4101 1958 4153; x_wconf 88' lang='lat' dir='ltr'>natura-</span> 
     </span>
    </p>
   </div>
   <div class='ocr_carea' id='block_1_74' title="bbox 295 4185 1954 4258">
    <p class='ocr_par' dir='ltr' id='par_1_74' title="bbox 295 4185 1954 4258">
     <span class='ocr_line' id='line_1_74' title="bbox 295 4185 1954 4258; baseline -0.001 -15"><span class='ocrx_word' id='word_1_593' title='bbox 295 4186 401 4257; x_wconf 85' lang='lat' dir='ltr'>les,</span> <span class='ocrx_word' id='word_1_594' title='bbox 433 4186 936 4258; x_wconf 88' lang='lat' dir='ltr'>degeneraverunt</span> <span class='ocrx_word' id='word_1_595' title='bbox 955 4189 1012 4241; x_wconf 89' lang='lat' dir='ltr'>et</span> <span class='ocrx_word' id='word_1_596' title='bbox 1042 4186 1209 4241; x_wconf 84' lang='lat' dir='ltr'>fracti</span> <span class='ocrx_word' id='word_1_597' title='bbox 1246 4189 1387 4241; x_wconf 90' lang='lat' dir='ltr'>sunt</span> <span class='ocrx_word' id='word_1_598' title='bbox 1413 4202 1448 4240; x_wconf 92' lang='lat' dir='ltr'>a</span> <span class='ocrx_word' id='word_1_599' title='bbox 1476 4185 1671 4241; x_wconf 88' lang='lat' dir='ltr'>radice</span> <span class='ocrx_word' id='word_1_600' title='bbox 1713 4186 1954 4257; x_wconf 87' lang='lat' dir='ltr'>patriar-</span> 
     </span>
    </p>
   </div>
   <div class='ocr_carea' id='block_1_75' title="bbox 294 4272 1952 4346">
    <p class='ocr_par' dir='ltr' id='par_1_75' title="bbox 294 4272 1952 4346">
     <span class='ocr_line' id='line_1_75' title="bbox 294 4272 1952 4346; baseline 0.001 -17"><span class='ocrx_word' id='word_1_601' title='bbox 294 4273 566 4346; x_wconf 88' lang='lat' dir='ltr'>charum,</span> <span class='ocrx_word' id='word_1_602' title='bbox 591 4277 648 4329; x_wconf 90' lang='lat' dir='ltr'>et</span> <span class='ocrx_word' id='word_1_603' title='bbox 677 4273 930 4329; x_wconf 89' lang='lat' dir='ltr'>oleaster</span> <span class='ocrx_word' id='word_1_604' title='bbox 958 4272 1221 4345; x_wconf 88' lang='lat' dir='ltr'>gentium</span> <span class='ocrx_word' id='word_1_605' title='bbox 1252 4273 1510 4328; x_wconf 90' lang='lat' dir='ltr'>insertus</span> <span class='ocrx_word' id='word_1_606' title='bbox 1539 4278 1629 4328; x_wconf 90' lang='lat' dir='ltr'>est</span> <span class='ocrx_word' id='word_1_607' title='bbox 1648 4273 1708 4328; x_wconf 91' lang='lat' dir='ltr'>in</span> <span class='ocrx_word' id='word_1_608' title='bbox 1737 4274 1952 4330; x_wconf 89' lang='lat' dir='ltr'>bonam</span> 
     </span>
    </p>
   </div>
   <div class='ocr_carea' id='block_1_76' title="bbox 294 4361 1948 4434">
    <p class='ocr_par' dir='ltr' id='par_1_76' title="bbox 294 4361 1948 4434">
     <span class='ocr_line' id='line_1_76' title="bbox 294 4361 1948 4434; baseline -0.001 -16"><span class='ocrx_word' id='word_1_609' title='bbox 294 4361 534 4430; x_wconf 90' lang='lat' dir='ltr'>olivam,</span> <span class='ocrx_word' id='word_1_610' title='bbox 567 4361 818 4418; x_wconf 90' lang='lat' dir='ltr'>audiunt</span> <span class='ocrx_word' id='word_1_611' title='bbox 866 4361 1059 4417; x_wconf 91' lang='lat' dir='ltr'>adhuc</span> <span class='ocrx_word' id='word_1_612' title='bbox 1106 4361 1168 4415; x_wconf 91' lang='lat' dir='ltr'>in</span> <span class='ocrx_word' id='word_1_613' title='bbox 1198 4361 1345 4434; x_wconf 89' lang='lat' dir='ltr'>ipsis</span> <span class='ocrx_word' id='word_1_614' title='bbox 1395 4361 1902 4417; x_wconf 86' lang='lat' dir='ltr'>maledictionibus</span> <span class='ocrx_word' id='word_1_615' title='bbox 1936 4380 1948 4417; x_wconf 93' lang='lat'>:</span> 
     </span>
    </p>
   </div>
   <div class='ocr_carea' id='block_1_77' title="bbox 297 4450 1953 4522">
    <p class='ocr_par' dir='ltr' id='par_1_77' title="bbox 297 4450 1953 4522">
     <span class='ocr_line' id='line_1_77' title="bbox 297 4450 1953 4522; baseline 0.004 -22"><span class='ocrx_word' id='word_1_616' title='bbox 297 4472 326 4501; x_wconf 86' lang='grc'><em>‹‹</em></span> <span class='ocrx_word' id='word_1_617' title='bbox 357 4450 594 4506; x_wconf 90' lang='lat' dir='ltr'>Advena</span> <span class='ocrx_word' id='word_1_618' title='bbox 652 4450 754 4522; x_wconf 91' lang='lat' dir='ltr'>qui</span> <span class='ocrx_word' id='word_1_619' title='bbox 804 4454 998 4505; x_wconf 89' lang='lat' dir='ltr'>tecum</span> <span class='ocrx_word' id='word_1_620' title='bbox 1046 4453 1315 4506; x_wconf 86' lang='lat' dir='ltr'>versatur</span> <span class='ocrx_word' id='word_1_621' title='bbox 1362 4450 1420 4504; x_wconf 89' lang='lat' dir='ltr'>in</span> <span class='ocrx_word' id='word_1_622' title='bbox 1470 4453 1642 4517; x_wconf 90' lang='lat' dir='ltr'>terra,</span> <span class='ocrx_word' id='word_1_623' title='bbox 1678 4452 1953 4506; x_wconf 88' lang='lat' dir='ltr'>ascendet</span> 
     </span>
    </p>
   </div>
   <div class='ocr_carea' id='block_1_78' title="bbox 297 4538 1950 4611">
    <p class='ocr_par' dir='ltr' id='par_1_78' title="bbox 297 4538 1950 4611">
     <span class='ocr_line' id='line_1_78' title="bbox 297 4538 1950 4611; baseline 0.001 -17"><span class='ocrx_word' id='word_1_624' title='bbox 297 4561 326 4590; x_wconf 85' lang='lat'><strong><em>«</em></strong></span> <span class='ocrx_word' id='word_1_625' title='bbox 357 4556 539 4611; x_wconf 86' lang='lat' dir='ltr'>supra</span> <span class='ocrx_word' id='word_1_626' title='bbox 565 4543 643 4607; x_wconf 87' lang='lat' dir='ltr'>te,</span> <span class='ocrx_word' id='word_1_627' title='bbox 677 4539 903 4611; x_wconf 89' lang='lat' dir='ltr'>eritque</span> <span class='ocrx_word' id='word_1_628' title='bbox 926 4538 1237 4594; x_wconf 89' lang='lat' dir='ltr'>sublimior</span> <span class='ocrx_word' id='word_1_629' title='bbox 1262 4555 1276 4593; x_wconf 87' lang='lat'><strong>:</strong></span> <span class='ocrx_word' id='word_1_630' title='bbox 1307 4543 1371 4593; x_wconf 92' lang='lat' dir='ltr'>tu</span> <span class='ocrx_word' id='word_1_631' title='bbox 1404 4542 1601 4594; x_wconf 88' lang='lat' dir='ltr'>autem</span> <span class='ocrx_word' id='word_1_632' title='bbox 1632 4539 1950 4595; x_wconf 89' lang='lat' dir='ltr'>descendes</span> 
     </span>
    </p>
   </div>
   <div class='ocr_carea' id='block_1_79' title="bbox 296 4627 1951 4701">
    <p class='ocr_par' dir='ltr' id='par_1_79' title="bbox 296 4627 1951 4701">
     <span class='ocr_line' id='line_1_79' title="bbox 296 4627 1951 4701; baseline 0 -18"><span class='ocrx_word' id='word_1_633' title='bbox 296 4648 325 4677; x_wconf 83' lang='lat'>«</span> <span class='ocrx_word' id='word_1_634' title='bbox 356 4632 414 4683; x_wconf 88' lang='lat' dir='ltr'>et</span> <span class='ocrx_word' id='word_1_635' title='bbox 441 4627 558 4684; x_wconf 88' lang='lat' dir='ltr'>eris</span> <span class='ocrx_word' id='word_1_636' title='bbox 590 4627 832 4683; x_wconf 88' lang='lat' dir='ltr'>inferior</span> <span class='ocrx_word' id='word_1_637' title='bbox 862 4628 1043 4701; x_wconf 82' lang='lat' dir='ltr'>(Deut.</span> <span class='ocrx_word' id='word_1_638' title='bbox 1075 4642 1276 4696; x_wconf 84' lang='lat' dir='ltr'>xxvm,</span> <span class='ocrx_word' id='word_1_639' title='bbox 1309 4628 1396 4695; x_wconf 88' lang='lat'>43,</span> <span class='ocrx_word' id='word_1_640' title='bbox 1434 4628 1540 4699; x_wconf 88' lang='lat'>44).</span> <span class='ocrx_word' id='word_1_641' title='bbox 1578 4649 1605 4676; x_wconf 85' lang='grc'>››</span> <span class='ocrx_word' id='word_1_642' title='bbox 1641 4628 1769 4700; x_wconf 89' lang='lat' dir='ltr'>Ipse</span> <span class='ocrx_word' id='word_1_643' title='bbox 1799 4630 1951 4684; x_wconf 87' lang='lat' dir='ltr'>fene-</span> 
     </span>
    </p>
   </div>
   <div class='ocr_carea' id='block_1_80' title="bbox 2146 3470 3735 3541">
    <p class='ocr_par' dir='ltr' id='par_1_80' title="bbox 2146 3470 3735 3541">
     <span class='ocr_line' id='line_1_80' title="bbox 2146 3470 3735 3541; baseline 0.002 -14"><span class='ocrx_word' id='word_1_644' title='bbox 2146 3471 2289 3527; x_wconf 93' lang='lat' dir='ltr'>LIII.</span> <span class='ocrx_word' id='word_1_645' title='bbox 2320 3473 2400 3527; x_wconf 91' lang='lat' dir='ltr'>De</span> <span class='ocrx_word' id='word_1_646' title='bbox 2430 3475 2633 3528; x_wconf 88' lang='lat' dir='ltr'>sancto</span> <span class='ocrx_word' id='word_1_647' title='bbox 2663 3471 3000 3539; x_wconf 81' lang='lat' dir='ltr'>Ambrosio,</span> <span class='ocrx_word' id='word_1_648' title='bbox 3031 3470 3245 3527; x_wconf 83' lang='lat' dir='ltr'>eximio</span> <span class='ocrx_word' id='word_1_649' title='bbox 3291 3471 3643 3541; x_wconf 89' lang='lat' dir='ltr'>confessore,</span> <span class='ocrx_word' id='word_1_650' title='bbox 3677 3478 3735 3530; x_wconf 90' lang='lat' dir='ltr'>et</span> 
     </span>
    </p>
   </div>
   <div class='ocr_carea' id='block_1_81' title="bbox 2071 3559 3729 3635">
    <p class='ocr_par' dir='ltr' id='par_1_81' title="bbox 2071 3559 3729 3635">
     <span class='ocr_line' id='line_1_81' title="bbox 2071 3559 3729 3635; baseline 0.002 -20"><span class='ocrx_word' id='word_1_651' title='bbox 2071 3564 2192 3616; x_wconf 88' lang='lat' dir='ltr'>tam</span> <span class='ocrx_word' id='word_1_652' title='bbox 2224 3562 2489 3616; x_wconf 87' lang='lat' dir='ltr'>doctrina</span> <span class='ocrx_word' id='word_1_653' title='bbox 2509 3578 2685 3632; x_wconf 88' lang='lat' dir='ltr'>quam</span> <span class='ocrx_word' id='word_1_654' title='bbox 2718 3559 3021 3616; x_wconf 81' lang='lat' dir='ltr'>miraculis</span> <span class='ocrx_word' id='word_1_655' title='bbox 3044 3559 3286 3633; x_wconf 87' lang='lat' dir='ltr'>insigni,</span> <span class='ocrx_word' id='word_1_656' title='bbox 3316 3560 3377 3616; x_wconf 90' lang='lat' dir='ltr'>in</span> <span class='ocrx_word' id='word_1_657' title='bbox 3401 3561 3585 3635; x_wconf 83' lang='lat' dir='ltr'>gestis</span> <span class='ocrx_word' id='word_1_658' title='bbox 3600 3564 3729 3634; x_wconf 88' lang='lat' dir='ltr'>ejus</span> 
     </span>
    </p>
   </div>
   <div class='ocr_carea' id='block_1_82' title="bbox 2069 3648 3725 3722">
    <p class='ocr_par' dir='ltr' id='par_1_82' title="bbox 2069 3648 3725 3722">
     <span class='ocr_line' id='line_1_82' title="bbox 2069 3648 3725 3722; baseline 0.002 -19"><span class='ocrx_word' id='word_1_659' title='bbox 2069 3649 2154 3705; x_wconf 89' lang='lat' dir='ltr'>ita</span> <span class='ocrx_word' id='word_1_660' title='bbox 2206 3649 2490 3722; x_wconf 89' lang='lat' dir='ltr'>scriptum</span> <span class='ocrx_word' id='word_1_661' title='bbox 2534 3654 2623 3705; x_wconf 90' lang='lat' dir='ltr'>est</span> <span class='ocrx_word' id='word_1_662' title='bbox 2644 3650 2939 3719; x_wconf 82' lang='lat' dir='ltr'>(Paulinus</span> <span class='ocrx_word' id='word_1_663' title='bbox 2987 3651 3050 3704; x_wconf 86' lang='lat' dir='ltr'>in</span> <span class='ocrx_word' id='word_1_664' title='bbox 3097 3650 3213 3706; x_wconf 84' lang='lat' dir='ltr'>Vita</span> <span class='ocrx_word' id='word_1_665' title='bbox 3230 3648 3287 3704; x_wconf 92' lang='lat' dir='ltr'>S.</span> <span class='ocrx_word' id='word_1_666' title='bbox 3322 3650 3530 3720; x_wconf 84' lang='lat' dir='ltr'>Ambr.)</span> <span class='ocrx_word' id='word_1_667' title='bbox 3564 3667 3635 3705; x_wconf 88' lang='lat'>:«</span> <span class='ocrx_word' id='word_1_668' title='bbox 3663 3652 3725 3708; x_wconf 89' lang='lat' dir='ltr'>In</span> 
     </span>
    </p>
   </div>
   <div class='ocr_carea' id='block_1_83' title="bbox 2070 3737 3726 3810">
    <p class='ocr_par' dir='ltr' id='par_1_83' title="bbox 2070 3737 3726 3810">
     <span class='ocr_line' id='line_1_83' title="bbox 2070 3737 3726 3810; baseline 0.002 -18"><span class='ocrx_word' id='word_1_669' title='bbox 2070 3737 2335 3810; x_wconf 88' lang='lat' dir='ltr'>partibus</span> <span class='ocrx_word' id='word_1_670' title='bbox 2366 3738 2714 3807; x_wconf 90' lang='lat' dir='ltr'>Orientis,in</span> <span class='ocrx_word' id='word_1_671' title='bbox 2756 3738 3011 3810; x_wconf 88' lang='lat' dir='ltr'>quodam</span> <span class='ocrx_word' id='word_1_672' title='bbox 3052 3737 3292 3794; x_wconf 89' lang='lat' dir='ltr'>castello</span> <span class='ocrx_word' id='word_1_673' title='bbox 3324 3755 3358 3794; x_wconf 91' lang='lat' dir='ltr'>a</span> <span class='ocrx_word' id='word_1_674' title='bbox 3378 3738 3726 3796; x_wconf 89' lang='lat' dir='ltr'>Christianis</span> 
     </span>
    </p>
   </div>
   <div class='ocr_carea' id='block_1_84' title="bbox 2068 3826 3723 3909">
    <p class='ocr_par' dir='ltr' id='par_1_84' title="bbox 2068 3826 3723 3909">
     <span class='ocr_line' id='line_1_84' title="bbox 2068 3826 3723 3909; baseline 0.001 -26"><span class='ocrx_word' id='word_1_675' title='bbox 2068 3826 2207 3883; x_wconf 89' lang='lat' dir='ltr'>viris</span> <span class='ocrx_word' id='word_1_676' title='bbox 2236 3843 2535 3900; x_wconf 85' lang='lat' dir='ltr'>synagoga</span> <span class='ocrx_word' id='word_1_677' title='bbox 2552 3828 2891 3884; x_wconf 71' lang='lat' dir='ltr'>Judreorum</span> <span class='ocrx_word' id='word_1_678' title='bbox 2918 3827 3187 3883; x_wconf 90' lang='lat' dir='ltr'>incendio</span> <span class='ocrx_word' id='word_1_679' title='bbox 3208 3832 3587 3884; x_wconf 88' lang='lat' dir='ltr'>concremata</span> <span class='ocrx_word' id='word_1_680' title='bbox 3601 3834 3723 3909; x_wconf 75' lang='lat' dir='ltr'>est;</span> 
     </span>
    </p>
   </div>
   <div class='ocr_carea' id='block_1_85' title="bbox 2068 3912 3727 3988">
    <p class='ocr_par' dir='ltr' id='par_1_85' title="bbox 2068 3912 3727 3988">
     <span class='ocr_line' id='line_1_85' title="bbox 2068 3912 3727 3988; baseline 0.002 -19"><span class='ocrx_word' id='word_1_681' title='bbox 2068 3918 2373 3988; x_wconf 88' lang='lat' dir='ltr'>propterea</span> <span class='ocrx_word' id='word_1_682' title='bbox 2402 3914 2559 3986; x_wconf 93' lang='lat' dir='ltr'>quod</span> <span class='ocrx_word' id='word_1_683' title='bbox 2589 3912 2775 3970; x_wconf 77' lang='lat' dir='ltr'>Judaei</span> <span class='ocrx_word' id='word_1_684' title='bbox 2809 3913 3163 3970; x_wconf 88' lang='lat' dir='ltr'>insultarent</span> <span class='ocrx_word' id='word_1_685' title='bbox 3211 3915 3520 3972; x_wconf 89' lang='lat' dir='ltr'>monachis</span> <span class='ocrx_word' id='word_1_686' title='bbox 3571 3916 3727 3973; x_wconf 89' lang='lat' dir='ltr'>Chri-</span> 
     </span>
    </p>
   </div>
   <div class='ocr_carea' id='block_1_86' title="bbox 2067 4002 3722 4073">
    <p class='ocr_par' dir='ltr' id='par_1_86' title="bbox 2067 4002 3722 4073">
     <span class='ocr_line' id='line_1_86' title="bbox 2067 4002 3722 4073; baseline 0.001 -14"><span class='ocrx_word' id='word_1_687' title='bbox 2067 4003 2298 4059; x_wconf 89' lang='lat' dir='ltr'>stianis.</span> <span class='ocrx_word' id='word_1_688' title='bbox 2332 4003 2443 4058; x_wconf 90' lang='lat' dir='ltr'>Sed</span> <span class='ocrx_word' id='word_1_689' title='bbox 2477 4003 2547 4058; x_wconf 92' lang='lat' dir='ltr'>de</span> <span class='ocrx_word' id='word_1_690' title='bbox 2577 4002 2921 4073; x_wconf 86' lang='lat' dir='ltr'>hujusmodi</span> <span class='ocrx_word' id='word_1_691' title='bbox 2951 4003 3101 4058; x_wconf 88' lang='lat' dir='ltr'>facto</span> <span class='ocrx_word' id='word_1_692' title='bbox 3133 4019 3330 4060; x_wconf 92' lang='lat' dir='ltr'>comes</span> <span class='ocrx_word' id='word_1_693' title='bbox 3360 4004 3613 4061; x_wconf 88' lang='lat' dir='ltr'>Orientis</span> <span class='ocrx_word' id='word_1_694' title='bbox 3650 4007 3722 4062; x_wconf 90' lang='lat' dir='ltr'>ad</span> 
     </span>
    </p>
   </div>
   <div class='ocr_carea' id='block_1_87' title="bbox 2066 4090 3727 4165">
    <p class='ocr_par' dir='ltr' id='par_1_87' title="bbox 2066 4090 3727 4165">
     <span class='ocr_line' id='line_1_87' title="bbox 2066 4090 3727 4165; baseline 0.002 -18"><span class='ocrx_word' id='word_1_695' title='bbox 2066 4092 2479 4165; x_wconf 89' lang='lat' dir='ltr'>imperatorem</span> <span class='ocrx_word' id='word_1_696' title='bbox 2510 4090 2906 4147; x_wconf 90' lang='lat' dir='ltr'>Theodosium</span> <span class='ocrx_word' id='word_1_697' title='bbox 2951 4091 3292 4147; x_wconf 86' lang='lat' dir='ltr'>relationem</span> <span class='ocrx_word' id='word_1_698' title='bbox 3341 4092 3569 4148; x_wconf 82' lang='lat' dir='ltr'>direxit.</span> <span class='ocrx_word' id='word_1_699' title='bbox 3603 4097 3727 4162; x_wconf 86' lang='lat' dir='ltr'>Qua</span> 
     </span>
    </p>
   </div>
   <div class='ocr_carea' id='block_1_88' title="bbox 2065 4181 3723 4256">
    <p class='ocr_par' dir='ltr' id='par_1_88' title="bbox 2065 4181 3723 4256">
     <span class='ocr_line' id='line_1_88' title="bbox 2065 4181 3723 4256; baseline 0 -18"><span class='ocrx_word' id='word_1_700' title='bbox 2065 4185 2324 4253; x_wconf 88' lang='lat' dir='ltr'>accepta,</span> <span class='ocrx_word' id='word_1_701' title='bbox 2384 4181 2707 4251; x_wconf 89' lang='lat' dir='ltr'>imperator</span> <span class='ocrx_word' id='word_1_702' title='bbox 2754 4185 3107 4252; x_wconf 70' lang='lat' dir='ltr'>praeceperat</span> <span class='ocrx_word' id='word_1_703' title='bbox 3172 4185 3239 4235; x_wconf 91' lang='lat' dir='ltr'>ut</span> <span class='ocrx_word' id='word_1_704' title='bbox 3303 4198 3598 4256; x_wconf 83' lang='lat' dir='ltr'>synagoga</span> <span class='ocrx_word' id='word_1_705' title='bbox 3649 4184 3723 4239; x_wconf 88' lang='lat' dir='ltr'>ab</span> 
     </span>
    </p>
   </div>
   <div class='ocr_carea' id='block_1_89' title="bbox 2064 4269 3723 4343">
    <p class='ocr_par' dir='ltr' id='par_1_89' title="bbox 2064 4269 3723 4343">
     <span class='ocr_line' id='line_1_89' title="bbox 2064 4269 3723 4343; baseline 0 -16"><span class='ocrx_word' id='word_1_706' title='bbox 2064 4272 2337 4343; x_wconf 87' lang='lat' dir='ltr'>episcopo</span> <span class='ocrx_word' id='word_1_707' title='bbox 2373 4270 2850 4325; x_wconf 73' lang='lat' dir='ltr'>rezediticarclur.</span> <span class='ocrx_word' id='word_1_708' title='bbox 2888 4270 2997 4324; x_wconf 85' lang='lat' dir='ltr'>Sed</span> <span class='ocrx_word' id='word_1_709' title='bbox 3030 4269 3210 4341; x_wconf 87' lang='lat' dir='ltr'>hujus</span> <span class='ocrx_word' id='word_1_710' title='bbox 3249 4271 3519 4342; x_wconf 69' lang='lat' dir='ltr'>praecepti</span> <span class='ocrx_word' id='word_1_711' title='bbox 3557 4276 3723 4327; x_wconf 88' lang='lat' dir='ltr'>tenor</span> 
     </span>
    </p>
   </div>
   <div class='ocr_carea' id='block_1_90' title="bbox 2064 4357 3717 4430">
    <p class='ocr_par' dir='ltr' id='par_1_90' title="bbox 2064 4357 3717 4430">
     <span class='ocr_line' id='line_1_90' title="bbox 2064 4357 3717 4430; baseline 0.001 -15"><span class='ocrx_word' id='word_1_712' title='bbox 2064 4377 2198 4416; x_wconf 88' lang='lat' dir='ltr'>cum</span> <span class='ocrx_word' id='word_1_713' title='bbox 2227 4361 2299 4415; x_wconf 88' lang='lat' dir='ltr'>ad</span> <span class='ocrx_word' id='word_1_714' title='bbox 2334 4376 2505 4414; x_wconf 89' lang='lat' dir='ltr'>aures</span> <span class='ocrx_word' id='word_1_715' title='bbox 2528 4357 2890 4430; x_wconf 88' lang='lat' dir='ltr'>pervenisset</span> <span class='ocrx_word' id='word_1_716' title='bbox 2910 4357 3262 4413; x_wconf 89' lang='lat' dir='ltr'>venerabilis</span> <span class='ocrx_word' id='word_1_717' title='bbox 3288 4358 3393 4413; x_wconf 88' lang='lat' dir='ltr'>viri</span> <span class='ocrx_word' id='word_1_718' title='bbox 3425 4360 3717 4416; x_wconf 89' lang='lat' dir='ltr'>Ambrosii</span> 
     </span>
    </p>
   </div>
   <div class='ocr_carea' id='block_1_91' title="bbox 2062 4446 3719 4520">
    <p class='ocr_par' dir='ltr' id='par_1_91' title="bbox 2062 4446 3719 4520">
     <span class='ocr_line' id='line_1_91' title="bbox 2062 4446 3719 4520; baseline 0.001 -17"><span class='ocrx_word' id='word_1_719' title='bbox 2062 4449 2343 4520; x_wconf 86' lang='lat' dir='ltr'>episcopi,</span> <span class='ocrx_word' id='word_1_720' title='bbox 2378 4447 2588 4503; x_wconf 84' lang='lat' dir='ltr'>direxit</span> <span class='ocrx_word' id='word_1_721' title='bbox 2621 4447 2691 4502; x_wconf 89' lang='lat' dir='ltr'>ad</span> <span class='ocrx_word' id='word_1_722' title='bbox 2714 4446 3127 4518; x_wconf 88' lang='lat' dir='ltr'>imperatorem</span> <span class='ocrx_word' id='word_1_723' title='bbox 3160 4446 3466 4518; x_wconf 88' lang='lat' dir='ltr'>epistolam</span> <span class='ocrx_word' id='word_1_724' title='bbox 3498 4449 3619 4518; x_wconf 82' lang='lat' dir='ltr'>(lib.</span> <span class='ocrx_word' id='word_1_725' title='bbox 3652 4466 3719 4519; x_wconf 78' lang='grc' dir='ltr'>ιι,</span> 
     </span>
    </p>
   </div>
   <div class='ocr_carea' id='block_1_92' title="bbox 2059 4535 3717 4610">
    <p class='ocr_par' dir='ltr' id='par_1_92' title="bbox 2059 4535 3717 4610">
     <span class='ocr_line' id='line_1_92' title="bbox 2059 4535 3717 4610; baseline 0.001 -17"><span class='ocrx_word' id='word_1_726' title='bbox 2059 4540 2216 4610; x_wconf 77' lang='lat' dir='ltr'>epist.</span> <span class='ocrx_word' id='word_1_727' title='bbox 2252 4538 2361 4605; x_wconf 87' lang='grc'>17),</span> <span class='ocrx_word' id='word_1_728' title='bbox 2399 4537 2538 4608; x_wconf 90' lang='lat' dir='ltr'>quia</span> <span class='ocrx_word' id='word_1_729' title='bbox 2564 4535 2689 4607; x_wconf 89' lang='lat' dir='ltr'>ipse</span> <span class='ocrx_word' id='word_1_730' title='bbox 2717 4536 2776 4589; x_wconf 91' lang='lat' dir='ltr'>in</span> <span class='ocrx_word' id='word_1_731' title='bbox 2805 4539 3066 4608; x_wconf 86' lang='lat' dir='ltr'>tempore</span> <span class='ocrx_word' id='word_1_732' title='bbox 3086 4552 3388 4591; x_wconf 83' lang='lat' dir='ltr'>excurrere</span> <span class='ocrx_word' id='word_1_733' title='bbox 3418 4554 3532 4592; x_wconf 88' lang='lat' dir='ltr'>non</span> <span class='ocrx_word' id='word_1_734' title='bbox 3562 4544 3717 4609; x_wconf 88' lang='lat' dir='ltr'>pote-</span> 
     </span>
    </p>
   </div>
   <div class='ocr_carea' id='block_1_93' title="bbox 2060 4624 3717 4697">
    <p class='ocr_par' dir='ltr' id='par_1_93' title="bbox 2060 4624 3717 4697">
     <span class='ocr_line' id='line_1_93' title="bbox 2060 4624 3717 4697; baseline 0.001 -16"><span class='ocrx_word' id='word_1_735' title='bbox 2060 4631 2148 4682; x_wconf 91' lang='lat' dir='ltr'>rat</span> <span class='ocrx_word' id='word_1_736' title='bbox 2180 4643 2194 4681; x_wconf 89' lang='lat'><strong>:</strong></span> <span class='ocrx_word' id='word_1_737' title='bbox 2229 4642 2347 4697; x_wconf 89' lang='lat' dir='ltr'>qua</span> <span class='ocrx_word' id='word_1_738' title='bbox 2377 4624 2544 4680; x_wconf 92' lang='lat' dir='ltr'>illum</span> <span class='ocrx_word' id='word_1_739' title='bbox 2589 4625 2876 4693; x_wconf 89' lang='lat' dir='ltr'>convenit,</span> <span class='ocrx_word' id='word_1_740' title='bbox 2911 4629 2975 4680; x_wconf 88' lang='lat' dir='ltr'>ut</span> <span class='ocrx_word' id='word_1_741' title='bbox 3018 4624 3077 4679; x_wconf 90' lang='lat' dir='ltr'>id</span> <span class='ocrx_word' id='word_1_742' title='bbox 3126 4626 3281 4697; x_wconf 91' lang='lat' dir='ltr'>quod</span> <span class='ocrx_word' id='word_1_743' title='bbox 3313 4625 3387 4681; x_wconf 91' lang='lat' dir='ltr'>ab</span> <span class='ocrx_word' id='word_1_744' title='bbox 3426 4641 3492 4681; x_wconf 90' lang='lat' dir='ltr'>eo</span> <span class='ocrx_word' id='word_1_745' title='bbox 3534 4631 3717 4683; x_wconf 86' lang='lat' dir='ltr'>statu-</span> 
     </span>
    </p>
   </div>
   <div class='ocr_carea' id='block_1_94' title="bbox 292 4712 3713 4799">
    <p class='ocr_par' dir='ltr' id='par_1_94' title="bbox 292 4712 3713 4799">
     <span class='ocr_line' id='line_1_94' title="bbox 292 4712 3713 4799; baseline -0 -26"><span class='ocrx_word' id='word_1_746' title='bbox 292 4716 447 4773; x_wconf 86' lang='lat' dir='ltr'>rabit</span> <span class='ocrx_word' id='word_1_747' title='bbox 475 4716 604 4787; x_wconf 88' lang='lat' dir='ltr'>tibi,</span> <span class='ocrx_word' id='word_1_748' title='bbox 619 4720 679 4773; x_wconf 90' lang='lat' dir='ltr'>et</span> <span class='ocrx_word' id='word_1_749' title='bbox 707 4719 771 4771; x_wconf 91' lang='lat' dir='ltr'>tu</span> <span class='ocrx_word' id='word_1_750' title='bbox 804 4734 922 4773; x_wconf 89' lang='lat' dir='ltr'>non</span> <span class='ocrx_word' id='word_1_751' title='bbox 944 4715 1235 4772; x_wconf 85' lang='lat' dir='ltr'>fenerabis</span> <span class='ocrx_word' id='word_1_752' title='bbox 1265 4715 1338 4772; x_wconf 91' lang='lat' dir='ltr'>ei.</span> <span class='ocrx_word' id='word_1_753' title='bbox 1363 4716 1496 4788; x_wconf 90' lang='lat' dir='ltr'>Ipse</span> <span class='ocrx_word' id='word_1_754' title='bbox 1525 4716 1635 4771; x_wconf 85' lang='lat' dir='ltr'>erit</span> <span class='ocrx_word' id='word_1_755' title='bbox 1662 4716 1721 4771; x_wconf 92' lang='lat' dir='ltr'>in</span> <span class='ocrx_word' id='word_1_756' title='bbox 1751 4722 1945 4789; x_wconf 89' lang='lat' dir='ltr'>caput,</span> <span class='ocrx_word' id='word_1_757' title='bbox 1976 4733 2026 4799; x_wconf 85' lang='lat' dir='ltr'><strong>D</strong></span> <span class='ocrx_word' id='word_1_758' title='bbox 2057 4721 2185 4772; x_wconf 90' lang='lat' dir='ltr'>tum</span> <span class='ocrx_word' id='word_1_759' title='bbox 2218 4715 2407 4770; x_wconf 80' lang='lat' dir='ltr'>fuerat</span> <span class='ocrx_word' id='word_1_760' title='bbox 2436 4713 2826 4784; x_wconf 87' lang='lat' dir='ltr'>invocaretur,</span> <span class='ocrx_word' id='word_1_761' title='bbox 2841 4712 3177 4786; x_wconf 86' lang='lat' dir='ltr'>servarique</span> <span class='ocrx_word' id='word_1_762' title='bbox 3221 4713 3335 4770; x_wconf 90' lang='lat' dir='ltr'>sibi</span> <span class='ocrx_word' id='word_1_763' title='bbox 3381 4714 3594 4772; x_wconf 88' lang='lat' dir='ltr'>debere</span> <span class='ocrx_word' id='word_1_764' title='bbox 3640 4717 3713 4772; x_wconf 88' lang='lat' dir='ltr'>ab</span> 
     </span>
    </p>
   </div>
   <div class='ocr_carea' id='block_1_95' title="bbox 290 4801 3715 4876">
    <p class='ocr_par' dir='ltr' id='par_1_95' title="bbox 290 4801 3715 4876">
     <span class='ocr_line' id='line_1_95' title="bbox 290 4801 3715 4876; baseline -0 -14"><span class='ocrx_word' id='word_1_765' title='bbox 290 4810 349 4863; x_wconf 89' lang='lat' dir='ltr'>et</span> <span class='ocrx_word' id='word_1_766' title='bbox 369 4810 433 4861; x_wconf 91' lang='lat' dir='ltr'>tu</span> <span class='ocrx_word' id='word_1_767' title='bbox 464 4805 580 4862; x_wconf 91' lang='lat' dir='ltr'>eris</span> <span class='ocrx_word' id='word_1_768' title='bbox 610 4805 671 4860; x_wconf 91' lang='lat' dir='ltr'>in</span> <span class='ocrx_word' id='word_1_769' title='bbox 694 4805 1147 4861; x_wconf 80' lang='lat' dir='ltr'>caudam.Sicut</span> <span class='ocrx_word' id='word_1_770' title='bbox 1176 4803 1492 4860; x_wconf 86' lang='lat' dir='ltr'>manifeste</span> <span class='ocrx_word' id='word_1_771' title='bbox 1509 4803 1948 4876; x_wconf 90' lang='lat' dir='ltr'>videmus,quia</span> <span class='ocrx_word' id='word_1_772' title='bbox 2056 4822 2122 4861; x_wconf 92' lang='lat' dir='ltr'>eo</span> <span class='ocrx_word' id='word_1_773' title='bbox 2153 4802 2537 4860; x_wconf 90' lang='lat' dir='ltr'>audientiam.</span> <span class='ocrx_word' id='word_1_774' title='bbox 2572 4801 2680 4868; x_wconf 89' lang='lat' dir='ltr'>Qui</span> <span class='ocrx_word' id='word_1_775' title='bbox 2712 4819 2774 4858; x_wconf 90' lang='lat' dir='ltr'>se</span> <span class='ocrx_word' id='word_1_776' title='bbox 2804 4802 3021 4874; x_wconf 84' lang='lat' dir='ltr'>dignus</span> <span class='ocrx_word' id='word_1_777' title='bbox 3051 4818 3168 4858; x_wconf 92' lang='lat' dir='ltr'>non</span> <span class='ocrx_word' id='word_1_778' title='bbox 3218 4805 3373 4857; x_wconf 90' lang='lat' dir='ltr'>esset</span> <span class='ocrx_word' id='word_1_779' title='bbox 3413 4802 3513 4874; x_wconf 90' lang='lat' dir='ltr'>qui</span> <span class='ocrx_word' id='word_1_780' title='bbox 3545 4804 3617 4859; x_wconf 89' lang='lat' dir='ltr'>ab</span> <span class='ocrx_word' id='word_1_781' title='bbox 3646 4821 3715 4861; x_wconf 90' lang='lat' dir='ltr'>eo</span> 
     </span>
    </p>
   </div>
   <div class='ocr_carea' id='block_1_96' title="bbox 285 4891 1943 4967">
    <p class='ocr_par' dir='ltr' id='par_1_96' title="bbox 285 4891 1943 4967">
     <span class='ocr_line' id='line_1_96' title="bbox 285 4891 1943 4967; baseline -0.001 -16"><span class='ocrx_word' id='word_1_782' title='bbox 285 4894 547 4951; x_wconf 88' lang='lat' dir='ltr'>Ecclesia</span> <span class='ocrx_word' id='word_1_783' title='bbox 578 4910 647 4951; x_wconf 71' lang='lat' dir='ltr'>ex</span> <span class='ocrx_word' id='word_1_784' title='bbox 678 4893 954 4967; x_wconf 88' lang='lat' dir='ltr'>gentibus</span> <span class='ocrx_word' id='word_1_785' title='bbox 1002 4893 1227 4948; x_wconf 85' lang='lat' dir='ltr'>fenerat</span> <span class='ocrx_word' id='word_1_786' title='bbox 1268 4891 1355 4947; x_wconf 90' lang='lat' dir='ltr'>illi</span> <span class='ocrx_word' id='word_1_787' title='bbox 1387 4892 1602 4966; x_wconf 91' lang='lat' dir='ltr'>populo</span> <span class='ocrx_word' id='word_1_788' title='bbox 1634 4894 1943 4965; x_wconf 87' lang='lat' dir='ltr'>pecuniam</span> 
     </span>
    </p>
   </div>
   <div class='ocr_carea' id='block_1_97' title="bbox 284 4981 1945 5050">
    <p class='ocr_par' dir='ltr' id='par_1_97' title="bbox 284 4981 1945 5050">
     <span class='ocr_line' id='line_1_97' title="bbox 284 4981 1945 5050; baseline -0.001 -11"><span class='ocrx_word' id='word_1_789' title='bbox 284 4983 445 5039; x_wconf 89' lang='lat' dir='ltr'>verbi</span> <span class='ocrx_word' id='word_1_790' title='bbox 477 4982 609 5050; x_wconf 89' lang='lat' dir='ltr'>Dei;</span> <span class='ocrx_word' id='word_1_791' title='bbox 641 4981 725 5037; x_wconf 88' lang='lat' dir='ltr'>illi</span> <span class='ocrx_word' id='word_1_792' title='bbox 754 4999 887 5038; x_wconf 90' lang='lat' dir='ltr'>vero</span> <span class='ocrx_word' id='word_1_793' title='bbox 937 4982 1093 5037; x_wconf 90' lang='lat' dir='ltr'>unde</span> <span class='ocrx_word' id='word_1_794' title='bbox 1143 4981 1407 5037; x_wconf 88' lang='lat' dir='ltr'>fencrent</span> <span class='ocrx_word' id='word_1_795' title='bbox 1449 4999 1565 5037; x_wconf 89' lang='lat' dir='ltr'>non</span> <span class='ocrx_word' id='word_1_796' title='bbox 1610 4981 1848 5038; x_wconf 90' lang='lat' dir='ltr'>habent.</span> <span class='ocrx_word' id='word_1_797' title='bbox 1876 4985 1945 5038; x_wconf 90' lang='lat' dir='ltr'>Et</span> 
     </span>
    </p>
   </div>
   <div class='ocr_carea' id='block_1_98' title="bbox 291 5069 1942 5145">
    <p class='ocr_par' dir='ltr' id='par_1_98' title="bbox 291 5069 1942 5145">
     <span class='ocr_line' id='line_1_98' title="bbox 291 5069 1942 5145; baseline -0.001 -17"><span class='ocrx_word' id='word_1_798' title='bbox 291 5069 549 5145; x_wconf 87' lang='lat' dir='ltr'>populus</span> <span class='ocrx_word' id='word_1_799' title='bbox 579 5070 843 5143; x_wconf 90' lang='lat' dir='ltr'>gentium</span> <span class='ocrx_word' id='word_1_800' title='bbox 876 5074 965 5127; x_wconf 90' lang='lat' dir='ltr'>est</span> <span class='ocrx_word' id='word_1_801' title='bbox 1009 5069 1072 5124; x_wconf 90' lang='lat' dir='ltr'>in</span> <span class='ocrx_word' id='word_1_802' title='bbox 1121 5074 1317 5143; x_wconf 91' lang='lat' dir='ltr'>caput,</span> <span class='ocrx_word' id='word_1_803' title='bbox 1352 5070 1575 5126; x_wconf 87' lang='lat' dir='ltr'>habens</span> <span class='ocrx_word' id='word_1_804' title='bbox 1623 5071 1942 5126; x_wconf 91' lang='lat' dir='ltr'>Domtnum</span> 
     </span>
    </p>
   </div>
   <div class='ocr_carea' id='block_1_99' title="bbox 286 5158 1942 5232">
    <p class='ocr_par' dir='ltr' id='par_1_99' title="bbox 286 5158 1942 5232">
     <span class='ocr_line' id='line_1_99' title="bbox 286 5158 1942 5232; baseline -0.001 -15"><span class='ocrx_word' id='word_1_805' title='bbox 286 5161 495 5217; x_wconf 84' lang='lat' dir='ltr'>Jesum</span> <span class='ocrx_word' id='word_1_806' title='bbox 528 5159 860 5227; x_wconf 89' lang='lat' dir='ltr'>Christum;</span> <span class='ocrx_word' id='word_1_807' title='bbox 895 5158 982 5214; x_wconf 88' lang='lat' dir='ltr'>illi</span> <span class='ocrx_word' id='word_1_808' title='bbox 1004 5176 1138 5214; x_wconf 89' lang='lat' dir='ltr'>vero</span> <span class='ocrx_word' id='word_1_809' title='bbox 1170 5158 1228 5213; x_wconf 92' lang='lat' dir='ltr'>in</span> <span class='ocrx_word' id='word_1_810' title='bbox 1261 5176 1523 5227; x_wconf 89' lang='lat' dir='ltr'>causam,</span> <span class='ocrx_word' id='word_1_811' title='bbox 1545 5159 1684 5231; x_wconf 87' lang='lat' dir='ltr'>quia</span> <span class='ocrx_word' id='word_1_812' title='bbox 1704 5161 1942 5232; x_wconf 88' lang='lat' dir='ltr'>acapite</span> 
     </span>
    </p>
   </div>
   <div class='ocr_carea' id='block_1_100' title="bbox 289 5247 1941 5319">
    <p class='ocr_par' dir='ltr' id='par_1_100' title="bbox 289 5247 1941 5319">
     <span class='ocr_line' id='line_1_100' title="bbox 289 5247 1941 5319; baseline -0.001 -14"><span class='ocrx_word' id='word_1_813' title='bbox 289 5248 648 5306; x_wconf 88' lang='lat' dir='ltr'>ceciderunt.</span> <span class='ocrx_word' id='word_1_814' title='bbox 684 5247 842 5313; x_wconf 89' lang='lat' dir='ltr'>Quod</span> <span class='ocrx_word' id='word_1_815' title='bbox 878 5248 1081 5318; x_wconf 91' lang='lat' dir='ltr'>utique</span> <span class='ocrx_word' id='word_1_816' title='bbox 1111 5263 1346 5319; x_wconf 89' lang='lat' dir='ltr'>semper</span> <span class='ocrx_word' id='word_1_817' title='bbox 1374 5251 1566 5314; x_wconf 90' lang='lat' dir='ltr'>erunt,</span> <span class='ocrx_word' id='word_1_818' title='bbox 1602 5248 1783 5302; x_wconf 89' lang='lat' dir='ltr'>donec</span> <span class='ocrx_word' id='word_1_819' title='bbox 1821 5247 1941 5319; x_wconf 90' lang='lat' dir='ltr'>ple-</span> 
     </span>
    </p>
   </div>
   <div class='ocr_carea' id='block_1_101' title="bbox 288 5334 1944 5408">
    <p class='ocr_par' dir='ltr' id='par_1_101' title="bbox 288 5334 1944 5408">
     <span class='ocr_line' id='line_1_101' title="bbox 288 5334 1944 5408; baseline 0 -17"><span class='ocrx_word' id='word_1_820' title='bbox 288 5336 495 5392; x_wconf 90' lang='lat' dir='ltr'>nitudo</span> <span class='ocrx_word' id='word_1_821' title='bbox 543 5336 808 5408; x_wconf 89' lang='lat' dir='ltr'>gentium</span> <span class='ocrx_word' id='word_1_822' title='bbox 859 5335 1131 5406; x_wconf 89' lang='lat' dir='ltr'>introeat,</span> <span class='ocrx_word' id='word_1_823' title='bbox 1155 5339 1213 5390; x_wconf 86' lang='lat' dir='ltr'>et</span> <span class='ocrx_word' id='word_1_824' title='bbox 1260 5334 1345 5390; x_wconf 90' lang='lat' dir='ltr'>sic</span> <span class='ocrx_word' id='word_1_825' title='bbox 1388 5334 1582 5390; x_wconf 90' lang='lat' dir='ltr'>omnis</span> <span class='ocrx_word' id='word_1_826' title='bbox 1627 5335 1802 5407; x_wconf 69' lang='lat' dir='ltr'>Israel</span> <span class='ocrx_word' id='word_1_827' title='bbox 1842 5338 1944 5392; x_wconf 84' lang='lat' dir='ltr'>ﬁat</span> 
     </span>
    </p>
   </div>
   <div class='ocr_carea' id='block_1_102' title="bbox 288 5422 1938 5497">
    <p class='ocr_par' dir='ltr' id='par_1_102' title="bbox 288 5422 1938 5497">
     <span class='ocr_line' id='line_1_102' title="bbox 288 5422 1938 5497; baseline 0 -17"><span class='ocrx_word' id='word_1_828' title='bbox 288 5426 486 5483; x_wconf 86' lang='lat' dir='ltr'>salvus</span> <span class='ocrx_word' id='word_1_829' title='bbox 510 5441 523 5479; x_wconf 89' lang='lat'>:</span> <span class='ocrx_word' id='word_1_830' title='bbox 548 5423 742 5480; x_wconf 86' lang='lat' dir='ltr'>omnis</span> <span class='ocrx_word' id='word_1_831' title='bbox 758 5423 1027 5487; x_wconf 84' lang='lat' dir='ltr'>videlicet</span> <span class='ocrx_word' id='word_1_832' title='bbox 1046 5423 1380 5479; x_wconf 91' lang='lat' dir='ltr'>salvandus.</span> <span class='ocrx_word' id='word_1_833' title='bbox 1397 5427 1543 5478; x_wconf 87' lang='lat' dir='ltr'>Nam</span> <span class='ocrx_word' id='word_1_834' title='bbox 1566 5422 1814 5479; x_wconf 89' lang='lat' dir='ltr'>istorum</span> <span class='ocrx_word' id='word_1_835' title='bbox 1839 5425 1938 5497; x_wconf 86' lang='lat' dir='ltr'>qui</span> 
     </span>
    </p>
   </div>
   <div class='ocr_carea' id='block_1_103' title="bbox 288 5511 1938 5583">
    <p class='ocr_par' dir='ltr' id='par_1_103' title="bbox 288 5511 1938 5583">
     <span class='ocr_line' id='line_1_103' title="bbox 288 5511 1938 5583; baseline -0.001 -15"><span class='ocrx_word' id='word_1_836' title='bbox 288 5530 447 5570; x_wconf 89' lang='lat' dir='ltr'>nunc</span> <span class='ocrx_word' id='word_1_837' title='bbox 470 5517 626 5580; x_wconf 90' lang='lat' dir='ltr'>sunt,</span> <span class='ocrx_word' id='word_1_838' title='bbox 661 5512 1013 5579; x_wconf 80' lang='lat' dir='ltr'>infidelium,</span> <span class='ocrx_word' id='word_1_839' title='bbox 1038 5513 1208 5583; x_wconf 84' lang='lat' dir='ltr'>juxta</span> <span class='ocrx_word' id='word_1_840' title='bbox 1237 5513 1393 5583; x_wconf 92' lang='lat' dir='ltr'>quod</span> <span class='ocrx_word' id='word_1_841' title='bbox 1438 5511 1498 5566; x_wconf 90' lang='lat' dir='ltr'>in</span> <span class='ocrx_word' id='word_1_842' title='bbox 1535 5511 1653 5567; x_wconf 89' lang='lat' dir='ltr'>illis</span> <span class='ocrx_word' id='word_1_843' title='bbox 1695 5512 1938 5569; x_wconf 86' lang='lat' dir='ltr'>maledi-</span> 
     </span>
    </p>
   </div>
   <div class='ocr_carea' id='block_1_104' title="bbox 284 5600 1936 5673">
    <p class='ocr_par' dir='ltr' id='par_1_104' title="bbox 284 5600 1936 5673">
     <span class='ocr_line' id='line_1_104' title="bbox 284 5600 1936 5673; baseline 0.002 -19"><span class='ocrx_word' id='word_1_844' title='bbox 284 5601 581 5656; x_wconf 89' lang='lat' dir='ltr'>ctionibus</span> <span class='ocrx_word' id='word_1_845' title='bbox 624 5600 909 5671; x_wconf 91' lang='lat' dir='ltr'>scriptum</span> <span class='ocrx_word' id='word_1_846' title='bbox 958 5604 1065 5666; x_wconf 89' lang='lat' dir='ltr'>est,</span> <span class='ocrx_word' id='word_1_847' title='bbox 1100 5601 1337 5671; x_wconf 83' lang='lat' dir='ltr'>augebit</span> <span class='ocrx_word' id='word_1_848' title='bbox 1378 5600 1663 5656; x_wconf 90' lang='lat' dir='ltr'>Dominus</span> <span class='ocrx_word' id='word_1_849' title='bbox 1710 5602 1936 5673; x_wconf 86' lang='lat' dir='ltr'>plagas,</span> 
     </span>
    </p>
   </div>
   <div class='ocr_carea' id='block_1_105' title="bbox 286 5688 1937 5761">
    <p class='ocr_par' dir='ltr' id='par_1_105' title="bbox 286 5688 1937 5761">
     <span class='ocr_line' id='line_1_105' title="bbox 286 5688 1937 5761; baseline 0.002 -20"><span class='ocrx_word' id='word_1_850' title='bbox 286 5688 490 5756; x_wconf 83' lang='lat' dir='ltr'>plagas</span> <span class='ocrx_word' id='word_1_851' title='bbox 520 5703 767 5757; x_wconf 84' lang='lat' dir='ltr'>magnas</span> <span class='ocrx_word' id='word_1_852' title='bbox 797 5692 853 5742; x_wconf 90' lang='lat' dir='ltr'>et</span> <span class='ocrx_word' id='word_1_853' title='bbox 874 5692 1330 5758; x_wconf 86' lang='lat' dir='ltr'>perseverantes,</span> <span class='ocrx_word' id='word_1_854' title='bbox 1362 5688 1736 5744; x_wconf 81' lang='lat' dir='ltr'>infirmitates</span> <span class='ocrx_word' id='word_1_855' title='bbox 1760 5690 1937 5761; x_wconf 82' lang='lat' dir='ltr'>pessi-</span> 
     </span>
    </p>
   </div>
   <div class='ocr_carea' id='block_1_106' title="bbox 288 5763 1933 5850">
    <p class='ocr_par' dir='ltr' id='par_1_106' title="bbox 288 5763 1933 5850">
     <span class='ocr_line' id='line_1_106' title="bbox 288 5763 1933 5850; baseline 0.005 -25"><span class='ocrx_word' id='word_1_856' title='bbox 288 5787 417 5825; x_wconf 87' lang='lat' dir='ltr'>mas</span> <span class='ocrx_word' id='word_1_857' title='bbox 445 5777 501 5826; x_wconf 89' lang='lat' dir='ltr'>et</span> <span class='ocrx_word' id='word_1_858' title='bbox 531 5763 1031 5845; x_wconf 80' lang='lat' dir='ltr'>perpetuas,quod</span> <span class='ocrx_word' id='word_1_859' title='bbox 1068 5774 1182 5830; x_wconf 89' lang='lat' dir='ltr'>alia</span> <span class='ocrx_word' id='word_1_860' title='bbox 1207 5775 1513 5832; x_wconf 89' lang='lat' dir='ltr'>translatio</span> <span class='ocrx_word' id='word_1_861' title='bbox 1545 5777 1705 5844; x_wconf 83' lang='lat' dir='ltr'>dicit,</span> <span class='ocrx_word' id='word_1_862' title='bbox 1730 5777 1933 5850; x_wconf 88' lang='lat' dir='ltr'>plagas</span> 
     </span>
    </p>
   </div>
   <div class='ocr_carea' id='block_1_107' title="bbox 2052 4890 3716 4963">
    <p class='ocr_par' dir='ltr' id='par_1_107' title="bbox 2052 4890 3716 4963">
     <span class='ocr_line' id='line_1_107' title="bbox 2052 4890 3716 4963; baseline 0 -13"><span class='ocrx_word' id='word_1_863' title='bbox 2052 4894 2372 4959; x_wconf 89' lang='lat' dir='ltr'>audiretur,</span> <span class='ocrx_word' id='word_1_864' title='bbox 2388 4891 2604 4963; x_wconf 87' lang='lat' dir='ltr'>dignus</span> <span class='ocrx_word' id='word_1_865' title='bbox 2634 4891 2813 4946; x_wconf 89' lang='lat' dir='ltr'>etiam</span> <span class='ocrx_word' id='word_1_866' title='bbox 2835 4908 2951 4946; x_wconf 90' lang='lat' dir='ltr'>non</span> <span class='ocrx_word' id='word_1_867' title='bbox 2970 4894 3125 4947; x_wconf 88' lang='lat' dir='ltr'>esset</span> <span class='ocrx_word' id='word_1_868' title='bbox 3153 4891 3253 4962; x_wconf 90' lang='lat' dir='ltr'>qui</span> <span class='ocrx_word' id='word_1_869' title='bbox 3287 4907 3390 4963; x_wconf 90' lang='lat' dir='ltr'>pro</span> <span class='ocrx_word' id='word_1_870' title='bbox 3421 4890 3520 4947; x_wconf 92' lang='lat' dir='ltr'>illo</span> <span class='ocrx_word' id='word_1_871' title='bbox 3553 4893 3716 4950; x_wconf 85' lang='lat' dir='ltr'>audi-</span> 
     </span>
    </p>
   </div>
   <div class='ocr_carea' id='block_1_108' title="bbox 2053 4978 3711 5051">
    <p class='ocr_par' dir='ltr' id='par_1_108' title="bbox 2053 4978 3711 5051">
     <span class='ocr_line' id='line_1_108' title="bbox 2053 4978 3711 5051; baseline 0.001 -15"><span class='ocrx_word' id='word_1_872' title='bbox 2053 4986 2234 5049; x_wconf 89' lang='lat' dir='ltr'>retur,</span> <span class='ocrx_word' id='word_1_873' title='bbox 2267 4980 2354 5036; x_wconf 90' lang='lat' dir='ltr'>vel</span> <span class='ocrx_word' id='word_1_874' title='bbox 2385 4980 2480 5035; x_wconf 90' lang='lat' dir='ltr'>cui</span> <span class='ocrx_word' id='word_1_875' title='bbox 2510 4996 2709 5051; x_wconf 90' lang='lat' dir='ltr'>preces</span> <span class='ocrx_word' id='word_1_876' title='bbox 2758 4996 2896 5035; x_wconf 91' lang='lat' dir='ltr'>suas</span> <span class='ocrx_word' id='word_1_877' title='bbox 2946 4983 3048 5035; x_wconf 91' lang='lat' dir='ltr'>aut</span> <span class='ocrx_word' id='word_1_878' title='bbox 3093 4978 3188 5035; x_wconf 90' lang='lat' dir='ltr'>cui</span> <span class='ocrx_word' id='word_1_879' title='bbox 3236 4996 3346 5035; x_wconf 89' lang='lat' dir='ltr'>sua</span> <span class='ocrx_word' id='word_1_880' title='bbox 3390 4984 3524 5036; x_wconf 90' lang='lat' dir='ltr'>vota</span> <span class='ocrx_word' id='word_1_881' title='bbox 3550 4998 3711 5038; x_wconf 84' lang='lat' dir='ltr'>com-</span> 
     </span>
    </p>
   </div>
   <div class='ocr_carea' id='block_1_109' title="bbox 2054 5069 3711 5144">
    <p class='ocr_par' dir='ltr' id='par_1_109' title="bbox 2054 5069 3711 5144">
     <span class='ocr_line' id='line_1_109' title="bbox 2054 5069 3711 5144; baseline 0.002 -19"><span class='ocrx_word' id='word_1_882' title='bbox 2054 5071 2329 5126; x_wconf 90' lang='lat' dir='ltr'>mitteret.</span> <span class='ocrx_word' id='word_1_883' title='bbox 2367 5070 2647 5125; x_wconf 89' lang='lat' dir='ltr'>Paratum</span> <span class='ocrx_word' id='word_1_884' title='bbox 2698 5069 2876 5124; x_wconf 91' lang='lat' dir='ltr'>etiam</span> <span class='ocrx_word' id='word_1_885' title='bbox 2927 5086 2990 5125; x_wconf 88' lang='lat' dir='ltr'>se</span> <span class='ocrx_word' id='word_1_886' title='bbox 3036 5085 3166 5125; x_wconf 87' lang='lat' dir='ltr'>esse</span> <span class='ocrx_word' id='word_1_887' title='bbox 3213 5086 3317 5141; x_wconf 90' lang='lat' dir='ltr'>pro</span> <span class='ocrx_word' id='word_1_888' title='bbox 3348 5069 3450 5125; x_wconf 87' lang='lat' dir='ltr'>tali</span> <span class='ocrx_word' id='word_1_889' title='bbox 3480 5070 3711 5144; x_wconf 88' lang='lat' dir='ltr'>negotio</span> 
     </span>
    </p>
   </div>
   <div class='ocr_carea' id='block_1_110' title="bbox 2053 5156 3709 5230">
    <p class='ocr_par' dir='ltr' id='par_1_110' title="bbox 2053 5156 3709 5230">
     <span class='ocr_line' id='line_1_110' title="bbox 2053 5156 3709 5230; baseline 0.001 -16"><span class='ocrx_word' id='word_1_890' title='bbox 2053 5163 2300 5215; x_wconf 89' lang='lat' dir='ltr'>mortem</span> <span class='ocrx_word' id='word_1_891' title='bbox 2333 5157 2550 5225; x_wconf 87' lang='lat' dir='ltr'>subire,</span> <span class='ocrx_word' id='word_1_892' title='bbox 2576 5175 2648 5213; x_wconf 90' lang='lat' dir='ltr'>ne</span> <span class='ocrx_word' id='word_1_893' title='bbox 2679 5156 3151 5213; x_wconf 88' lang='lat' dir='ltr'>dissimulatione</span> <span class='ocrx_word' id='word_1_894' title='bbox 3181 5157 3273 5214; x_wconf 87' lang='lat' dir='ltr'>sui</span> <span class='ocrx_word' id='word_1_895' title='bbox 3305 5158 3709 5230; x_wconf 73' lang='lat' dir='ltr'>praavaricato-</span> 
     </span>
    </p>
   </div>
   <div class='ocr_carea' id='block_1_111' title="bbox 2053 5245 3710 5318">
    <p class='ocr_par' dir='ltr' id='par_1_111' title="bbox 2053 5245 3710 5318">
     <span class='ocr_line' id='line_1_111' title="bbox 2053 5245 3710 5318; baseline 0.001 -16"><span class='ocrx_word' id='word_1_896' title='bbox 2053 5265 2174 5302; x_wconf 88' lang='lat' dir='ltr'>rem</span> <span class='ocrx_word' id='word_1_897' title='bbox 2206 5248 2421 5302; x_wconf 85' lang='lat' dir='ltr'>faceret</span> <span class='ocrx_word' id='word_1_898' title='bbox 2450 5246 2888 5317; x_wconf 89' lang='lat' dir='ltr'>imperatorem,</span> <span class='ocrx_word' id='word_1_899' title='bbox 2921 5245 3022 5318; x_wconf 92' lang='lat' dir='ltr'>qui</span> <span class='ocrx_word' id='word_1_900' title='bbox 3074 5250 3196 5302; x_wconf 90' lang='lat' dir='ltr'>tam</span> <span class='ocrx_word' id='word_1_901' title='bbox 3244 5247 3466 5317; x_wconf 82' lang='lat' dir='ltr'>injuste</span> <span class='ocrx_word' id='word_1_902' title='bbox 3508 5253 3710 5305; x_wconf 89' lang='lat' dir='ltr'>contra</span> 
     </span>
    </p>
   </div>
   <div class='ocr_carea' id='block_1_112' title="bbox 2050 5334 3707 5407">
    <p class='ocr_par' dir='ltr' id='par_1_112' title="bbox 2050 5334 3707 5407">
     <span class='ocr_line' id='line_1_112' title="bbox 2050 5334 3707 5407; baseline 0 -14"><span class='ocrx_word' id='word_1_903' title='bbox 2050 5336 2368 5393; x_wconf 88' lang='lat' dir='ltr'>Ecelesiam</span> <span class='ocrx_word' id='word_1_904' title='bbox 2384 5334 2774 5407; x_wconf 75' lang='lat' dir='ltr'>praecepisset.</span> <span class='ocrx_word' id='word_1_905' title='bbox 2792 5335 2997 5391; x_wconf 89' lang='lat' dir='ltr'>Postea</span> <span class='ocrx_word' id='word_1_906' title='bbox 3009 5351 3141 5391; x_wconf 88' lang='lat' dir='ltr'>vero</span> <span class='ocrx_word' id='word_1_907' title='bbox 3163 5351 3297 5390; x_wconf 91' lang='lat' dir='ltr'>cum</span> <span class='ocrx_word' id='word_1_908' title='bbox 3312 5334 3707 5393; x_wconf 89' lang='lat' dir='ltr'>Mediolanum</span> 
     </span>
    </p>
   </div>
   <div class='ocr_carea' id='block_1_113' title="bbox 2049 5423 3709 5495">
    <p class='ocr_par' dir='ltr' id='par_1_113' title="bbox 2049 5423 3709 5495">
     <span class='ocr_line' id='line_1_113' title="bbox 2049 5423 3709 5495; baseline 0.001 -16"><span class='ocrx_word' id='word_1_909' title='bbox 2049 5424 2378 5491; x_wconf 89' lang='lat' dir='ltr'>revertitur,</span> <span class='ocrx_word' id='word_1_910' title='bbox 2410 5423 2602 5495; x_wconf 90' lang='lat' dir='ltr'>posito</span> <span class='ocrx_word' id='word_1_911' title='bbox 2653 5423 3008 5495; x_wconf 89' lang='lat' dir='ltr'>imperatore</span> <span class='ocrx_word' id='word_1_912' title='bbox 3040 5424 3099 5478; x_wconf 86' lang='lat' dir='ltr'>in</span> <span class='ocrx_word' id='word_1_913' title='bbox 3129 5423 3374 5480; x_wconf 89' lang='lat' dir='ltr'>ecclesia</span> <span class='ocrx_word' id='word_1_914' title='bbox 3404 5425 3474 5479; x_wconf 90' lang='lat' dir='ltr'>de</span> <span class='ocrx_word' id='word_1_915' title='bbox 3505 5426 3709 5481; x_wconf 87' lang='lat' dir='ltr'>eadem</span> 
     </span>
    </p>
   </div>
   <div class='ocr_carea' id='block_1_114' title="bbox 2049 5511 3711 5586">
    <p class='ocr_par' dir='ltr' id='par_1_114' title="bbox 2049 5511 3711 5586">
     <span class='ocr_line' id='line_1_114' title="bbox 2049 5511 3711 5586; baseline 0.001 -17"><span class='ocrx_word' id='word_1_916' title='bbox 2049 5530 2229 5569; x_wconf 91' lang='lat' dir='ltr'>causa</span> <span class='ocrx_word' id='word_1_917' title='bbox 2246 5511 2519 5568; x_wconf 90' lang='lat' dir='ltr'>tractavit</span> <span class='ocrx_word' id='word_1_918' title='bbox 2542 5512 2602 5567; x_wconf 91' lang='lat' dir='ltr'>in</span> <span class='ocrx_word' id='word_1_919' title='bbox 2632 5512 2869 5585; x_wconf 91' lang='lat' dir='ltr'>populo.</span> <span class='ocrx_word' id='word_1_920' title='bbox 2891 5514 2954 5569; x_wconf 90' lang='lat' dir='ltr'>In</span> <span class='ocrx_word' id='word_1_921' title='bbox 2978 5530 3095 5586; x_wconf 93' lang='lat' dir='ltr'>quo</span> <span class='ocrx_word' id='word_1_922' title='bbox 3114 5517 3365 5569; x_wconf 86' lang='lat' dir='ltr'>tractatu</span> <span class='ocrx_word' id='word_1_923' title='bbox 3388 5514 3711 5571; x_wconf 83' lang='lat' dir='ltr'>introduxit</span> 
     </span>
    </p>
   </div>
   <div class='ocr_carea' id='block_1_115' title="bbox 2047 5602 3712 5676">
    <p class='ocr_par' dir='ltr' id='par_1_115' title="bbox 2047 5602 3712 5676">
     <span class='ocr_line' id='line_1_115' title="bbox 2047 5602 3712 5676; baseline 0.001 -17"><span class='ocrx_word' id='word_1_924' title='bbox 2047 5603 2280 5659; x_wconf 90' lang='lat' dir='ltr'>Domini</span> <span class='ocrx_word' id='word_1_925' title='bbox 2314 5618 2624 5674; x_wconf 88' lang='lat' dir='ltr'>personam</span> <span class='ocrx_word' id='word_1_926' title='bbox 2668 5602 2966 5674; x_wconf 90' lang='lat' dir='ltr'>loquentis</span> <span class='ocrx_word' id='word_1_927' title='bbox 2996 5603 3334 5675; x_wconf 90' lang='lat' dir='ltr'>imperatori</span> <span class='ocrx_word' id='word_1_928' title='bbox 3360 5620 3372 5658; x_wconf 88' lang='lat'><strong>:</strong></span> <span class='ocrx_word' id='word_1_929' title='bbox 3398 5604 3517 5676; x_wconf 87' lang='lat' dir='ltr'>Ego</span> <span class='ocrx_word' id='word_1_930' title='bbox 3546 5606 3605 5658; x_wconf 87' lang='lat' dir='ltr'>te</span> <span class='ocrx_word' id='word_1_931' title='bbox 3638 5618 3712 5661; x_wconf 79' lang='lat' dir='ltr'>ex</span> 
     </span>
    </p>
   </div>
   <div class='ocr_carea' id='block_1_116' title="bbox 2048 5691 3707 5764">
    <p class='ocr_par' dir='ltr' id='par_1_116' title="bbox 2048 5691 3707 5764">
     <span class='ocr_line' id='line_1_116' title="bbox 2048 5691 3707 5764; baseline 0.001 -18"><span class='ocrx_word' id='word_1_932' title='bbox 2048 5692 2255 5746; x_wconf 89' lang='lat' dir='ltr'>ultimo</span> <span class='ocrx_word' id='word_1_933' title='bbox 2296 5691 2709 5762; x_wconf 87' lang='lat' dir='ltr'>imperatorem</span> <span class='ocrx_word' id='word_1_934' title='bbox 2758 5691 2897 5761; x_wconf 86' lang='lat' dir='ltr'>feci;</span> <span class='ocrx_word' id='word_1_935' title='bbox 2931 5709 3036 5764; x_wconf 88' lang='lat' dir='ltr'>ego</span> <span class='ocrx_word' id='word_1_936' title='bbox 3088 5692 3193 5747; x_wconf 89' lang='lat' dir='ltr'>tibi</span> <span class='ocrx_word' id='word_1_937' title='bbox 3243 5692 3560 5747; x_wconf 82' lang='lat' dir='ltr'>exercitum</span> <span class='ocrx_word' id='word_1_938' title='bbox 3589 5691 3707 5747; x_wconf 87' lang='lat' dir='ltr'>ini-</span> 
     </span>
    </p>
   </div>
   <div class='ocr_carea' id='block_1_117' title="bbox 2047 5777 3705 5853">
    <p class='ocr_par' dir='ltr' id='par_1_117' title="bbox 2047 5777 3705 5853">
     <span class='ocr_line' id='line_1_117' title="bbox 2047 5777 3705 5853; baseline 0.003 -20"><span class='ocrx_word' id='word_1_939' title='bbox 2047 5781 2182 5834; x_wconf 91' lang='lat' dir='ltr'>mici</span> <span class='ocrx_word' id='word_1_940' title='bbox 2214 5779 2299 5834; x_wconf 90' lang='lat' dir='ltr'>tui</span> <span class='ocrx_word' id='word_1_941' title='bbox 2330 5777 2574 5845; x_wconf 87' lang='lat' dir='ltr'>tradidi;</span> <span class='ocrx_word' id='word_1_942' title='bbox 2599 5795 2705 5850; x_wconf 89' lang='lat' dir='ltr'>ego</span> <span class='ocrx_word' id='word_1_943' title='bbox 2727 5778 2831 5836; x_wconf 89' lang='lat' dir='ltr'>tibi</span> <span class='ocrx_word' id='word_1_944' title='bbox 2846 5779 3054 5852; x_wconf 84' lang='lat' dir='ltr'>copias</span> <span class='ocrx_word' id='word_1_945' title='bbox 3076 5798 3225 5853; x_wconf 89' lang='lat' dir='ltr'>quas</span> <span class='ocrx_word' id='word_1_946' title='bbox 3256 5780 3352 5837; x_wconf 86' lang='lat' dir='ltr'>ille</span> <span class='ocrx_word' id='word_1_947' title='bbox 3390 5780 3705 5838; x_wconf 85' lang='lat' dir='ltr'>adversum</span> 
     </span>
    </p>
   </div>
  </div>
