3914 6376
150 464 263 536 181

1409 469 1559 533 LIB.
1604 467 1921 534 CONTRA
1961 467 2310 534 JUDIEOS.

3451 469 3568 537 182

146 603 204 659 te
234 600 513 659 exercitui
546 617 654 660 suo
684 606 1132 677 praaparaverat,
1154 603 1323 671 dedi;
1357 620 1462 678 ego
1492 603 1803 660 inimicum
1832 602 1889 671 Α
1917 602 2098 660 laicos
2129 604 2469 661 constitutio
2500 607 2701 662 nostra
2748 604 3069 679 prohibuit.
3101 604 3217 663 Nec
3263 621 3400 663 cum
3447 604 3567 666 ullo

146 694 316 747 tuum
338 690 397 745 in
421 696 772 763 potestatem
794 697 957 748 tuam
981 693 1175 765 redegi
1198 711 1212 761 ;
1237 710 1342 765 ego
1366 695 1435 749 de
1457 694 1681 749 semine
1704 698 1804 748 tuo

145 798 324 854 super
352 780 566 837 solium
612 782 776 853 regni
828 782 1143 850 constitui;
1176 800 1282 855 ego
1334 787 1390 837 te
1438 783 1804 855 triumphare

143 868 269 925 sine
303 869 503 926 labore
534 869 665 925 feci.
698 872 768 925 Et
798 875 859 925 tu
892 871 964 926 de
998 887 1089 926 me
1118 870 1378 926 inimicis
1421 872 1568 926 meis
1617 872 1802 925 donas

142 957 515 1030 triumphos?
548 958 651 1013 Cui
685 960 1063 1015 descendenti
1105 961 1177 1015 de
1226 961 1437 1015 exedra
1484 960 1804 1032 imperator

139 1047 257 1102 ait:
289 1048 504 1102 Contra
534 1064 641 1102 nos
672 1049 1033 1118 proposuisti
1066 1048 1261 1115 hodie,
1296 1048 1587 1120 episcope.
1610 1051 1683 1103 At
1704 1048 1802 1103 ille

140 1137 506 1208 respondens
536 1137 637 1205 ait,
672 1153 789 1191 non
823 1154 883 1191 se
915 1141 1120 1191 contra
1151 1136 1372 1207 ipsum,
1406 1138 1507 1192 sed
1538 1154 1641 1209 pro
1674 1137 1801 1208 ipso
1839 1192 1842 1196 λ

140 1225 323 1280 fuisse
372 1224 657 1280 locutum.
688 1226 854 1280 Tunc
908 1225 1264 1297 imperator:
1296 1226 1532 1293 Revera,
1582 1224 1799 1296 inquit,

137 1315 287 1370 dura
318 1329 707 1385 praeceperam
741 1317 945 1369 contra
986 1314 1334 1385 episcopum
1383 1315 1454 1369 de
1504 1330 1801 1386 synagoga

136 1402 497 1473 reparanda;
528 1401 589 1456 in
622 1401 928 1457 monachis
959 1419 1093 1457 vero
1134 1402 1553 1457 vindicandum
1605 1420 1734 1458 esse
1765 1421 1800 1458 a

133 1489 452 1547 comitibus
483 1489 584 1562 qui
615 1491 675 1545 in
708 1495 973 1563 tempore
1002 1492 1249 1546 aderant
1297 1492 1624 1547 dicebatur.
1659 1492 1795 1558 Qui-

131 1579 244 1636 bus
274 1578 625 1652 episcopus:
659 1580 778 1651 Ego
811 1579 1053 1652 quidem
1085 1597 1219 1635 cum
1254 1580 1608 1651 imperatore
1639 1598 1797 1637 nunc

131 1683 276 1740 ago;
309 1668 616 1724 vobiscum
647 1685 783 1723 vero
810 1668 955 1723 mihi
983 1668 1153 1725 aliter
1176 1669 1471 1741 agendum
1493 1670 1797 1741 est.Atque

129 1757 214 1813 ita
243 1754 523 1825 obtinuit,
557 1762 623 1813 ut
651 1757 753 1813 illa
778 1774 906 1829 qua:
938 1763 1165 1814 statuta
1191 1759 1795 1825 fuerant,revocaren-

129 1849 228 1924 tur
259 1862 273 1901 :
314 1862 419 1902 nec
452 1845 616 1918 prius
649 1847 723 1902 ad
754 1845 938 1901 altare
977 1846 1253 1901 accedere
1299 1845 1501 1913 voluit,
1536 1846 1649 1900 nisi
1682 1847 1796 1900 ﬁde

129 1950 238 1992 sua
264 1936 591 2008 imperator
620 1934 790 1990 illum
839 1951 1010 2007 agere
1057 1935 1267 1989 debere
1315 1937 1653 1989 testaretur.
1687 1933 1794 1988 Cui

127 2024 445 2097 episcopus
472 2040 485 2078 :
505 2025 656 2096 Ergo
679 2039 788 2096 ago
812 2023 929 2077 ﬁde
950 2027 1073 2077 tua.
1092 2022 1416 2093 Respondit
1436 2021 1786 2093 imperator:

127 2115 246 2187 Age
277 2113 396 2169 ﬁde
427 2129 579 2168 mea.
614 2114 739 2177 Qua
766 2110 1083 2183 sponsione
1123 2110 1354 2178 iterata,
1388 2127 1631 2166 securus
1663 2127 1792 2183 per-

128 2203 247 2275 egit
277 2202 557 2258 sacerdos
587 2199 787 2255 divina
816 2200 1115 2273 mysteria.
1158 2221 1180 2249 ν

197 2291 346 2348 LIV.
382 2290 447 2346 In
480 2306 593 2362 quo
626 2289 775 2345 facto
807 2289 954 2344 tanti
987 2289 1117 2357 viri,
1153 2287 1253 2360 qui
1284 2288 1622 2344 nullatenus
1646 2289 1793 2344 ferre

130 2380 326 2453 potuit
364 2383 432 2434 ut
481 2394 779 2452 synagoga
820 2378 1182 2445 Judzeorum,
1215 2376 1349 2432 licet
1380 2394 1414 2432 a
1443 2378 1793 2433 Christianis

129 2471 528 2534 concremata,
563 2467 635 2522 ab
663 2467 936 2538 episcopo
970 2470 1028 2521 et
1058 2466 1131 2521 ab
1171 2466 1395 2521 eisdem
1443 2466 1792 2521 Christianis

129 2557 586 2623 instauraretur,
602 2555 683 2611 ita
703 2559 769 2610 ut
784 2571 889 2626 pro
914 2554 1017 2610 tali
1038 2572 1099 2609 re
1129 2558 1378 2610 mortem
1410 2556 1609 2610 subire
1631 2572 1795 2627 para-

132 2650 230 2701 tus
250 2648 432 2709 esset,
467 2660 540 2699 ne
568 2643 984 2716 imperatorem
1012 2644 1228 2700 faceret
1266 2644 1791 2715 praevaricatorem,

136 2734 276 2807 quid
310 2732 474 2789 aliud
504 2732 872 2805 principibus
903 2731 1141 2799 nostris,
1162 2731 1302 2803 quid
1336 2733 1507 2787 nobis
1537 2733 1798 2788 conside-

138 2824 417 2889 randum,
441 2826 500 2877 et
521 2838 624 2894 pro
646 2821 868 2876 viribus
889 2820 1246 2875 imitandum
1271 2826 1359 2876 est
1380 2820 1494 2876 nisi
1511 2822 1797 2892 primo,ut

140 2915 384 2968 caveant
423 2908 506 2965 illi
555 2926 629 2965 ne
677 2908 933 2965 inimicis
978 2909 1215 2973 Christi,
1250 2913 1453 2964 contra
1496 2910 1795 2965 Christum

142 3000 240 3071 qui
287 3016 391 3054 eos
439 2997 774 3053 sublimiter
822 2997 1147 3065 honoravit,
1180 2997 1462 3052 honorem
1512 2997 1795 3054 tribuant.

142 3088 363 3145 Deinde
390 3094 596 3143 omnes
628 3086 846 3159 pariter
877 3085 1300 3159 intelligamus,
1336 3086 1475 3158 quia
1503 3103 1801 3159 synagoga

142 3194 366 3243 eorum,
402 3192 700 3248 synagoga
728 3175 931 3248 utique
971 3175 1223 3242 Satanae,
1255 3176 1466 3230 domus
1517 3176 1800 3248 sacrilega

143 3270 248 3334 est,
279 3270 489 3321 contra
520 3264 828 3320 ecclesiam
860 3265 960 3320 Dei
994 3266 1205 3332 erecta,
1222 3269 1280 3319 et
1299 3281 1415 3319 non
1437 3265 1648 3319 domus
1669 3281 1798 3319 ora-

1913 693 2122 749 clerico
2155 699 2353 749 nostro
2387 711 2597 766 panem
2630 696 2917 762 comedat,
2936 694 3208 767 quisquis
3226 696 3569 752 Judzeorum

1914 783 2174 838 convivio
2202 783 2375 838 fuerit
2408 783 2772 856 inquinatns.
2812 807 2831 834 ιι
2867 786 2936 839 Et
2967 785 3024 838 in
3054 784 3429 840 conclusione
3452 789 3570 841 sta-

1912 876 2175 927 tutorum
2209 890 2473 939 suorum,
2506 891 2609 927 con
2622 873 2711 928 ﬁsi
2738 874 2807 928 de
2830 874 3139 945 praesentia
3161 874 3391 928 Domini
3418 874 3569 930 sicut

1910 961 2036 1033 ipse
2070 962 2149 1016 ait
2181 978 2193 1015 ε
2237 985 2257 1011 α
2296 961 2402 1016 Ubi
2435 962 2549 1015 duo
2579 961 2668 1015 vel
2710 966 2825 1017 tres
2874 962 3208 1033 congregati
3260 962 3478 1018 fuerint
3506 964 3568 1018 in

1916 1071 1937 1099 ι
1973 1051 2210 1104 nomine
2242 1067 2393 1116 meo,
2420 1050 2497 1103 ibi
2531 1066 2661 1104 sum
2695 1067 2799 1122 ego
2826 1050 2887 1105 in
2920 1052 3111 1105 medio
3133 1068 3336 1106 eorum
3360 1051 3563 1124 (Matth.

1915 1161 1935 1187 α
1971 1155 2133 1205 xvm,
2162 1140 2274 1208 20),
2313 1162 2334 1189 »
2374 1138 2454 1192 ita
2488 1144 2810 1193 sanxerunt
2844 1156 2857 1194 :
2899 1163 2919 1188 α
2956 1140 3238 1206 Quocirca
3283 1140 3406 1195 haac
3434 1158 3563 1213 quae

1910 1244 2166 1299 superna
2204 1226 2606 1297 inspiratione.
2640 1228 2939 1281 communi
2991 1244 3280 1283 consensu
3329 1228 3562 1300 placue-

1909 1322 2067 1383 runt,
2102 1316 2329 1387 siquis
2390 1319 2727 1370 sanctorum
2788 1316 3141 1383 antistitum,
3184 1316 3285 1389 qui
3344 1321 3564 1373 statuta

1908 1403 2221 1477 praesentia
2267 1404 2804 1475 subscriptionibus
2855 1405 3108 1476 propriis
3156 1406 3557 1475 ﬁrmaverunt,

1907 1510 2133 1549 necnon
2165 1497 2223 1547 et
2253 1510 2401 1564 quos
2433 1508 2636 1547 eorum
2669 1493 2822 1547 Deus
2861 1509 2987 1547 esse
3033 1492 3283 1548 voluerit
3328 1486 3560 1550 succes-

1905 1578 2089 1650 sores,
2124 1581 2326 1636 relicta
2368 1581 2705 1652 integritate
2754 1580 3176 1637 observationis
3224 1583 3558 1653 excesserit,

1906 1687 2072 1726 reum
2104 1686 2166 1725 se
2193 1669 2515 1739 divinitatis
2547 1670 2766 1740 pariter
2806 1674 2863 1726 et
2911 1670 3299 1726 fraternitatis
3335 1670 3562 1743 judicio

1904 1760 2173 1813 futurum
2206 1774 2335 1812 esse
2364 1761 2699 1829 cognoscat.
2739 1779 2760 1806 ι

1978 1846 2118 1901 LVI.
2148 1847 2400 1901 Sanctus
2430 1845 2737 1911 Caesarius,
2769 1846 3038 1900 Ecclesia:
3067 1845 3423 1903 Arelatensis
3446 1849 3564 1920 epi-

1904 1952 2139 2007 scopus,
2164 1935 2336 2005 cujus
2364 1933 2643 1988 meritum
2664 1937 2722 1987 et
2746 1933 3072 1988 doctrinam
3093 1934 3211 1989 vita
3230 1936 3358 2006 ejus
3379 1939 3438 1991 et
3458 1937 3564 1993 mi-

1903 2023 2104 2078 racula
2124 2022 2345 2093 scripta
2368 2025 2425 2076 et
2446 2020 2634 2076 multa
2650 2038 2716 2076 ac
2734 2021 3013 2093 praeclara
3030 2023 3157 2093 ejus
3176 2029 3563 2080 monumenta

1902 2115 2216 2177 testantur,
2250 2114 2306 2165 et
2337 2125 2471 2165 cum
2502 2127 2567 2165 eo
2598 2109 2698 2164 alii
2728 2110 2971 2183 triginta
3000 2111 3259 2182 quinque
3299 2112 3557 2186 episcopi

1900 2201 1990 2257 vel
2021 2199 2219 2255 vicarii
2249 2199 2678 2272 episcoporum,
2702 2200 3037 2271 congregati
3069 2198 3129 2253 in
3159 2217 3347 2255 unum
3370 2200 3430 2255 in
3453 2219 3556 2256 no-

1903 2290 2062 2344 mine
2092 2288 2324 2343 Domini
2356 2303 2459 2360 pro
2502 2287 2842 2343 defensione
2889 2292 2947 2342 et
2992 2288 3436 2345 confirmatione
3461 2306 3556 2346 ca-

1900 2378 2130 2434 tholica:
2160 2376 2440 2445 veritatis,
2475 2376 2627 2431 inter
2655 2381 2864 2431 caetera
2896 2380 3231 2431 statuerunt
3258 2376 3342 2433 ita
3369 2378 3555 2447 (Cone.

1900 2467 2093 2538 Agath.
2125 2483 2244 2521 can.
2282 2466 2370 2537 40)
2396 2482 2408 2520 :
2441 2484 2463 2514 α
2488 2464 2705 2520 Omnes
2736 2464 3010 2537 deinceps
3041 2466 3258 2535 clerici,
3284 2466 3403 2522 sive
3422 2467 3554 2525 laici

1900 2557 2238 2613 Judaeortlm
2270 2553 2533 2609 convivia
2560 2553 2792 2621 evitent,
2809 2559 2865 2608 et
2885 2572 2989 2609 nec
3011 2572 3109 2610 eos
3131 2556 3201 2610 ad
3227 2556 3556 2613 convivium

1903 2645 2037 2718 quis
2058 2643 2327 2716 excipiat.
2344 2641 2490 2710 Quia
2509 2659 2645 2697 cum
2669 2643 2824 2713 apud
2849 2642 3211 2699 Christianos
3234 2643 3380 2700 cibis
3402 2662 3556 2702 com-

1903 2734 2186 2789 munibus
2217 2750 2334 2787 non
2366 2735 2631 2801 utantur,
2656 2731 2969 2804 indignum
3000 2735 3088 2786 est
3116 2737 3291 2803 atque
3313 2733 3555 2789 sacrile-

1904 2838 2044 2896 gum
2078 2837 2281 2876 eorum
2313 2820 2476 2874 cibos
2508 2837 2543 2873 a
2573 2818 2923 2874 Christianis
2955 2819 3134 2887 sumi,
3157 2836 3291 2875 cum
3314 2837 3383 2876 ea
3401 2838 3555 2892 quae,

1902 2909 2180 2982 Apostolo
2212 2907 2608 2980 permittente,
2640 2924 2747 2961 nos
2777 2908 3092 2974 sumimus,
3123 2908 3197 2962 ab
3236 2907 3353 2964 illis
3391 2909 3559 2979 judi-

1905 3002 2113 3055 centur
2140 2995 2468 3052 immunda.
2500 2996 2579 3049 Ac
2610 2994 2693 3049 sic
2745 2994 3029 3065 incipiant
3074 2996 3379 3052 inferiores
3429 3013 3573 3054 esse

1907 3084 2180 3144 catholici
2212 3101 2390 3155 quam
2420 3082 2642 3150 Judaei;
2678 3083 2725 3137 si
2760 3099 2867 3137 nos
2888 3082 2980 3137 his
3002 3100 3128 3154 qua:
3152 3084 3223 3139 ab
3247 3083 3364 3140 illis
3386 3102 3561 3158 appo-

1908 3178 2132 3232 nuntur
2151 3170 2500 3238 utamur,illi
2522 3187 2655 3225 vero
2670 3188 2702 3225 a
2716 3170 2884 3225 nobis
2906 3170 3101 3226 oblata
3121 3176 3553 3230 contemnant.»

1981 3264 2151 3319 LVII.
2186 3262 2438 3329 Priscus,
2473 3259 2738 3314 Ecclesia:
2771 3260 3182 3331 Lugdunensis
3224 3261 3555 3334 episcopus,

142 3354 339 3422 tionis,
375 3354 474 3408 sed
511 3353 794 3424 spelunca
822 3353 1140 3408 latronum.
1174 3354 1334 3409 Unde
1373 3352 1612 3407 omnino
1644 3352 1796 3407 indi-
1828 3335 1872 3402 (Ζ
1908 3351 2246 3409 Arthemius
2268 3347 2920 3415 Senonicmﬁemedius
2941 3348 3300 3421 Biturigaa,et
3318 3354 3558 3407 sanctus

143 3458 323 3515 gnum
337 3445 556 3509 erat,ut
567 3442 810 3497 domum
842 3440 1570 3513 sacrilegiietbasphemiaa
1592 3458 1795 3496 eorum

144 3533 427 3588 adversus
458 3530 779 3596 Christum,
804 3529 1121 3586 Christiani
1154 3530 1463 3602 erigerent.
1492 3532 1563 3585 Et
1593 3530 1641 3585 si
1664 3530 1795 3600 hoc,

146 3624 386 3694 cogente
418 3618 1011 3690 imperatore,fuisset
1041 3618 1453 3687 factum,ﬁeret
1473 3618 1599 3674 sine
1620 3619 1799 3673 dubio

146 3709 464 3782 imperator
494 3707 841 3763 Christianae
873 3706 1171 3780 religionis
1203 3708 1629 3778 przevaricator.
1655 3707 1802 3773 Quia

147 3796 226 3853 ita
252 3797 388 3853 istis
418 3796 478 3851 in
529 3796 862 3851 forensibus
920 3794 1116 3851 causis
1173 3795 1410 3867 negotia
1457 3814 1564 3851 sua
1610 3795 1802 3850 civilia

150 3902 315 3959 agere
344 3901 697 3941 concessum
729 3888 839 3955 est,
872 3888 937 3939 ut
963 3888 1162 3939 tamen
1193 3884 1499 3957 sacrilegia
1536 3885 1800 3956 ipsorum
1822 3926 1844 3941 .

151 3990 380 4047 semper
395 3972 810 4041 abominanda,
827 3989 1132 4043 nunquam
1150 3972 1643 4028 communicanda
1661 3973 1799 4028 sint.

153 4062 371 4129 Quibus
403 4078 476 4116 ne
506 4061 877 4117 Christianus
900 4061 1220 4133 imperator
1243 4064 1300 4116 et
1319 4060 1688 4116 Christianus
1709 4078 1805 4132 po-

153 4151 325 4223 pulus
374 4150 809 4224 praevaricando
859 4150 1381 4229 communicarent,
1427 4150 1516 4205 vir
1561 4153 1804 4204 sanctus

156 4239 499 4314 martyrium
526 4255 590 4296 se
619 4239 867 4295 credidit
896 4238 1176 4310 accipere,
1212 4237 1261 4293 si
1293 4254 1397 4308 pro
1427 4236 1531 4293 tali
1562 4253 1623 4293 re
1643 4254 1804 4292 mor-

156 4332 268 4386 tem
297 4329 544 4386 subiret.

224 4417 336 4473 LV.
366 4417 675 4473 Alchimus
710 4416 933 4483 Avitus,
967 4415 1236 4471 Ecclesia:
1284 4414 1635 4471 Viennensis
1666 4400 1804 4487 'epi-

158 4522 389 4579 scopus,
420 4505 671 4562 eximius
702 4509 759 4561 et
788 4504 1149 4560 orthodoxus
1192 4504 1427 4572 doctor;
1460 4506 1518 4558 et
1566 4507 1807 4559 sanctus

158 4595 529 4667 Apollinaris,
571 4595 881 4667 episcopus
929 4592 1200 4649 Ecclesia:
1248 4591 1602 4660 Valentinte;
1636 4594 1808 4664 cujus

1909 3439 2186 3515 Syagrius
2218 3438 2551 3494 Heduorum
2584 3437 2916 3508 episcopus,
2951 3453 3087 3492 cum
3120 3438 3343 3492 caeteris
3374 3438 3558 3510 pluri-

1907 3533 2039 3598 bus,
2056 3532 2280 3585 statuta
2302 3525 2699 3581 ecclesiastica
2728 3526 3118 3594 renovantec,i
3129 3530 3189 3581 ta
3208 3526 3563 3584 deﬁnierunt

1909 3621 2093 3691 (Cone.
2140 3617 2344 3672 Mutisc.
2377 3633 2416 3686 1,
2451 3632 2575 3670 can.
2610 3615 2695 3684 13)
2731 3630 2744 3667 :
2787 3634 2813 3665 α
2844 3614 2925 3668 Ne
2974 3614 3159 3669 Judaei
3213 3614 3561 3673 Christianis

1909 3708 2143 3783 populis
2165 3704 2397 3777 judices
2428 3705 2805 3775 deputentur,
2828 3707 2930 3758 aut
2960 3703 3261 3759 telonearii
3282 3720 3411 3760 esse
3431 3722 3561 3777 per-

1911 3799 2225 3853 mittantur
2248 3810 2260 3849 :
2297 3810 2400 3865 per
2429 3792 2587 3863 quod
2616 3791 2735 3845 illis
2760 3792 2937 3862 (quod
2961 3791 3115 3846 Deus
3136 3795 3380 3860 avertat)
3404 3793 3564 3847 Chri-

1911 3886 2087 3943 stiani
2105 3884 2417 3938 videantur
2438 3897 2565 3934 esse
2580 3878 3177 3950 subjecti.:(Can.14.)
3197 3899 3223 3930 ι
3236 3878 3560 3948 Ηωυάωίε,

1912 3993 1947 4031 a
1977 3989 2142 4029 caena
2168 3968 2400 4026 Domini
2435 3983 2621 4038 usque
2651 3966 2711 4020 in
2746 3965 2937 4036 prima
2969 3965 3193 4021 Pascha
3213 3968 3563 4033 (secundum

1912 4062 2168 4119 edictum
2202 4059 2364 4112 bonae
2398 4052 2817 4110 recordationis
2847 4053 3049 4109 domni
3089 4052 3442 4109 Childeberti
3474 4072 3564 4111 re-

1914 4150 2023 4224 gis)
2056 4164 2160 4220 pcr
2187 4145 2413 4217 plateas
2442 4146 2544 4198 aut
2572 4141 2970 4213 forum,quasi
3005 4141 3331 4198 insultandi
3362 4159 3562 4213 causa,

1914 4231 2330 4295 deambulandi
2361 4230 2599 4285 licentia
2627 4231 2946 4304 denegetur
2968 4248 2981 4285 :
3007 4234 3064 4286 et
3084 4235 3151 4287 ut
3180 4230 3564 4288 reverentiam

1914 4325 2144 4384 cunctis
2157 4320 2562 4378 sacerdotibus
2575 4319 2829 4388 Domini,
2842 4319 2928 4375 vel
2944 4320 3170 4376 clericis
3183 4320 3565 4394 impendant:

1916 4434 2022 4473 nec
2053 4418 2188 4471 ante
2219 4409 2552 4467 sacerdotes
2574 4425 2919 4465 consessum
2941 4408 3056 4465 nisi
3077 4410 3329 4465 ordinati
3350 4410 3567 4466 habere

1917 4498 2464 4580 prmsumantQuod
2479 4497 2527 4552 si
2542 4498 2789 4553 fortasse
2810 4498 2997 4553 facere
3017 4498 3516 4570 prmsumpserint,
3533 4512 3577 4554 a‘

1908 4593 2214 4668 judicibus
2233 4589 2495 4644 locorum
2517 4590 2715 4657 (prout
2735 4601 2988 4657 persona
3011 4585 3205 4658 fuerit)
3218 4583 3571 4658 distringim-

161 4685 366 4740 merita
393 4685 601 4741 crebra
619 4686 669 4756 ej
680 4701 749 4739 us
769 4682 1055 4738 miracula
1074 4698 1262 4754 usque
1283 4680 1455 4736 hodie
1476 4681 1811 4737 sublimiter
1840 4703 1888 4767 Β
1919 4690 2037 4742 tur.
2052 4703 2078 4734 ιι
2099 4678 2386 4767 (Can.15.)
2405 4676 2513 4767 aEt
2535 4678 2600 4729 ut
2621 4673 2819 4730 nullus
2841 4672 3211 4767 Christianus
3230 4673 3569 4767 udreorum

162 4774 479 4841 testantur;
514 4776 572 4829 et
600 4776 843 4828 sanctus
871 4769 1205 4844 Gregorius,
1241 4769 1570 4842 Lingonicze
1615 4770 1811 4826 Eccle-

163 4858 255 4916 siae
285 4861 598 4934 episcopus
643 4862 817 4932 cujus
865 4859 1043 4916 etiam
1093 4859 1407 4914 reverenda
1437 4860 1721 4914 memoria
1752 4860 1811 4915 in

164 4948 419 5007 Ecclesia
477 4950 673 5017 floret;
722 4954 781 5006 et
838 4951 1047 5005 beatus
1101 4945 1483 5015 Viventiolus,
1546 4948 1811 5005 Ecclesiae

169 5036 574 5111 Lugdunensis
594 5038 1107 5112 episcOpus,cujus
1131 5035 1456 5092 doctrinam
1478 5037 1656 5093 etiam
1678 5038 1816 5095 alio-

169 5140 292 5181 rum
323 5127 396 5183 de
427 5144 494 5183 eo
524 5127 745 5199 scripta
774 5131 1090 5195 testantur,
1121 5143 1257 5181 cum
1281 5124 1411 5180 aliis
1433 5126 1638 5198 viginti
1664 5145 1817 5184 reve-

170 5215 519 5272 rentissimis
540 5215 852 5288 episcopis,
882 5216 942 5270 in
965 5215 1203 5271 nomine
1223 5213 1456 5269 Domini
1481 5217 1815 5289 congregati

171 5317 270 5371 pro
302 5303 638 5361 defensione
668 5310 726 5361 et
755 5309 916 5362 statu
946 5303 1236 5372 Ecclesiae,
1271 5303 1342 5357 de
1386 5320 1447 5359 re
1486 5303 1615 5375 jam
1664 5306 1821 5361 diota

173 5388 250 5445 ita
273 5391 429 5461 inter
459 5398 669 5449 caetera
700 5398 1034 5450 statuerunt
1065 5394 1249 5465 (Cone.
1282 5392 1511 5464 Epaon.,
1543 5410 1665 5448 can.
1692 5396 1779 5465 15)
1804 5413 1817 5450 :

179 5498 199 5527 ι
233 5478 292 5534 Si
329 5481 652 5552 superioris
683 5482 793 5539 loci
826 5482 1075 5539 clericus
1115 5479 1371 5536 haeretici
1418 5483 1825 5556 cujuscunque

182 5568 436 5625 convivio
485 5569 835 5641 interfuerit,
880 5571 1019 5627 anni
1070 5569 1259 5643 spatio
1307 5586 1510 5640 pacem
1560 5570 1827 5628 Ecclesia:

175 5670 285 5710 non
326 5656 589 5714 habebit.
622 5662 782 5727 Quod
809 5661 1080 5733 juniorcs
1110 5658 1328 5727 clerici,
1362 5657 1411 5712 si
1443 5674 1831 5731 praesumpse-

181 5742 314 5813 rint,
354 5746 737 5818 vapulabunt.
759 5751 807 5805 A
833 5750 1172 5806 Judaeorum
1202 5764 1336 5803 vero
1359 5746 1636 5804 conviviis
1656 5750 1832 5806 etiam

1921 4770 2201 4829 conviviis
2231 4764 2580 4839 participare
2611 4762 3117 4835 praesumatQuod
3150 4762 3200 4818 si
3232 4762 3421 4818 facere
3441 4762 3571 4835 qui-

1922 4876 2157 4932 cunque
2188 4856 2363 4931 (quod
2396 4854 2561 4909 nefas
2594 4857 2682 4908 est
2712 4852 2846 4925 dici)
2869 4852 3256 4921 clericus,aut
3275 4851 3575 4908 saecularis

1923 4944 2364 5025 praesumpserit
2394 4944 2465 4997 ab
2497 4941 2764 4997 omnium
2795 4941 3262 4997 Christianorum
3281 4940 3575 4998 consortio

1924 5059 1985 5098 se
2008 5034 2230 5094 noverit
2246 5031 2633 5089 coercendum
2656 5029 2927 5102 quisquis
2942 5046 3144 5086 eorum
3170 5029 3576 5102 impietatibus

1924 5128 2101 5186 fuerit
2148 5121 2512 5195 inquinatus.
2544 5137 2571 5170 η
2609 5118 2765 5187 (Can.
2810 5118 2921 5190 16.)
2959 5138 2981 5166 ι
3013 5118 3085 5173 Et
3130 5118 3267 5175 licet
3314 5117 3458 5190 quid
3506 5117 3577 5172 de

1923 5213 2292 5280 Christianis,
2309 5209 2410 5281 qui
2431 5212 2535 5264 aut
2553 5207 2905 5279 captivitatis
2937 5207 3199 5275 incursu,
3216 5210 3318 5262 aut
3338 5204 3577 5278 quibus-

1929 5320 2159 5377 cunque
2187 5298 2517 5365 fraudibus,
2545 5297 2883 5351 Judaeorum
2915 5296 3150 5351 servitio
3199 5294 3582 5368 implicantur

1931 5396 2140 5453 debeat
2170 5386 2473 5453 custodiri,
2497 5401 2612 5438 non
2639 5384 2829 5440 solum
2860 5384 3286 5453 eanonicis,sed
3307 5381 3581 5454 etlegum

1932 5479 2233 5542 beneﬁciis
2256 5479 2383 5548 jam
2411 5473 2638 5546 pridem
2689 5473 2864 5529 fuerit
2910 5473 3301 5528 constitutum
3337 5488 3350 5527 :
3382 5475 3583 5527 tamen

1937 5572 2075 5646 quia
2105 5584 2260 5623 nunc
2289 5566 2373 5619 ita
2402 5562 2794 5634 quorumdam
2818 5561 3055 5633 querela
3078 5563 3277 5617 exorta
3300 5563 3586 5631 est,quos—

1940 5657 2320 5719 damJudmos
2333 5668 2435 5723 per
2447 5650 2711 5705 civitates
2727 5654 2828 5705 aut
2845 5649 3166 5721 municipia
3178 5649 3584 5716 consistentes,

1942 5753 2001 5807 in
2034 5751 2257 5805 tantam
2290 5738 2661 5796 insolentiam
2693 5742 2749 5794 et
2778 5739 3126 5811 proterviam
3149 5736 3510 5812 prorupisse,
3525 5742 3594 5798 ut
