3914 6372
341 431 459 518 13.3

1092 431 1497 495 AMULONIS
1539 430 1786 511 EBISG.
1832 431 1987 504 Luc

2311 429 2623 506 CONTRA
2661 427 3006 493 JUDIEOS.

3642 426 3760 492 184

336 581 446 630 nec
475 564 864 623 reclamantes
891 563 1258 624 Christianos
1282 563 1454 622 liceat
1479 563 1576 619 vel
1613 565 1698 619 ad.
1734 563 1989 637 pretium
2017 564 2075 632 Α
2103 578 2244 638 gum
2269 563 2545 636 judicanl.
2571 579 2702 621 esse
2733 562 3088 630 convivium,
3118 565 3179 619 et
3206 561 3543 635 quicunque
3571 563 3631 619 in
3653 563 3763 622 bus

335 655 407 714 de
437 669 638 712 eorum
670 669 842 726 posse
874 654 1153 713 servitute
1184 653 1428 710 absolvi.
1464 653 1685 709 Idcirco
1716 653 1990 726 praesenti

335 742 601 811 concilio,
635 743 751 798 Deo
783 746 1039 812 auctore,
1061 743 1382 812 sancimus,
1399 747 1464 799 ut
1485 741 1685 799 nullus
1708 742 1990 800 Christia-

331 849 446 890 nus
472 832 672 888 Judzeo
704 831 980 904 deinceps
1003 833 1213 888 debeat
1233 832 1558 900 deservire;
1587 833 1690 888 sed
1713 832 1866 888 datis
1888 849 1992 904 pro

332 920 591 994 quolibet.
620 921 773 977 bono
823 921 1118 993 mancipio
1169 921 1482 977 duodecim
1534 921 1760 987 solidis,
1794 920 1992 994 ipsum

331 1009 695 1082 mancipium
727 1011 1067 1084 quicunque
1096 1010 1602 1078 Christianus,seu
1634 1011 1706 1065 ad
1731 1009 1997 1083 ingenui-

329 1102 533 1168 tatem,
551 1099 670 1156 sive
695 1100 768 1155 ad
790 1099 1093 1156 servitium
1112 1098 1412 1155 licentiam
1430 1099 1647 1154 habeat
1668 1099 1994 1154 redimendi

331 1187 480 1258 Quia
508 1187 674 1246 nefas
705 1193 796 1245 est
822 1193 890 1245 ut
921 1205 1070 1261 quos
1099 1188 1369 1244 Christus
1416 1188 1703 1243 Dominus
1753 1187 1995 1260 sangui-

334 1275 544 1340 nis,sui
560 1277 846 1334 effusione
868 1277 1588 1348 redemit,persecutorum
1604 1277 1853 1332 vinculis
1876 1294 1999 1348 per-

334 1369 614 1424 maneant
641 1365 874 1423 irretiti.
911 1366 1072 1432 Quod
1107 1365 1154 1422 si
1190 1365 1562 1438 acquiescere
1592 1365 1685 1420 his
1717 1382 1846 1438 qua
1879 1370 1998 1420 sta-

334 1453 563 1524 tuimus
589 1455 928 1526 quicunque
957 1453 1199 1510 Judzeus
1232 1453 1786 1527 noluerit,quandiu
1811 1455 1883 1510 ad
1907 1471 2000 1526 pe-

336 1544 578 1602 cuniam
603 1545 986 1600 constitutam
1019 1543 1214 1599 venire
1245 1543 1561 1612 distulerit,
1590 1543 1764 1599 liceat
1785 1543 2004 1598 manci'

337 1633 433 1708 pio
464 1632 579 1706 ipsi
609 1649 744 1692 cum
775 1632 1122 1690 Christianis
1155 1631 1493 1705 ubicunque
1521 1632 1788 1700 voluerit,
1825 1632 2000 1688 habi-

336 1725 480 1776 tare.
505 1721 654 1777 Illud
687 1721 864 1776 etiam
894 1719 1226 1793 specialiter
1255 1721 1769 1792 sancientes,quod
1791 1722 1838 1778 si
1865 1721 1999 1793 quis

333 1810 577 1878 Judaeus
607 1809 1007 1866 Christianum
1035 1808 1399 1881 mancipium
1426 1811 1497 1864 ad
1521 1825 1777 1865 errorem
1801 1810 2001 1866 Judai-

2093 653 2424 726 juscemodi
2461 653 2578 709 illis
2606 652 3024 722 communicat,
3050 652 3316 725 ipsorum
3347 651 3761 724 impietatibus

2101 747 2373 798 asserunt
2405 743 2803 814 inquinatum.
2839 742 2987 809 Quid
3020 757 3156 815 ergo
3189 740 3358 797 nobis
3388 743 3460 797 ad
3492 741 3613 800 haec
3660 758 3762 798 co-

2101 833 2364 888 nandum
2392 836 2497 899 est,
2533 837 2592 888 et
2618 833 2932 904 agendum,
2966 830 3080 887 nisi
3131 835 3200 886 ut
3247 831 3308 886 in
3357 829 3520 887 nullo
3553 847 3762 893 eorum

2101 922 2231 977 vita:
2263 926 2320 977 et
2351 921 2548 988 saluti,
2585 926 2686 976 aut
2715 920 2899 993 quieti
2926 920 3015 977 vel
3047 920 3270 976 divitiis
3291 919 3766 988 invidentes,imo

2104 1027 2306 1066 eorum
2335 1027 2533 1066 veram
2565 1011 2816 1066 salutem
2841 1009 2967 1082 (pro
2998 1026 3117 1082 qua
3134 1009 3393 1068 Ecclesia
3424 1008 3767 1070 solemniter

2105 1116 2272 1154 orare
2324 1099 2648 1166 consuevit)
2693 1099 2976 1156 veraciter
3023 1099 3410 1171 inquirentes,
3461 1115 3767 1156 servemus

2105 1205 2245 1260 erga
2273 1205 2371 1244 eos
2394 1188 2852 1244 ecclesiasticam
2879 1188 3275 1246 sinceritatem
3299 1205 3367 1248 ac
3387 1187 3765 1260 disciplinam

2106 1282 2164 1334 et
2193 1278 2542 1333 commissos
2574 1278 2748 1335 nobis
2778 1277 3041 1338 fidelium
3091 1276 3360 1350 populos,
3394 1277 3558 1341 nullo
3586 1279 3768 1338 modo

2107 1383 2309 1423 eorum
2343 1367 2631 1439 contagiis
2660 1371 2716 1424 et
2746 1366 3070 1440 sacrilegiis
3100 1367 3311 1428 involvi
3345 1367 3674 1440 patiamur!

2183 1456 2292 1511 LX.
2326 1456 2604 1520 Homines
2652 1472 2909 1528 namque
2958 1455 3238 1528 perditos,
3271 1461 3330 1514 et
3373 1455 3772 1528 perditionem

2109 1561 2279 1600 suam
2314 1562 2428 1604 non
2458 1545 2722 1600 videntes
2754 1544 2833 1613 (id
2861 1549 2952 1601 est
2973 1545 3134 1616 ipsos
3161 1545 3417 1617 Judmos)
3442 1562 3558 1602 non
3591 1545 3771 1602 debe-

2109 1649 2246 1690 mus
2277 1634 2496 1690 nostris
2525 1633 2827 1690 blanditiis
2857 1638 2915 1689 et
2957 1632 3415 1702 adulationibus,
3447 1633 3537 1690 vel
3585 1635 3778 1706 (quod

2111 1723 2289 1790 absit)
2321 1722 2760 1779 defensionibus
2791 1722 3031 1778 reddere
3062 1721 3214 1782 male
3243 1737 3504 1786 securos.
3527 1721 3611 1778 Ne
3631 1739 3778 1794 quo-

2111 1829 2243 1867 rum
2275 1811 2557 1867 debemus
2583 1827 2712 1866 esse
2741 1814 3118 1875 correctores,
3141 1810 3473 1867 efficiamur
3501 1811 3777 1883 decepto-

332 1917 468 1966 cum
501 1898 800 1956 convictus
832 1897 1000 1954 fueril
1032 1898 1419 1970 persuasisse,
1455 1902 1513 1954 et
1542 1897 1669 1970 ipso
1702 1899 1996 1971 mancipio
2027 1937 2072 1998 Β
2112 1918 2224 1956 res.
2250 1899 2533 1965 Qualibus
2556 1898 2843 1954 Dominus
2859 1914 2963 1970 per
2977 1898 3769 1971 prophetamcomminatur,

331 1991 548 2057 careat,
582 1992 640 2045 et
671 1987 841 2060 legali
875 1987 1252 2043 damnatione
1285 1987 1592 2059 plectatur.
1625 2007 1653 2038 ιδ

403 2077 599 2132 LVIII.
633 2077 886 2132 Sanctus
915 2076 1115 2146 Lupus
1137 2075 1629 2130 Trecassenorum
1655 2075 1990 2147 episcopus,

333 2171 391 2222 et
420 2182 556 2220 cum
588 2181 655 2221 eo
687 2164 786 2220 alii
814 2163 1021 2236 viginti
1054 2153 1304 2236 quatuor
1343 2162 1621 2237 episc0pi,
1656 2163 1744 2219 vel
1792 2163 1991 2219 vicarii

335 2256 768 2328 episcoporum,
785 2251 1129 2309 similiterin
1149 2253 1384 2308 nomine
1402 2252 1635 2308 Domini
1655 2253 1836 2308 nostri
1850 2253 1880 2308 J
1887 2271 1991 2308 esu

335 2343 552 2402 Christi
585 2341 939 2416 congregati,
973 2359 1077 2413 pro
1108 2342 1303 2398 causis
1348 2343 1608 2415 corporis
1659 2343 1788 2411 ejus
1835 2344 1989 2413 quod

337 2439 428 2491 est
445 2431 883 2499 Ecclesia,inter
904 2431 1088 2486 multa
1109 2431 1229 2486 haec
1253 2431 1427 2487 etiam
1449 2435 1784 2487 statuerunt
1806 2434 1988 2497 (Cone.

337 2523 525 2582 Aurel.
559 2537 643 2589 tu,
677 2537 799 2576 can.
832 2521 960 2587 30):
995 2541 1020 2572 ι
1043 2519 1188 2585 Quia
1218 2520 1332 2575 Deo
1365 2519 1614 2592 propitio
1647 2521 1756 2574 sub
1788 2519 1992 2574 catho-

337 2612 586 2677 licorum
616 2625 820 2682 regum
852 2607 1250 2663 dominatione
1290 2607 1706 2674 consistimus;
1739 2607 1924 2662 Judaei
1960 2625 1994 2662 a

339 2701 433 2757 die
462 2717 638 2756 omne)
664 2697 894 2754 Domini
929 2714 1117 2769 usque
1148 2696 1207 2752 in
1241 2699 1500 2753 secunda
1521 2696 1752 2752 sabbati
1766 2695 1838 2750 -in
1864 2696 1996 2751 Pas-

337 2791 585 2859 cha,hoc
604 2792 710 2857 est,
733 2787 795 2842 in
819 2787 944 2860 ipso
976 2786 1314 2859 quatriduo,
1330 2787 1644 2858 procedere
1666 2784 1817 2844 inter
1836 2784 1995 2838 Chri-

337 2881 585 2949 stianos,
616 2894 806 2951 neque
840 2875 1142 2933 catholicis
1173 2874 1409 2948 populis
1458 2891 1522 2932 se
1568 2873 1690 2928 ullo
1735 2873 1880 2945 loco,
1904 2873 1993 2929 vel

335 2985 687 3046 quacunque
715 2966 1021 3022 occasione
1045 2964 1291 3020 miscere
1312 2967 1695 3034 praesumant.
1727 2985 1747 3011 ιι
1778 2963 1836 3017 In
1865 2980 1997 3017 con-

335 3060 468 3122 cilio
501 3057 826 3114 Laodiceae
856 3055 1086 3124 (can.37
1107 3062 1158 3109 et
1178 3055 1268 3121 38)
1301 3056 1590 3107 statutum
1624 3057 1751 3108 est:
1784 3073 1805 3099 ι
1831 3053 1993 3118 Quod

337 3167 452 3216 non
483 3149 748 3221 oporteat
771 3163 806 3200 a
824 3143 1044 3200 Judmis
1074 3142 1163 3198 vel
1196 3139 1586 3208 hazreticis,ea
1606 3159 1734 3214 quae
1757 3141 1994 3197 mittun-

334 3245 433 3296 tur
463 3252 710 3293 munera
733 3233 940 3290 festiva
963 3230 1395 3304 suscipcro,nec
1418 3247 1553 3286 cum
1578 3231 1662 3286 eis
1687 3233 1834 3286 festa
1854 3231 1995 3287 cele-

2104 1989 2340 2056 dicens:
2382 2007 2404 2034 α
2440 1989 2510 2042 Et
2539 1991 2714 2046 erunt
2745 1987 2846 2059 qui
2878 1987 3532 2060 beatiﬁeantpopulum
3559 1988 3771 2055 istum,

2107 2100 2136 2132 ιι
2164 2081 2222 2132 et
2253 2075 2350 2147 qui
2375 2076 3161 2147 beatificantur,pra3cipitati
3183 2079 3316 2146 (1.5a.
3344 2094 3422 2145 Ix,
3458 2078 3567 2148 16).
3597 2101 3622 2138 I.
3649 2079 3779 2139 Sed

2100 2164 2409 2235 vigilanter
2439 2181 2642 2220 eorum
2683 2163 3001 2238 reprimere
3053 2164 3475 2236 blasphemiae,
3510 2169 3572 2222 et
3615 2165 3776 2226 illud:

2102 2252 2186 2310 eis
2210 2253 2428 2324 saepius
2452 2252 2805 2318 annuntiare
2825 2254 2980 2325 quod
3004 2253 3149 2325 ipsis
3181 2253 3768 2317 Dominusterrjbili-

2101 2345 2189 2404 ter
2217 2342 2633 2409 comminatur,
2663 2343 2866 2398 dicens
2891 2359 2903 2398 :
2935 2362 2956 2391 α
2983 2344 3043 2398 Si
3065 2343 3222 2400 enim
3256 2359 3374 2398 non
3402 2343 3770 2406 credideritis

2105 2452 2132 2488 (ς
2167 2431 2308 2502 quia
2336 2448 2442 2501 ego
2465 2448 2619 2499 sum,
2639 2431 2968 2488 moriemini
2995 2431 3054 2486 in
3078 2431 3334 2504 peccatis
3353 2431 3561 2490 vestris
3583 2433 3765 2500 (Joan.

2108 2543 2136 2579 ε,
2165 2522 2412 2588 νιιι,24).
2436 2543 2456 2569 α
2479 2521 2963 2592 Compassionem
2977 2520 3764 2593 etbenignitatemApostoli,

2102 2613 2414 2684 quantum,
2452 2610 2571 2666 Deo
2603 2609 2904 2682 largiente,
2940 2626 3281 2681 possumus,
3315 2609 3618 2671 studentes
3638 2608 3770 2670 imi-

2104 2685 2372 2768 tari,quzn
2389 2699 2460 2754 de
2478 2697 2597 2752 illis
2617 2698 2701 2753 ait
2724 2714 2736 2753 :
2767 2721 2787 2748 ι
2815 2697 3133 2754 Veritatem
3157 2698 3286 2754 dico
3307 2697 3365 2754 in
3387 2697 3770 2763 Christo,non

2107 2808 2131 2834 ι
2164 2786 2435 2852 mentior,
2475 2786 2884 2842 testimonium
2909 2786 3056 2841 mihi
3089 2786 3432 2858 perhibente
3461 2786 3766 2842 conscien-

2108 2897 2130 2936 σς
2168 2873 2249 2928 tia
2281 2891 2412 2929 mea
2439 2873 2500 2930 in
2529 2875 2754 2946 Spiritu
2787 2880 3026 2939 sancto;
3061 2875 3342 2947 quoniam
3391 2873 3634 2932 tristitia
3675 2879 3769 2930 est

2109 2985 2131 3032 ς
2170 2962 2315 3017 mihi
2349 2981 2584 3036 magna,
2619 2969 2676 3020 et
2708 2964 3024 3020 continuus
3055 2963 3220 3020 dolor
3265 2963 3428 3020 cordi
3474 2980 3623 3031 meo,
3658 2980 3765 3035 pro

2111 3071 2133 3104 ς
2171 3051 2448 3107 fratribus
2480 3052 2628 3107 meis
2652 3053 2750 3124 qui
2798 3058 2940 3108 sunt
2986 3053 3220 3124 cognati
3269 3052 3383 3109 mei
3433 3052 3763 3110 secundum

2111 3159 2133 3194 σι
2168 3157 2424 3208 carnem,
2461 3142 2560 3212 qui
2595 3147 2738 3197 sunt
2772 3141 3045 3198 Israelitaa
3093 3143 3268 3210 (Rom.
3293 3159 3370 3209 ix,
3398 3142 3471 3210 1).
3493 3159 3521 3192 η
3562 3142 3630 3198 Et.
3657 3140 3763 3196 ite-

2112 3249 2139 3289 ς
2170 3247 2298 3284 rum
2327 3246 2340 3286 :
2377 3230 2905 3296 Fratres,voluntas
2935 3231 3176 3302 quidem
3208 3230 3401 3286 cordis
3424 3229 3558 3296 mei,
3582 3233 3641 3285 et
3661 3230 3763 3285 ob-

337 3329 528 3386 brare.
561 3326 633 3381 Et
663 3323 819 3396 quod
854 3338 970 3376 non
1004 3303 1270 3394 oporteat
1297 3337 1330 3374 a
1355 3319 1578 3375 Judmis
1626 3321 1818 3376 azima
1847 3320 1998 3376 acci-
2115 3339 2141 3376 (ι
2175 3319 2420 3374 secratio
2452 3320 2523 3374 ad
2557 3320 2741 3376 Deum
2776 3320 2842 3374 ﬁt
2868 3336 2972 3390 pro
3005 3318 3123 3374 illis
3154 3319 3213 3375 in
3245 3317 3494 3374 salutem
3516 3321 3763 3387 (Rom,x,

336 3433 494 3492 pere,
526 3419 584 3472 et
611 3411 1052 3470 communicare
1082 3407 1489 3481 impietatibus
1521 3426 1745 3465 eorum.
1785 3434 1806 3461 ι
1841 3411 1910 3465 Et
1939 3410 1998 3464 in

335 3505 450 3579 alio
482 3501 727 3560 concilio
779 3501 971 3573 ((onc.
1005 3499 1232 3554 Arvern.
1263 3515 1304 3560 ι,
1334 3514 1456 3552 can.
1485 3498 1540 3569 6)
1575 3513 1588 3552 :
1627 3517 1654 3549 α
1684 3497 1757 3553 Ut
1787 3497 1835 3552 si
1867 3498 2001 3570 quis

340 3595 598 3660 Judaicze
645 3589 939 3664 pravitati,
976 3586 1166 3660 jugali
1217 3586 1495 3640 societate
1539 3586 1920 3658 conjugitur;
1941 3586 1998 3641 id

345 3688 453 3751 est,
487 3699 591 3738 seu
634 3679 965 3736 Christiano
997 3677 1220 3742 Judzna,
1255 3675 1375 3731 sive
1422 3675 1623 3730 Judmo
1668 3675 2002 3732 Christiana

344 3771 559 3830 mulier
585 3768 806 3826 carnali
832 3764 1124 3821 consortio
1154 3763 1473 3818 misceatur
1499 3781 1511 3818 :
1539 3763 1754 3835 quique
1785 3763 1999 3820 horum

341 3865 576 3930 tantum
594 3860 758 3915 nefas
775 3857 844 3912 ad
855 3853 1086 3910 misisse
1106 3852 1830 3917 noscuntur,aChristiano
1853 3857 1996 3907 cantu

341 3956 518 4023 atque
549 3945 830 4012 convivio,
856 3948 913 3998 et
933 3961 966 3998 a
986 3941 1400 3996 communione
1429 3940 1693 3996 Ecclesize
1727 3943 1998 4014 protinus

342 4042 743 4113 segregantur.
783 4057 805 4082 ι

414 4128 554 4185 LIX.
586 4127 731 4181 Ecce
779 4117 1137 4178 sanctissimi
1187 4121 1245 4173 et
1289 4119 1745 4174 reverentissimi
1800 4123 1997 4191 patres

339 4215 736 4287 Ecclesiarum
760 4209 947 4278 Dei,et
964 4205 1145 4261 nostri
1164 4205 1222 4260 in
1248 4207 1489 4263 Domino
1514 4209 1995 4279 prmdeccssores,

339 4301 777 4376 evidentissime
805 4299 864 4356 in
898 4297 992 4352 his
1023 4295 1506 4361 omnibus,etiam
1539 4297 1650 4351 sub
1684 4296 1865 4351 divini
1891 4299 1996 4367 ju-

340 4389 478 4456 dicii
509 4387 923 4462 protestatione
953 4383 1265 4450 deﬁniunt,
1291 4389 1347 4439 et
1369 4384 1536 4440 nobis
1569 4385 1694 4440 sine
1725 4385 1999 4456 prmjudi-

339 4481 430 4552 cio
469 4477 922 4536 custodiendum
949 4473 1210 4540 tradunt,
1254 4474 1595 4529 Judzeorum
1645 4473 1996 4546 sacrilegam

338 4570 673 4640 societatem
704 4566 881 4636 (sicut
907 4568 965 4620 et
992 4566 1337 4619 czeterorum
1369 4562 1798 4630 hmreticorum)
1831 4563 1993 4634 peni-

463 4635 888 4725 detestandam,
913 4657 972 4711 et
997 4667 1200 4710 eorum
1231 4652 1542 4724 profanum
1567 4657 1742 4724 atque
1763 4651 1994 4709 sacrilc-
2025 4635 2070 4701 D

2117 3429 2144 3461 α
2171 3408 2243 3479 1),
2277 3427 2304 3458 η
2338 3413 2395 3463 et
2424 3407 2539 3464 alio
2570 3408 2696 3464 loco
2731 3425 2742 3464 :
2784 3429 2810 3460 ει
2842 3408 3113 3474 Quandiu
3161 3424 3266 3480 ego
3315 3424 3449 3466 sum
3497 3407 3764 3480 gentium

2118 3519 2148 3550 α.
2176 3496 2499 3569 apostolus,
2536 3497 2935 3554 ministerium
2983 3514 3182 3554 meum
3231 3495 3630 3554 honorificabo
3665 3513 3678 3550 :
3714 3496 3768 3552 si

2115 3604 2290 3657 «quo
2346 3588 2519 3641 modo
2579 3587 2650 3641 ad
2704 3587 3106 3642 azmulandum
3162 3601 3470 3657 provocem
3527 3600 3768 3642 carnem

2116 3697 2137 3725 ε
2173 3693 2388 3740 meam,
2419 3680 2477 3730 et
2508 3676 2699 3731 salvos
2733 3677 2940 3731 faciam
2973 3675 3202 3748 aliquos
3245 3692 3313 3730 ex
3343 3674 3479 3730 illis.
3514 3673 3572 3732 Si
3605 3673 3765 3729 enim

2117 3785 2146 3830 «ιΔ
2173 3765 2413 3820 amissio
2446 3782 2671 3833 eorum,
2706 3763 3101 3820 reconciliatio
3132 3767 3222 3820 est
3253 3762 3478 3829 mundi,
3513 3778 3765 3834 quatas-

2079 3913 2094 3922 _
2115 3875 2141 3906 α
2173 3853 2430 3923 sumptio
2460 3853 2569 3922 nisi
2605 3853 2724 3908 vita
2752 3871 2821 3910 ex
2852 3851 3764 3920 mortuis?(Rom.XI,13,M,15.)n

2110 3943 2409 3997 Postremo
2440 3942 2718 3998 omnibus
2742 3942 3092 4009 timendum,
3117 3941 3394 3998 omnibus
3416 3939 3762 4007 cavendum,

2109 4030 2358 4086 fideliter
2387 4030 2682 4088 inculcare
2714 4033 3031 4100 debemus;
3067 4048 3140 4087 ne
3169 4031 3326 4088 sicut
3357 4034 3615 4101 tempore
3637 4045 3768 4101 pas;

2108 4119 2294 4176 sionis
2323 4137 2440 4174 sum
2473 4121 2760 4176 Dominus
2785 4124 2981 4176 noster
2999 4121 3175 4176 Jesus
3201 4117 3767 4190 Christus,paciﬁca-

2108 4213 2277 4264 turus
2307 4209 2506 4268 omnia
2537 4227 2638 4280 per
2676 4210 3027 4279 sanguinem
3078 4209 3273 4268 crucis
3321 4224 3460 4274 suae,
3489 4206 3763 4266 venditus

2106 4303 2196 4352 est
2227 4315 2260 4351 a
2293 4298 2437 4352 falso
2469 4297 2756 4369 discipulo
2789 4303 2847 4352 et
2881 4302 3257 4370 comparatus
3289 4315 3322 4352 a
3350 4296 3516 4356 falsis
3562 4311 3764 4367 perse-

2106 4386 2428 4452 cutoribus,
2479 4387 2551 4441 ad
2610 4386 2979 4442 illudendum
3035 4390 3096 4444 et
3149 4385 3634 4458 cruciﬁgendum,
3683 4384 3762 4438 ita

2106 4491 2263 4530 nunc
2293 4480 2665 4546 comparetur
2695 4476 2768 4530 ab
2803 4475 3003 4547 impiis
3052 4475 3272 4533 Judzeis
3321 4474 3764 4548 quodammodo.

2105 4563 2180 4619 ad
2208 4563 2661 4635 vituperandum
2694 4563 2968 4622 licentius
2998 4569 3062 4621 et
3096 4564 3650 4637 blasphemandum.
