3914 6368
95 444 228 512 189

1665 467 1673 474 -
1703 447 1918 528 νιΤΑ,

3407 456 3538 521 190

93 586 258 638 antea
283 580 450 638 semel
478 581 762 658 impressis
806 597 991 658 recens
1011 581 1183 658 _typi§
1210 586 1351 658 sunt
1384 595 1625 658 excusse.
1658 579 1754 636 Ac-
1785 590 1840 658 Α
1869 596 1984 636 non
2006 580 2162 658 satis
2183 598 2254 658 se
2283 597 2490 658 capere
2518 582 2724 658 dicunt
2753 586 2894 658 quid
2937 585 3075 642 velit
3103 586 3426 657 Croweius,
3460 591 3523 648 in

92 661 373 710 cesserunt
395 661 600 726 praeter
629 653 727 708 has
755 660 808 709 et
831 655 960 708 alia:
989 653 1117 709 duae
1155 653 1404 708 Ιιοιηίιὶίιῖ
1435 654 1495 726 in
1523 653 1661 708 duas
1689 669 1760 726 ea;

95 724 424 797 Apocalypsi
473 725 746 790 lectiones,
789 741 1026 796 quarum
1066 725 1226 796 prior
1273 732 1398 797 ante
1445 724 1547 778 hac
1591 725 1759 779 semel

94 796 312 876 tantum
336 799 638 876 impressa,-
667 798 936 876 ριῃῖιινζίον
973 803 1098 876 ante
1127 799 1281 876 [tunc
1309 796 1455 876 diem
1487 797 1630 876 typis
1656 812 1758 851 ex-

93 885 225 924 cusa
252 869 367 938 fuit
393 866 694 939 nusquam.
721 867 897 922 Nulla
942 867 1280 939 przel‘atione
1310 866 1628 939 instruitur
1657 884 1758 938 po-

91 937 388 994 stremum
422 937 578 994 istud
610 938 906 994 volumen.
931 937 1164 993 Titulus
1197 942 1394 993 autem
1419 939 1530 993 iste
1562 937 1762 992 sic’di-

95 1010 348 1137 “genter
367 1010 586 1066 relatus
609 1009 780 1082 plane
801 1011 1168 1065 demonstrat
1185 1027 1302 1065 non
1324 1009 1471 1064 satis
1493 1013 1762 1064 accurate

96 1099 125 1137 e
172 1081 386 1137 itiones
409 1081 591 1137 huius
608 1081 800 1137 oneris
822 1081 1036 1136 relatas
1057 1081 1364 1137 hucusuue
1387 1085 1444 1134 et
1460 1080 1762 1136 diseussas

96 1080 386 1138 editiones
409 1081 591 1153 hujus
608 1080 800 1153 operis
822 1081 1036 1136 relatas
1057 1081 1364 1153 hucusque
1387 1085 1444 1134 et
1460 1080 1762 1153 discussas

99 1153 281 1209 fuisse
302 1171 349 1226 7a
379 1152 764 1226 scriptoribus
789 1153 875 1226 rei
906 1152 1223 1221 litterariae,
1248 1152 1765 1226 ut_conferent_i__ea

99 1243 227 1298 qua:
250 1225 480 1293 dicunt,
499 1223 740 1298 patebit.
757 1225 940 1281 Iidem
962 1242 1195 1297 quoque
1221 1223 1537 1296 scriptores
1558 1223 1763 1280 Gallici

1868 670 1976 732 suo
2005 652 2256 707 Elenclio
2277 652 2635 732 scriptorum
2656 657 2713 711 in
2739 652 2967 732 sacram
2991 659 3353 732 Scripturam
3385 652 3525 718 scri-

1868 725 2015 779 bens
2045 742 2332 806 annexam
2365 725 2492 806 esse
2539 726 2674 783 huic
2696 729 2873 806 pperi
2909 730 2965 784 in
2999 725 3524 806 omiiesEpistolas

1867 797 2660 871 canonicasenarrationem.
2696 797 2812 871 Ego
2852 818 2984 855 vero
3028 803 3183 857 unde
3215 797 3324 858 hoc
3356 822 3521 860 acce-

1869 867 2018 951 perit
2048 867 2326 951 anglieus
2345 869 2448 951 ille
2476 867 3337 951 scriptor,d_eprcbendissc.me
3366 876 3527 951 blan-

1869 938 2025 1011 dior;
2059 938 2315 994 ita’enim
2345 939 2473 1011 lego
2497 941 2552 994 in
2581 938 2748 996 titulo
2775 938 3154 999 llomiliarum
3178 945 3522 1002 hiemalium

1869 1009 2144 1065 editionis
2175 1009 2438 1081 ejusdem
2483 1018 2656 1067 antea
2685 1013 2952 1069 iudicatae
2989 1032 3001 1069 :
3035 1017 3218 1072 Additi
3253 1027 3382 1074 sunt
3408 1035 3523 1074 ser-

1868 1098 2054 1161 mones
2083 1083 2294 1161 aliquot
2319 1083 2682 1161 pultjierrimi
2709 1086 3274 1161 ejusdem[laymom's
3307 1091 3363 1161 in
3396 1091 3523 1161 Epi-

1869 1155 2035 1227 stolas
2073 1155 2382 1227 οιιηοῃὶοαδ.
2433 1156 2544 1210 Sed
2605 1155 2885 1212 evolventi
2915 1155 3225 1227 diligenter
3253 1155 3524 1216 volumen

1871 1223 2018 1282 illud
2053 1223 2326 1296 nuspiam
2357 1242 2456 1281 eos
2487 1227 2740 1298 reperire
2769 1229 2972 1284 datum
3004 1223 3114 1285 esi.

1278 1578 1546 1664 VITA
1607 1577 1716 1660 D.
1777 1575 2363 1664 HAYMONIS

922 1804 1210 1850 AUCTORE
1245 1803 1492 1849 JOANNE
1539 1799 1895 1846 TRITHEMIO
1940 1799 2183 1846 ΑΒΒΑΤΕ
2230 1802 2719 1850 SPANHEIMENSI.

167 2151 398 2224 Haymo
441 2146 653 2204 tertius
692 2145 1004 2218 episcopus
1041 2143 1534 2200 Halberstatensis
1570 2143 1764 2200 Eccle-
1793 2145 1844 2211 B

105 2239 200 2296 sim
253 2239 319 2294 in
373 2235 646 2304 Saxonis,
679 2251 746 2290 ex
778 2235 987 2290 abbate
1039 2233 1451 2290 llirsfeldensis
1498 2233 1767 2301 cmnobii,

107 2327 336 2386 ordinis
386 2326 578 2382 sancti
628 2323 944 2391 Benedicti,
979 2323 1216 2378 natione
1265 2323 1644 2389 Teutonicos,
1673 2322 1769 2378 Al-

106 2416 261 2474 cuini
288 2412 566 2471 monachi
585 2413 884 2486 quondam
907 2412 1158 2481 auditor,
1173 2413 1246 2468 ad
1269 2428 1445 2483 quem
1469 2412 1770 2480 llabanus,

110 2502 425 2563 Fuldensis
457 2506 600 2558 tunc
632 2501 834 2568 abbas,
853 2518 969 2557 xxn
999 2500 1178 2557 libros
1200 2501 1270 2558 de
1300 2500 1579 2556 Universo
1609 2517 1768 2556 com-

111 2593 335 2668 posuit;
365 2592 456 2647 vir
483 2594 635 2647 certe
687 2591 1077 2663 undecunque
1120 2590 1520 2661 doctissimus,
1545 2589 1768 2646 divina-

111 2699 237 2738 rum
261 2680 705 2754 Scripturarum
730 2679 1152 2752 sagacissimus
1175 2679 1486 2752 interpres,
1503 2681 1563 2734 in
1586 2679 1772 2735 decla-

111 2769 342 2827 mandis
363 2767 624 2825 homiliis
641 2768 712 2824 ad
737 2766 1022 2840 populum
1039 2767 1371 2824 excellentis
1395 2768 1614 2842 ingenii
1634 2768 1766 2824 fuit.

111 2860 211 2916 Hic
241 2859 437 2934 primo
480 2858 591 2914 fuit
639 2857 967 2913 monachus
999 2857 1309 2915 Fuldensis
1355 2857 1602 2914 emnobii
1632 2874 1768 2913 cum

113 2949 371 3016 Rabano,
405 2951 610 3021 postea
638 2946 830 3003 factus
851 2950 942 3002 est
965 2945 1174 3002 tertius
1205 2946 1390 3002 abbas
1419 2944 1770 3000 Hirsfelden-

115 3038 213 3106 sis,
240 3041 542 3110 postremo
561 3035 771 3092 tertius
793 3035 1104 3108 episcopus
1125 3033 1618 3090 Halberstatensis
1638 3049 1768 3090 con-

115 3131 398 3184 sacratus.
417 3125 699 3180 Eamdem
721 3123 1043 3180 Ecclesium
1066 3125 1239 3179 verbo
1258 3127 1316 3180 et
1335 3123 1598 3196 exemplo
1628 3127 1770 3179 stre-
1845 3140 1862 3153 '

116 3233 225 3272 nue
255 3213 605 3291 gubernavit
623 3212 796 3270 annis
822 3213 1122 3268 tredecim.
1138 3213 1386 3286 Scripsit
1403 3217 1598 3268 autem
1622 3230 1768 3286 pene

117 3305 342 3360 infinita
369 3302 674 3376 opuscula,
707 3303 780 3358 de
809 3301 1027 3375 quibus
1067 3302 1184 3358 ista
1212 3319 1338 3375 quae
1379 3302 1765 3374 subjecimus,

117 3394 402 3450 feruntur.

251 3484 318 3540 In
348 3481 617 3556 quinque
645 3480 828 3538 libros
859 3481 1044 3555 Moysi
1503 3465 1606 3535 lib.
1636 3481 1692 3536 5.

251 3572 314 3628 In
345 3570 628 3628 Judicum
1501 3567 1605 3624 lib.
1639 3569 1666 3624 1
1679 3611 1692 3624 .

251 3665 316 3716 In
348 3661 580 3733 Regum
1500 3659 1604 3714 lib.
1643 3661 1694 3715 1.

252 3752 314 3807 In
344 3748 594 3806 Tobiam
1500 3748 1605 3803 lib.
1640 3749 1690 3804 1.

249 3840 314 3896 In
343 3837 554 3896 Juditb
1504 3837 1606 3892 lib.
1641 3839 1692 3892 1.

249 3929 312 3984 In
343 3927 460 3984 Job
1502 3927 1605 3983 lib.
1642 3927 1693 3982 1.

247 4017 312 4073 In
339 4015 578 4072 Esaiam
608 4015 815 4088 proph.
1499 4015 1603 4070 lib.
1637 4017 1691 4070 3.

252 4105 316 4162 In
350 4104 708 4162 Hieremiam
1507 4103 1608 4158 lib.
1644 4105 1694 4159 1.

253 4195 316 4251 In
345 4193 709 4252 Ezechielem
1506 4191 1607 4247 lib.
1643 4194 1694 4247 1.

253 4285 318 4340 In
347 4283 652 4340 Danielem
1504 4280 1606 4336 lib.
1644 4283 1694 4336 1.

255 4373 320 4429 In
353 4375 424 4429 12
450 4371 659 4445 proph.
692 4371 902 4426 minor.
1507 4369 1610 4426 lib.
1647 4371 1731 4425 12.

260 4463 322 4516 ln
356 4461 621 4534 psalmos
651 4477 884 4532 quoque
1508 4457 1609 4512 lib.
1645 4459 1696 4513 1.

262 4550 324 4605 In
355 4547 630 4622 Evangel.
665 4547 929 4604 homilia.
1504 4547 1608 4603 lib.
1641 4551 1696 4602 2.

1795 3513 1842 3582 Ο

2015 2145 2078 2201 In
2111 2161 2316 2201 omnes
2345 2144 2531 2218 Epist.
2564 2144 2725 2200 Pauli
3262 2148 3364 2205 lib.
3402 2151 3452 2206 1.

2023 2234 2085 2289 In
2117 2235 2303 2307 Epist.
2335 2233 2647 2290 canonicas
3264 2237 3366 2293 lib.
3397 2242 3455 2295 7.

2024 2324 2086 2379 In
2116 2323 2525 2396 Apocalypsim
3264 2326 3368 2383 lib.
3404 2329 3456 2384 1.

2021 2412 2101 2468 De
2131 2414 2406 2468 varietate
2434 2412 2720 2467 librorum
3267 2416 3370 2472 lib.
3401 2418 3456 2474 3.

2022 2503 2102 2558 De
2131 2507 2336 2558 sancta
2364 2501 2649 2558 Trinitate
3264 2505 3370 2562 lib.
3403 2509 3456 2562 1.

2019 2591 2100 2647 De
2131 2592 2344 2647 Christ.
2379 2609 2574 2648 rerum
2613 2608 2726 2646 me.
3267 2594 3369 2650 lib.
3406 2597 3456 2652 1.

2021 2681 2084 2736 In
2113 2681 2294 2736 Josue
3266 2683 3370 2738 lib.
3406 2685 3456 2739 1.

2020 2769 2083 2825 In
2119 2770 2272 2826 Ruth
3267 2770 3370 2826 lib.
3405 2773 3456 2826 1.

2021 2860 2085 2912 ln
2118 2858 2467 2930 Paralipom.
3265 2858 3368 2914 lib.
3405 2860 3455 2914 1.

2020 2947 2082 3002 In
2114 2948 2359 3002 Esdram
2391 2950 2449 3001 et
2479 2946 2680 3001 Noctu.
3265 2946 3366 3002 lib.
3405 2947 3455 3002 1.

2021 3036 2084 3090 In
2120 3036 2324 3090 Hester
3263 3034 3366 3090 lib.
3402 3035 3454 3092 1.

2022 3126 2086 3178 In
2118 3123 2357 3179 Cantica
2382 3115 2536 3179 cant.
3264 3123 3366 3179 lib.
3404 3125 3454 3179 1.

2018 3213 2221 3269 Esaias
2253 3213 2537 3286 propheta
2560 3211 2740 3267 nobil.

2018 3303 2088 3358 Et
2117 3302 2358 3369 factum,
2393 3304 2528 3368 etc.,
2561 3299 2705 3356 dicit
2732 3300 2960 3358 beatus.

1897 3459 1904 3465 ‘
2016 3391 2276 3446 Verbum
2307 3391 2463 3462 quod
2496 3391 2716 3446 factum
2745 3395 2856 3446 est.

2019 3479 2230 3553 Hymni
2262 3483 2564 3547 vocantur,
2595 3483 2706 3534 etc.

2021 3569 2342 3626 Consulens
2373 3567 2650 3624 dominus
2684 3567 2849 3624 bum.

2016 3659 2063 3713 A
2093 3657 2372 3714 Corintho
2405 3662 2690 3730 metropo.

2021 3748 2084 3803 In
2112 3750 2294 3803 Actus
2322 3745 2585 3818 Apostol.
3270 3747 3372 3802 lib.
3407 3750 3458 3802 1.

2019 3837 2298 3909 Legimus
2329 3835 2388 3890 in
2420 3834 2754 3890 Eeclesiast.

2018 3925 2162 3980 Cum
2199 3925 2281 3979 sis
2310 3923 2552 3978 unicum
2585 3926 2643 3977 et
2671 3921 2966 3978 sanctissi.

1946 4013 2074 4068 Alia
2103 4028 2338 4084 quoque
2376 4011 2564 4066 multa
2610 4010 2921 4082 scripsisse
2969 4010 3184 4066 dicitur
3227 4011 3532 4083 epistolas,

1877 4118 2180 4158 sermones
2227 4105 2285 4155 et
2332 4100 2593 4156 diversos
2644 4103 2951 4167 tractatus,
2986 4100 3086 4172 qui
3135 4100 3208 4156 ad
3259 4100 3531 4156 notitiam

1879 4207 2072 4247 meam
2095 4206 2210 4244 non
2233 4192 2536 4244 venerunt.
2563 4187 2810 4244 Moritur
2833 4189 2942 4244 sub
2968 4189 3258 4246 Ludovico
3289 4188 3536 4262 impera-

1877 4284 2001 4336 tore
2024 4277 2143 4332 ﬁlio
2169 4276 2355 4333 Caroli
2391 4277 2608 4351 Magni,
2633 4294 2788 4333 anno
2818 4277 3050 4333 Domini
3083 4278 3531 4348 DCCCXXXIIII,

1875 4367 2194 4424 indictione
2228 4368 2312 4422 12.
2348 4366 2628 4438 Sepultus
2656 4367 2716 4422 in
2754 4365 3001 4423 ecclesia
3029 4366 3217 4423 sancti
3251 4366 3532 4440 Stephani

1879 4455 2358 4514 Halberstatensi.
