3914 6382
380 416 505 497 ΨΑ

1464 711 2654 875 ἨΑΥΜΟΝΙΞ

790 410 1200 477 HAYMONIS
1230 411 1768 476 HALBERSTAT.
1801 392 2061 506 aplsq.‘
2080 416 2513 494 sesama
2534 418 2598 480 ι.
2630 452 2711 465 -
2738 418 3150 485 COMMENT.
3179 421 3383 487 BIBL.

3678 427 3817 517 4m

3557 608 3627 627 uno)
3664 608 3815 625 βιιῑιάν.

1558 959 2247 1017 HALBERSTATENSIS
2285 961 2609 1021 EPISCOPI
2674 939 2695 959 “

630 1128 1066 1282 OPERUll
1160 1126 1435 1278 PARS
1525 1127 1893 1278 PRIMA.
1958 1194 2140 1227 —
2213 1129 2969 1299 ΟΟΜΜΕΝΤᾹΒΙΑ
3059 1134 3511 1293 BlBLlCA.

849 1501 1099 1667 IN
1201 1382 3302 1674 οΜΝΕἷῦΞΑιΜΟδ

1264 1762 1423 1837 PIA,
1471 1762 1756 1839 suavis
1799 1763 1913 1841 Ac.
1942 1765 2321 1844 auectas,
2359 1765 2882 1845 ExpLAuA'rIo,

355 1951 574 2035 Quam
638 1946 782 2028 ille,
821 1943 1035 2013 veluti
1092 1943 1462 2036 spiritualis
1524 1944 1822 2037 apicula,
1876 1967 1977 2016 ex
2030 1938 2337 2017 omnium
2395 1955 2704 2018 veterum
2762 1945 2976 2017 hortis
3031 1968 3112 2016 ac
3171 1945 3382 2041 patris
3438 1946 3788 2022 ﬂorentis-

471 2044 668 2119 simis
707 2043 1074 2137 decerpsit,
1118 2063 1259 2134 quo
1294 2043 1722 2135 simplicibus
1759 2053 1828 2115 et
1863 2045 2208 2138 occupatis
2237 2055 2415 2117 esset
2453 2056 2682 2140 parata
2723 2044 3156 2116 saluberrimi
3204 2045 3425 2116 mellis
3452 2047 3674 2141 copia.

543 2266 551 2275 .
641 2219 746 2293 (Ex
775 2218 1031 2276 editione
1061 2218 1201 2275 data
1228 2217 1478 2277 Coloniae
1509 2237 1663 2277 anno
1694 2220 1851 2292 1561,
1886 2221 2422 2290 curanteErasmo,
2455 2221 2611 2295 apud
2641 2220 2901 2291 heredes
2929 2218 3177 2293 Joannis
3205 2219 3515 2301 Quentel.)g

1490 2480 2070 2590 mrsibtrius
2138 2481 2658 2605 ﬁrmatus

1768 2686 2365 2751 ROTEBODAMUS

831 2870 1069 2918 INSIGNI
1121 2869 1386 2915 ΡΙΕΤΑΤΕ
1433 2870 1584 2917 νικο
1628 2869 1859 2915 JOANNI
1905 2868 2245 2932 EMSTEDIO,
2297 2868 2735 2918 CARTIIUSIANO
2783 2870 3069 2931 LOVANII,
3121 2869 3178 2916 3.
3228 2872 3291 2919 D.

421 3052 772 3123 Quanquam
802 3046 963 3103 haud
1006 3045 1234 3119 ignoro,
1266 3042 1612 3100 charissime
1660 3044 1862 3114 frater,
1892 3060 2008 3099 non
2037 3042 2095 3110 Α
2123 3042 2324 3116 tippus
2346 3062 2482 3102 cum
2504 3049 2807 3119 unguento
2832 3044 3092 3118 quodam
3110 3043 3484 3101 vehementes
3502 3046 3659 3101 esset
3678 3044 3780 3104 de-

353 3139 557 3194 deesse
586 3137 695 3193 tibi
727 3134 1168 3203 confabulones,
1191 3134 1291 3206 qui
1312 3138 1402 3189 est
1431 3132 1810 3189 solitudinem
1842 3137 2006 3188 tuam
2036 3144 2048 3155 ‘

349 3226 694 3294 exhilarant,
727 3229 785 3280 et
814 3223 1117 3280 silentium
1147 3222 1306 3278 istud
1347 3239 1464 3278 non
1495 3221 1693 3285 sinant
1717 3238 1846 3278 esse
1876 3238 2006 3276 mu-

348 3316 500 3382 tum,
535 3317 735 3368 tamen
762 3312 956 3367 visum
1001 3316 1093 3367 est
1131 3328 1317 3367 unum
1357 3311 1591 3379 addere,
1627 3310 1767 3382 quia
1796 3310 1894 3382 pia
1922 3309 2004 3365 lo-

350 3402 555 3475 quitur
570 3401 769 3458 verius
804 3417 981 3472 quam
1004 3400 1258 3455 diserta:
1284 3399 1520 3455 tametsi
1551 3416 1667 3454 non
1696 3398 2006 3471 video,quo

349 3493 520 3562 pacto
565 3488 765 3561 negari
810 3488 999 3561 possit
1027 3488 1244 3545 diserte
1274 3487 1407 3555 dici,
1432 3489 1586 3560 quod
1619 3487 1712 3559 pie
1743 3487 1958 3543 dicitur
1988 3505 2002 3544 :

350 3578 406 3634 Is
445 3580 537 3632 est
588 3579 805 3649 Haymo
854 3578 923 3633 N.
953 3576 1302 3644 monachus,
1336 3577 1519 3633 abbas
1566 3582 1625 3632 et
1672 3578 2003 3650 episcopus,

348 3665 501 3722 mira
531 3665 834 3734 brevitate,
867 3665 1135 3737 miraque
1180 3664 1553 3738 simplicitate
1582 3683 1651 3722 ac
1679 3667 2007 3739 perspicui-

348 3759 467 3812 tate
497 3772 782 3812 enarrans
814 3755 1075 3828 psalmos
1096 3754 1421 3811 Davidicos.
1449 3756 1583 3812 Fuit
1605 3755 1715 3811 hoc
1742 3755 2006 3812 studium

346 3844 577 3902 saeculis
618 3845 843 3917 aliquot
890 3844 1197 3901 monachis
1245 3843 1513 3912 eruditis,
1538 3847 1605 3900 ut
1633 3861 1761 3917 quae
1792 3862 1827 3899 a
1851 3847 2007 3901 vete-

345 3931 510 3989 ribus
539 3931 629 3988 vel
660 3932 944 3991 subtilius
972 3937 1171 3989 essent
1201 3932 1420 4005 scripta
1456 3933 1663 4002 doctis,
1694 3933 1784 3989 vel
1815 3933 2007 3991 fusius

343 4022 503 4078 dicta
553 4023 709 4094 apud
759 4021 1064 4095 populum,
1091 4021 1153 4078 in
1184 4021 1598 4094 compendium
1649 4022 2003 4096 redigerent,

343 4110 488 4166 adeo
512 4110 827 4183 perspicua
857 4111 1162 4179 brevitate,
1178 4115 1244 4167 ut
1262 4115 1321 4167 et
1347 4111 1420 4167 ab
1441 4112 1765 4184 occupatis,
1789 4115 1847 4167 et
1868 4129 1903 4167 a
1922 4115 2004 4167 te-

343 4198 543 4256 nuiter
562 4198 844 4255 litteraris
864 4199 1034 4256 facile
1052 4199 1284 4256 valeant
1303 4200 1543 4272 percipi.
1574 4201 1767 4273 llujus-
1781 4200 2007 4256 ordinis

342 4286 634 4373 praecipue
663 4292 805 4343 sunt
827 4287 1161 4355 Anselmus,
1188 4288 1362 4356 Beda,
1387 4287 1689 4358 Claudius,
1710 4292 1769 4345 et
1789 4288 1885 4346 hic
1904 4288 2006 4362 qui

2116 3131 2391 3204 laetatus,
2412 3134 2562 3190 Male
2586 3134 2666 3190 sit
2695 3133 2914 3206 inquit,
2936 3132 3068 3191 istis
3089 3132 3350 3200 cinaedis,
3371 3129 3472 3204 qui
3500 3148 3631 3190 rem
3654 3136 3783 3193 tam

2115 3221 2330 3278 bellam
2371 3223 2757 3280 infamarunt.
2792 3221 3100 3280 Similibus
3128 3220 3329 3278 verbis,
3357 3236 3495 3277 non.
3520 3219 3780 3295 ahde

2117 3311 2251 3382 quis
2282 3312 2686 3379 stomachetur
2712 3312 2773 3368 in
2803 3329 2924 3381 eos,
2947 3311 3050 3384 qui
3073 3327 3183 3368 suo
3198 3309 3363 3379 vitio,
3384 3308 3783 3383 monachinm

2116 3418 2253 3457 men
2285 3402 2345 3457 in
2378 3402 2662 3459 invidiam
2691 3402 2973 3470 vocarint,
3009 3417 3145 3457 eum
3185 3416 3382 3456 revera
3417 3414 3775 3459 noneonvsn

2116 3490 2242 3546 niat
2271 3490 2462 3546 ullum
2493 3508 2621 3548 esse
2660 3490 3058 3564 plausibilius.
3092 3488 3241 3556 Quis.
3262 3487 3429 3561 enim.
3467 3504 3589 3561 non
3615 3492 3774 3548 amet

2115 3597 2216 3635 eos
2249 3579 2540 3649 homines,
2574 3580 2676 3652 qui
2722 3596 2854 3636 vere
2904 3580 3125 3636 mundo
3170 3576 3410 3647 mortui,
3439 3593 3585 3636 sese
3615 3580 3771 3634 totos

2116 3668 2234 3724 Deo
2265 3667 2652 3725 dedicarunt?
2683 3672 2943 3736 Quorum
2964 3667 3102 3725 talis
3131 3666 3378 3735 estvita,
3399 3664 3534 3737 talia
3563 3665 3773 3734 omtio,

2116 3760 2182 3812 ut
2202 3774 2374 3813 nemo
2390 3758 2464 3813 ab
2489 3756 2725 3814 illorum
2743 3761 3082 3829 conspectu,
3098 3772 3270 3812 nemo
3292 3772 3333 3812 ο.
3346 3752 3634 3825 colloquio
3655 3770 3773 3812 non

2116 3846 2324 3903 melior
2353 3847 2650 3904 discedat:
2677 3864 2712 3903 a
2741 3846 2959 3919 quibus
2988 3862 3160 3902 nemo
3191 3843 3773 3917 quidquammetuat

2115 3936 2496 4005 incommodi,
2524 3954 2641 3993 non
2671 3935 2939 3992 fraudem
2970 3935 3042 3991 ab
3075 3933 3169 3990 his
3207 3932 3307 4005 qui
3352 3931 3632 4005 pecunias
3661 3931 3773 3987 ha-

2114 4022 2256 4082 bent
2285 4042 2390 4097 pro
2422 4024 2758 4091 ruderibus,
2791 4028 2850 4080 et
2878 4024 2988 4080 hoc
3018 4022 3174 4096 quod
3204 4020 3426 4093 habent
3458 4018 3774 4093 dilangiun-

2114 4118 2214 4169 tur
2261 4113 2462 4187 egenis
2495 4131 2509 4170 :
2545 4131 2662 4170 non
2710 4112 3051 4181 vindictam,
3086 4110 3195 4184 qui
3226 4110 3421 4182 juxta.
3447 4107 3772 4169 doctrinam

2115 4202 2535 4276 evangelicam,
2560 4206 2730 4259 orant
2752 4219 2857 4275 pro
2887 4198 3401 4274 persequentibus,
3424 4213 3629 4259 amere
3641 4213 3772 4269 pro-

2114 4296 2450 4365 sequuntur
2474 4309 2573 4349 eos
2605 4291 2822 4364 quibus
2860 4294 3001 4347 sunt
3040 4286 3770 4359 invisi,.benefaeta.nepo-

343 4391 502 4468 nunc
521 4376 694 4468 venit
722 4375 783 4432 in
812 4381 947 4468 tuos
973 4376 1335 4468 complestis,
1357 4377 1577 4450 Haymo
1598 4377 2005 4468 t‘quorumrin-
2032 4402 2083 4468 B
2114 4386 2267 4437 nunt
2295 4398 2399 4454 pro
2430 4379 2757 4467 malefactis
2788 4396 2803 4435 :
2838 4396 2944 4436 nec
2971 4381 3067 4435 est
3089 4376 3196 4434 ulli
3226 4374 3523 4468 pudicitia:
3549 4375 3771 4468 pericu-

340 4463 574 4520 dustria
604 4481 720 4520 non
754 4465 1107 4521 mediocrem
1132 4465 1450 4522 utilitatem
1472 4466 1671 4522 attulit
1690 4466 1959 4523 Ecclesiae
1984 4486 1998 4523 :

340 4552 667 4626 prmscrtim
699 4554 748 4610 si
773 4554 906 4628 quis
938 4558 1163 4627 spectet
1193 4559 1317 4610 tum
1345 4558 1628 4627 tempore,
1656 4559 1783 4611 tum
1816 4556 2002 4629 regio-

341 4659 467 4711 nes,
494 4642 555 4698 in
581 4644 797 4715 quibus
832 4643 918 4699 illi
936 4644 1225 4700 vixerunt.
1249 4644 1425 4699 Decet
1449 4648 1669 4709 autem,
1692 4648 1757 4699 ut
1776 4644 1877 4716 qui
1914 4661 2001 4700 re-

333 4731 510 4803 jectis
541 4731 818 4788 omnibus
867 4732 1113 4789 remoris
1165 4736 1480 4805 properant
1510 4732 1582 4787 ad
1621 4731 1786 4787 illam
1833 4731 2002 4789 coale-

346 4823 497 4876 stem
528 4820 730 4890 vitam,
765 4838 943 4894 quam
975 4820 1230 4877 maxime
1274 4819 1396 4876 sint
1421 4820 1695 4893 expediti,
1729 4838 1836 4877 nec
1865 4820 2003 4877 ullis

341 4907 542 4965 minus
574 4910 925 4967 necessariis
974 4908 1225 4966 sarcinis
1271 4912 1606 4983 graventur.
1641 4911 1764 4975 Quo
1814 4909 2004 4982 magis

341 4994 681 5053 mirandum
730 5002 842 5067 est,
872 4999 1031 5071 quod
1087 4998 1349 5071 quidam,
1386 4998 1487 5070 qui
1515 4997 1674 5053 victu
1723 4997 2004 5071 cultuque

340 5083 782 5157 simplicitatem
837 5085 1220 5159 apostolicam
1267 5087 1638 5159 proﬁtentur,
1672 5087 2003 5159 doctrinam

340 5171 776 5245 amplectantur
804 5174 1072 5232 omnium
1118 5173 1363 5230 minime
1393 5173 1747 5247 simplicem,
1769 5177 1871 5232 sed
1903 5194 2000 5233 ar-

339 5260 522 5332 gutiis
561 5263 1029 5333 supervacaneis,
1061 5267 1118 5319 et
1158 5262 1482 5319 Averroicis
1513 5263 1910 5336 dogmatibus,
1935 5284 2002 5323 ac

320 5339 507 5404 ’novis
536 5349 779 5423 insuper
829 5351 1074 5409 somniis
1124 5351 1619 5424 spinosissimam.
1644 5351 1790 5409 Cum
1821 5354 2003 5428 igitur

338 5435 487 5492 tales
518 5443 719 5494 essent
748 5440 1044 5510 monachi,
1070 5457 1282 5496 nomen
1305 5443 1430 5496 erat
1458 5441 1613 5514 apud
1644 5458 1848 5501 omnes
1867 5462 2000 5518 gra-

340 5523 583 5593 tiosum,
617 5531 675 5581 et
704 5526 1093 5585 honorificum
1134 5532 1260 5585 erat
1306 5528 1587 5601 appellari
1616 5533 1996 5590 monachum.

2112 4469 2238 4527 lum
2267 4470 2339 4525 ab
2361 4468 2479 4537 his,
2501 4468 2601 4541 qui
2641 4472 2700 4524 et
2718 4463 2906 4524 "corde
2926 4471 2983 4524 et
3005 4483 3246 4540 corpore
3264 4461 3766 4538 suntineornupti.

2113 4559 2221 4626 Qui
2256 4562 2495 4631 propter
2538 4556 2900 4631 singularem
2931 4554 3115 4613 animi
3144 4553 3497 4613 modestiam
3532 4549 3677 4613 nulli
3705 4567 3769 4608 se

2114 4649 2483 4721 prmponunt,
2519 4643 2665 4701 nulli
2712 4644 2997 4716 invident,
3029 4642 3261 4699 nullum
3310 4638 3636 4707 fastidiunt,
3668 4638 3770 4694 sed

2113 4754 2230 4809 quo
2260 4734 2451 4808 magis
2497 4734 2570 4791 ad
2620 4733 2997 4806 perfectionis
3042 4731 3275 4788 culmen
3326 4728 3628 4794 accedunt,
3659 4726 3770 4782 hoc

2113 4824 2305 4898 magis
2327 4824 2533 4881 dicunt
2559 4839 2688 4881 sese
2716 4822 2980 4880 omnium
3015 4821 3252 4878 inﬁmos
3278 4835 3291 4875 :
3325 4822 3383 4877 et
3410 4833 3543 4874 cum
3574 4831 3771 4872 revera

2111 4931 2359 4989 gemma:
2389 4913 2510 4970 sint
2538 4916 2596 4969 et
2623 4904 2798 4970 ﬂores
2827 4911 3119 4980 Ecclesiae,
3142 4914 3341 4967 tamen
3375 4905 3489 4981 ipsi
3509 4922 3635 4962 sese
3666 4904 3768 4961 fea-

2112 5020 2239 5060 cem
2261 5001 2578 5075 appellant.
2592 5000 2859 5059 Aliorum
2881 5001 3087 5076 lapsus
3107 5003 3210 5057 aut
3228 4997 3474 5066 elevant,
3496 4997 3598 5051 aut
3615 5009 3768 5049 cem-

2113 5092 2283 5161 mode
2311 5090 2790 5164 interpmtantur,
2816 5092 2876 5155 in
2907 5090 3176 5165 proprios
3205 5085 3425 5146 austeri
3454 5099 3761 5143 censores:

2111 5180 2229 5238 alia
2273 5180 2577 5237 benefacta
2623 5181 2873 5238 candide
2924 5178 3309 5253 ampliﬁcant,
3348 5192 3459 5232 sua
3503 5172 3766 5229 modeste

2110 5270 2463 5325 extenuant:
2490 5266 2711 5324 nemini
2741 5267 3078 5337 adulantur,
3096 5265 3394 5323 neminem
3422 5260 3763 5336 procacibus

2107 5355 2301 5413 verbis
2323 5344 2650 5428 percellunt
2668 5362 3041 5430 prementem,
3064 5355 3285 5414 nemini
3309 5353 3640 5410 obtrectant
3663 5349 3762 5406 ab-

2109 5445 2262 5503 senti
2286 5463 2299 5502 :
2324 5443 2473 5500 nihil
2499 5445 2740 5503 auditur
2767 5463 2838 5503 ex
2863 5464 2963 5505 ore
2984 5446 3243 5515 illorum,
3266 5443 3381 5500 nisi
3411 5440 3568 5515 quod
3594 5443 3685 5499 est
3704 5440 3763 5496 in

2109 5536 2303 5604 corde,
2333 5534 2510 5590 verba
2555 5534 2882 5605 charitatis,
2907 5538 3085 5594 verba
3133 5531 3570 5600 consolationis,
3590 5530 3766 5587 verba

339 5608 507 5665 Nunc
526 5617 918 5682 quorumdam
943 5617 1082 5673 mali
1106 5634 1298 5673 mores
1321 5617 1379 5673 in
1401 5635 1581 5675 causa
1600 5624 1758 5689 sunt,
1774 5625 1839 5678 ut
1861 5622 1997 5679 boni
2028 5663 2072 5732 Ο
2111 5624 2311 5680 amicas
2342 5622 2762 5681 admonitionis
2782 5630 2842 5682 et
2868 5627 3193 5701 gratiarum
3214 5620 3482 5681 actionis.
3502 5620 3683 5677 Adest
3705 5620 3764 5679 in

343 5709 575 5732 nnnnnn
598 5704 928 5732 nnmmnnin
964 5704 1192 5732 ἔνη-ἕλε...
1236 5704 1561 5732 Μηιηηιζιι...
1609 5708 1792 5732 15...-..1
1850 5712 1964 5732 ιςξμ
2109 5712 2201 5732 [εῇ
2241 5711 2481 5732 ΑΑῌΑΞΑΑ-
2528 5729 2633 5732 “-ᾉ
2696 5713 2872 5732 ινᾼνιν
3024 5716 3040 5732 ιι
3103 5729 3158 5732 -,-
3208 5714 3353 5732 |-_A-
3415 5708 3758 5732 -__--2___Al-

343 5709 577 5767 quoque
597 5704 930 5759 communis
964 5704 1195 5761 invidia:
1236 5704 1567 5764 molestiam
1606 5708 1815 5766 ferant.
1836 5712 1995 5769 Aris-

2109 5712 2204 5770 his
2234 5711 2483 5771 comitas
2527 5729 2644 5769 non
2692 5713 2909 5786 fucata,
2941 5716 3044 5774 sed
3092 5729 3163 5771 ex
3208 5714 3365 5773 bona
3408 5708 3766 5771 conscientia
