3914 6372
122 463 239 526 201

1311 462 1812 526 EXPLANA'I‘IO
1857 462 1936 523 IN
1978 463 2360 527 PSALMOS.

3425 468 3543 531 202

119 600 229 665 est,
250 600 543 653 tractatus
573 596 684 653 iste
707 595 1057 668 quivocatur
1084 596 1527 669 psalmus,quia
1547 597 1779 652 sicutex
1805 597 1863 664 Α
1966 618 1993 647 ‹‹
2024 598 2132 663 Qui
2163 599 2392 655 habitet
2422 600 2482 656 in
2513 599 2694 656 coelis.
2728 623 2756 650 ››
2790 598 3294 670 Confremueront,
3330 596 3542 659 astite-

119 685 460 757 operatione
492 702 778 742 manuum
802 685 978 741 motis
1007 685 1263 753 chordis,
1282 686 1339 741 in
1364 686 1638 757 psalterio
1657 686 1779 741 red-

118 774 283 829 ditur
313 773 506 829 dulcis
536 774 809 843 melodia,
839 792 967 846 quae
998 779 1238 829 vocatur
1268 775 1778 847 psalmus,itaiste

118 866 409 919 tractatus
440 867 633 919 movet
662 881 771 919 nos
804 865 876 919 ad
909 863 1372 935 operationes,in
1413 863 1628 935 quibus
1662 865 1776 918 Deo

120 953 185 1006 fit
214 951 411 1008 dulcis
444 952 717 1009 melodia.
741 973 771 1002 ‹‹
797 953 1155 1007 Attribuitur
1184 953 1429 1020 David,»
1456 953 1511 1007 id
1536 958 1642 1019 est,
1660 953 1780 1025 agit

118 1042 189 1095 de
214 1040 473 1109 Christo,
490 1042 591 1113 qui
614 1040 882 1097 Christus
904 1040 1273 1113 signiﬁcatur
1292 1060 1394 1113 per
1414 1041 1616 1111 David,
1640 1041 1780 1114 quia

119 1130 301 1186 David
334 1130 757 1202 interpretatur
780 1131 907 1186 visu
939 1130 1366 1201 desiderabilis,
1399 1132 1519 1186 sive
1568 1148 1777 1185 manu-
1810 1173 1814 1176 .

120 1219 467 1284 fortis.Quis
493 1219 649 1275 enim
684 1219 887 1275 fortior
916 1225 1005 1274 est
1035 1219 1286 1287 Christo,
1315 1220 1416 1291 qui
1449 1221 1639 1275 aerias
1676 1238 1776 1293 po-

118 1312 365 1365 testatos
386 1308 644 1364 devicit?
666 1308 868 1381 Ipsum
897 1309 1074 1364 etiam
1107 1309 1300 1364 videre
1333 1326 1536 1364 omnes
1553 1309 1777 1381 priores

118 1400 316 1469 patres
347 1398 929 1467 desideraverunt,ut
959 1398 1234 1453 Simeon:
1275 1398 1505 1454 dicebat
1526 1398 1684 1454 enim
1713 1397 1776 1453 in

117 1487 490 1543 orationibus
521 1486 669 1542 suis.
703 1488 945 1553 Quando
974 1487 1217 1543 veniet?
1246 1488 1481 1559 quando
1520 1488 1728 1542 videbo
1747 1485 1776 1542 ?

119 1574 303 1647 Cujus
331 1575 528 1633 visum
560 1576 895 1632 desiderant
907 1575 1101 1632 adhuc
1122 1576 1300 1632 etiam
1334 1592 1538 1631 omnes
1561 1575 1772 1631 sancti.

119 1663 180 1725 In
212 1663 326 1720 hoc
359 1664 588 1737 psalmo
618 1664 889 1721 Christus
940 1683 1058 1735 rex,
1093 1670 1182 1721 est
1235 1665 1501 1730 materia,
1539 1665 1608 1720 de
1658 1682 1775 1736 quo

119 1755 334 1809 tractat
363 1753 476 1809 hoc
507 1754 682 1809 modo
717 1770 730 1808 :
756 1754 1015 1810 ostendit
1044 1771 1250 1809 omnes
1280 1754 1381 1825 qui
1412 1758 1618 1808 contra
1647 1770 1774 1825 reg-

118 1858 260 1897 num
290 1834 488 1915 ipsius
522 1841 745 1915 aliquid
775 1842 1098 1899 machinati
1128 1847 1270 1897 sunt
1298 1842 1447 1898 nihil
1474 1844 1772 1913 proﬁcere,

117 1931 217 2005 sed
250 1931 452 2003 potius
486 1931 600 1988 sibi
633 1931 778 2003 ipsis
810 1948 1036 1987 nocere.
1069 1930 1290 1986 Deinde
1329 1931 1586 2029 ostendit
1638 1946 1774 2029 eum
1805 1963 1854 2029 Β

116 2024 418 2090 potentem
465 2037 662 2093 regem
708 2020 1049 2076 Judaeorum
1100 2025 1159 2075 et
1205 2019 1493 2091 gentium.
1529 2019 1775 2074 Intentio

114 2125 246 2164 vero
276 2113 391 2177 est,
424 2111 761 2174 admonere,
796 2113 861 2164 ut
892 2108 1122 2164 Christo
1153 2109 1273 2180 regi
1314 2125 1449 2163 cum
1478 2108 1688 2164 timore
1718 2112 1779 2164 et

116 2200 374 2255 tremore
406 2197 752 2254 serviamus.
786 2198 920 2263 Quae
952 2201 1115 2252 notat
1145 2197 1205 2251 in
1245 2198 1361 2252 ﬁne
1406 2196 1643 2268 psalmi,
1674 2196 1777 2251 ubi

116 2286 259 2353 dicit
296 2304 311 2343 :
348 2286 570 2343 Servite
601 2285 849 2341 Domino
875 2286 935 2340 in
965 2285 1196 2342 timore.

182 2395 215 2429 α
248 2378 444 2441 Quare
475 2375 845 2430 fremuerunt
872 2379 1098 2447 gentes.
1131 2396 1159 2426 ››
1189 2375 1393 2430 Petrus
1435 2374 1684 2447 loquens
1716 2374 1778 2430 in

121 2463 363 2523 Aetibus
390 2462 987 2535 apostolorum,hunc
1013 2463 1311 2536 psalmum
1343 2463 1487 2519 dicit
1517 2464 1778 2535 primum

121 2571 266 2613 esse.
298 2552 567 2619 Domine,
602 2570 767 2625 reges
801 2553 1135 2625 congregati
1172 2558 1313 2608 sunt
1346 2557 1551 2608 contra
1588 2553 1778 2607 ﬁlium

122 2646 308 2710 tuum,
325 2641 672 2698 sicutDavid
692 2641 834 2698 dicit
849 2642 908 2697 in
928 2642 1107 2713 priori
1122 2643 1372 2714 psalmo.
1391 2643 1471 2698 De
1494 2642 1609 2697 illis
1628 2642 1779 2697 inci-

126 2731 206 2801 pit
224 2730 323 2803 qui
337 2733 545 2786 contra
556 2729 853 2787 Christum
870 2730 1185 2785 machinati
1201 2736 1361 2786 sunt.
1378 2731 1480 2785 Hic
1494 2732 1779 2786 Dominus

129 2819 578 2892 interrogatione
601 2818 882 2891 loquitur,
898 2837 1016 2875 non
1038 2824 1280 2892 propter
1308 2820 1779 2891 inquisitionem,

131 2910 225 2967 sed
256 2913 494 2982 propter
522 2910 1023 2982 redargutionem,
1058 2910 1261 2964 dicens
1293 2926 1307 2965 :
1344 2912 1553 2975 Quare,
1578 2910 1634 2964 id
1668 2913 1778 2976 est,

131 3014 243 3068 qua
268 3015 454 3056 causa
485 2999 853 3055 fremuerunt
880 2998 1258 3072 gentes‘LPer
1289 2998 1654 3054 fremuerunt
1685 3016 1781 3052 no-

134 3090 212 3141 tat
233 3104 332 3143 eos
360 3086 638 3144 bestiales
669 3104 817 3157 esse,
851 3087 990 3159 quia
1020 3088 1266 3143 fremere
1307 3087 1626 3142 bestiarum
1671 3089 1779 3140 est.

136 3174 416 3233 Fremitus
451 3175 583 3243 fuit,
615 3176 717 3233 ubi
759 3176 981 3233 dictum
1015 3181 1105 3232 est
1139 3194 1152 3231 :
1188 3176 1370 3243 Tolle,
1400 3176 1558 3244 tolle,
1591 3176 1781 3230 cruei-

135 3262 237 3335 ﬁge
265 3281 423 3321 eum.
471 3266 579 3321 Per
625 3270 852 3338 gentes,
884 3265 1101 3322 milites
1156 3267 1451 3321 Romanos
1484 3264 1778 3336 intelligit,

1889 691 2043 753 runt,
2082 688 2181 742 sed
2214 687 2312 742 ille
2343 688 2443 760 qui
2490 688 2720 744 habitat
2749 691 2808 745 in
2859 689 3041 759 cmlis,
3089 688 3333 758 scilicet,
3365 690 3453 746 vel
3482 691 3546 747 in

1888 776 2047 832 oculis
2077 777 2477 846 materialiter,
2508 779 2596 834 vel
2645 780 2705 834 in
2756 780 2998 847 sanctis,
3030 779 3091 834 in
3141 780 3360 851 quibus
3408 780 3541 837 ideo

1890 865 2044 920 Deus
2076 864 2341 921 habitare
2367 866 2601 933 dicitur,
2638 868 2778 940 quia
2804 868 3025 924 nullam
3060 869 3121 924 in
3152 870 3236 925 eis
3261 868 3435 926 habet
3460 869 3546 925 of-

1889 954 2212 1009 l'ensionem
2249 978 2275 1004 ‹‹
2308 956 2576 1011 irridebit
2605 975 2725 1025 eos,
2758 980 2786 1008 ››
2821 958 2879 1012 id
2912 962 3021 1025 est,
3041 958 3310 1016 irrisione
3332 958 3544 1031 dignos

1889 1044 2093 1098 reddet
2124 1061 2243 1111 eos,
2269 1044 2408 1116 quia
2427 1046 2796 1117 apparebunt
2827 1052 3033 1102 contra
3064 1063 3311 1119 regnum
3333 1046 3432 1103 Dei
3466 1046 3550 1102 ni-

1887 1130 1966 1185 hil
1994 1136 2260 1204 potentes
2283 1134 2494 1188 facere.
2525 1156 2551 1187 α
2568 1136 2637 1189 Et
2657 1135 2945 1191 Dominus
2965 1136 3357 1194 subsannabit
3375 1153 3537 1205 eos,»

1889 1220 1947 1274 id
1978 1226 2089 1289 est,
2124 1221 2551 1293 ignominiosos
2601 1224 2802 1280 reddet
2835 1241 2848 1278 :
2898 1226 3055 1280 unde
3084 1225 3263 1280 etiam
3313 1226 3372 1280 in
3410 1224 3544 1281 uui-

1886 1326 2051 1364 verso
2083 1310 2221 1365 orbe
2251 1310 2423 1367 hodle
2455 1313 2767 1383 opprobrio
2808 1318 2967 1369 sunt.
3001 1315 3198 1370 Sanna
3228 1319 3319 1370 est
3347 1313 3541 1370 irrisio

1886 1398 2041 1453 facta
2072 1415 2176 1471 per
2196 1416 2429 1455 nasum.

1962 1508 1984 1537 ι
2020 1488 2205 1543 Tunc.
2241 1510 2269 1539 »
2303 1488 2434 1544 Haec
2464 1489 2657 1545 irrislo
2687 1495 2745 1546 et
2776 1490 3158 1546 subsannatio
3188 1490 3300 1546 fuit
3329 1491 3390 1547 in
3430 1491 3541 1548 hoe

1886 1575 2096 1631 saeculo
2130 1592 2145 1631 :
2180 1578 2280 1632 sed
2312 1581 2475 1647 tunc,
2509 1578 2567 1633 id
2600 1583 2707 1649 est,
2741 1584 3040 1651 praeterea,
3070 1579 3160 1635 vel
3191 1579 3253 1635 in
3283 1579 3399 1636 alia
3420 1581 3542 1637 vita

1888 1686 1915 1714 «
1947 1663 2222 1736 loquetur
2258 1689 2279 1716 ι
2315 1666 2401 1722 vel
2431 1684 2535 1739 per
2562 1685 2761 1723 vocem
2795 1669 3073 1738 ministri,
3120 1669 3210 1725 vel
3256 1686 3361 1742 per
3404 1686 3539 1741 pro-

1885 1752 2095 1823 priam,
2134 1771 2246 1809 non
2265 1754 2593 1827 placabilis,
2609 1758 2709 1812 sed
2729 1781 2757 1809 ‹‹
2789 1756 2851 1812 in
2883 1758 2971 1824 ira
2992 1780 3013 1806 ιο
3033 1775 3152 1814 non
3170 1759 3325 1829 quod
3343 1758 3404 1813 in
3420 1758 3538 1814 Deo

1885 1840 1972 1896 ira
1994 1841 2083 1897 vel
2101 1844 2349 1899 mutatio
2370 1843 2573 1916 aliqua
2609 1844 2797 1916 possit
2812 1847 3070 1913 esse,sed
3094 1863 3127 1902 a
3148 1846 3540 1903 similitudine

1885 1928 2135 2001 alicujus
2166 1930 2296 1986 irati
2329 1932 2429 2003 qui
2463 1950 2695 2004 pcenam
2745 1934 2921 1989 infert
2966 1934 3076 1990 hoc
3126 1935 3362 1991 dicitur.
3417 1936 3542 1997 Erit

1886 2019 2043 2073 enim
2069 2020 2188 2075 haec
2204 2038 2311 2076 vox
2332 2022 2391 2076 in
2402 2021 2626 2092 judicio
2648 2039 2661 2075 :
2683 2045 2703 2072 ι
2731 2022 3023 2079 Discedite
3040 2040 3074 2079 a
3094 2039 3206 2091 me,
3222 2024 3540 2090 maledicti,

1887 2107 1947 2162 in
1998 2107 2193 2180 ignem
2242 2114 2527 2165 mternum
2577 2110 2760 2182 (Matii.
2814 2116 2969 2182 xxv),
3002 2134 3029 2163 ››
3081 2111 3204 2180 Vel,
3263 2112 3316 2169 si
3364 2112 3542 2170 etiam

1887 2196 2051 2252 nulla
2079 2216 2188 2253 vox
2218 2203 2375 2254 esset
2404 2198 2462 2254 in
2485 2199 2734 2270 judicio,
2770 2204 2967 2257 tamen
2999 2202 3129 2274 ipsa
3153 2203 3234 2258 rei
3254 2202 3547 2259 evidentia

1888 2288 2059 2358 quasi
2092 2288 2277 2343 iratus
2304 2288 2590 2346 Dominus
2612 2289 2771 2361 loqui
2794 2291 3043 2347 videtur.
3067 2291 3174 2348 Per
3196 2291 3344 2349 iram
3364 2290 3550 2347 vindi-

1887 2380 2042 2431 ctam
2075 2376 2289 2449 accipit
2319 2393 2333 2431 :
2368 2378 2472 2433 sed
2502 2379 2644 2449 quia
2672 2396 2776 2450 per
2804 2380 2952 2434 iram
2975 2379 3167 2436 brevis
3186 2380 3447 2439 vindicta
3464 2380 3552 2436 in-

1889 2463 2191 2535 telligitur,
2224 2465 2426 2520 subdit
2459 2483 2473 2533 ;
2509 2488 2537 2515 ‹‹
2569 2467 2639 2521 Et
2686 2467 3066 2523 conturbabit
3113 2484 3212 2523 eos
3259 2467 3320 2523 in
3352 2468 3549 2523 furore

1895 2577 1914 2602 α
1952 2570 2079 2620 suo,
2116 2576 2143 2604 »
2177 2553 2235 2608 id
2268 2559 2377 2623 est,
2420 2555 2703 2611 continua
2730 2554 3011 2612 vindicta.

1961 2643 2254 2698 Hactenus
2284 2644 2540 2699 ostendit
2586 2662 2685 2701 eos
2734 2645 3067 2701 inefficaces
3097 2649 3154 2701 et
3191 2645 3545 2718 ignominio-

1891 2749 2007 2798 sos,
2033 2732 2131 2803 qni
2158 2737 2361 2787 contra
2389 2750 2635 2805 regnum
2668 2733 2883 2789 Christi
2915 2734 3346 2802 laboraverunt,
3372 2736 3548 2791 modo

1888 2839 2021 2876 vero
2053 2822 2312 2876 ostendit
2358 2838 2494 2876 eum
2542 2826 2841 2893 potentem
2874 2839 3072 2895 regem
3099 2822 3441 2878 Judteorum
3490 2827 3550 2878 et

1890 2909 2184 2977 Gentium,
2217 2914 2275 2964 et
2296 2909 2557 2981 loquitur
2586 2910 2645 2964 in
2667 2927 2776 2965 sua
2807 2910 3039 2982 propria
3059 2926 3310 2983 persona
3331 2909 3547 2965 siezilli

1891 2997 2340 3063 conturbantur,
2374 3019 2402 3048 «
2420 3013 2525 3069 ego
2548 3002 2745 3052 autem
2762 2998 3123 3053 constitutus
3145 3014 3279 3053 sum
3297 3014 3459 3067 rex,»
3483 2998 3548 3054 id

1892 3091 1999 3152 est,
2033 3085 2105 3140 ab
2127 3102 2192 3140 eo
2215 3086 2331 3140 Deo
2354 3085 2601 3141 ﬁrmiter
2619 3085 2936 3141 stabilitus.
2962 3087 3186 3158 Regem
3201 3090 3369 3143 vocat
3386 3102 3548 3154 eum,

1893 3174 2034 3245 quia
2068 3176 2319 3246 perfecte
2351 3175 2502 3246 regit
2531 3191 2672 3230 suos
2702 3190 2881 3247 super
2908 3175 3070 3231 Sion.
3103 3176 3244 3231 Sion
3272 3174 3551 3246 interpre-

1892 3268 2051 3318 tatur
2081 3262 2424 3335 spcculatio,
2460 3280 2562 3334 per
2592 3279 2769 3335 quam
2802 3264 3075 3319 universa
3093 3262 3339 3319 ecclesia
3357 3265 3553 3335 potest

133 3352 224 3423 qui
254 3352 382 3409 ideo
413 3358 623 3427 gentes
662 3355 963 3421 dicuntur,
997 3355 1137 3427 quia
1183 3356 1338 3410 sicut
1385 3359 1527 3411 sunt
1573 3354 1777 3427 geniti,
1810 3332 1856 3403 α
1896 3352 2100 3424 accipi,
2134 3353 2273 3424 quia
2294 3369 2526 3423 semper
2545 3352 2712 3407 estin
2735 3351 3136 3424 speculatione
3154 3351 3285 3408 vitai
3308 3356 3548 3421 eterna,

131 3438 207 3501 ita
235 3448 564 3512 remanent,
597 3444 841 3511 scilicet,
861 3444 987 3499 sine
1016 3444 1163 3517 lege,
1186 3448 1243 3499 et
1273 3446 1398 3499 sine
1431 3445 1590 3499 omni
1622 3460 1787 3499 cons-

136 3529 398 3591 titutione
421 3533 694 3607 justitiaa,
731 3554 761 3583 «
793 3537 851 3589 et
882 3533 1103 3605 populi,
1140 3554 1167 3583 ››
1203 3532 1426 3590 scilicet
1455 3533 1783 3604 Judazi,qui

135 3616 254 3675 ideo
282 3627 567 3678 vocantur
596 3621 818 3695 populi,
853 3622 992 3694 quia
1022 3626 1162 3678 sunt
1191 3623 1529 3695 congregati
1560 3621 1786 3693 adjure

136 3705 433 3767 vivendum
465 3727 572 3783 per
600 3711 811 3783 legem.
848 3732 876 3764 α
907 3710 1172 3766 Meditati
1199 3716 1340 3767 sunt
1369 3711 1586 3779 inania,
1622 3734 1650 3762 »
1679 3711 1786 3767 sci-

136 3792 279 3867 licet,
309 3799 612 3856 Christum
644 3816 762 3855 non
788 3816 921 3856 esse
954 3800 1251 3869 Messiam,
1275 3801 1361 3857 vel
1392 3818 1454 3856 se
1487 3818 1622 3857 eum
1653 3800 1786 3855 reti-

140 3899 263 3941 nere
291 3905 463 3949 uosse
497 3888 558 3944 in
590 3888 880 3960 sepulcro.

206 3993 231 4031 α
257 3977 588 4036 Astiterunt
618 3995 804 4052 reges.
839 4002 861 4032 ι
896 3980 1022 4034 Non
1054 3983 1288 4036 tantum
1331 3980 1597 4036 meditati
1647 3977 1787 4037 sunt

141 4065 325 4135 populi
353 4072 560 4125 contra
588 4067 929 4137 Dominum,
948 4070 1048 4123 sed
1082 4074 1140 4124 et
1166 4086 1331 4142 reges
1362 4071 1472 4125 usti
1485 4074 1700 4137 terunt,
1724 4070 1784 4125 id

141 4156 237 4219 est,
269 4156 802 4225 contraChristum,
825 4162 1132 4226 steterunt,
1158 4159 1215 4213 id
1248 4162 1358 4226 est,
1390 4175 1787 4230 perseverave-

144 4246 267 4298 runt
295 4246 444 4303 male
478 4247 774 4319 operando
796 4252 999 4319 contra
1031 4264 1188 4303 eum.
1224 4247 1409 4320 Reges
1427 4246 1788 4319 accipit,pri-

145 4342 292 4389 mum
310 4334 619 4405 Herodem,
644 4337 746 4409 qui
764 4354 977 4409 pueros
1003 4338 1322 4394 occidendo
1340 4337 1638 4393 Christum
1664 4354 1789 4410 per-

147 4423 512 4494 sequebatur;
546 4429 604 4481 et
632 4427 960 4482 secundum
988 4427 1272 4483 Herodem
1296 4431 1564 4497 nepotem
1586 4426 1784 4498 primi,

148 4508 302 4580 cuius
330 4530 578 4571 assensu
605 4515 895 4571 Dominus
924 4515 1157 4571 occisus
1180 4521 1290 4571 est.
1327 4539 1349 4565 α
1378 4516 1564 4588 Reges
1593 4538 1621 4567 ››
1656 4516 1787 4572 dico

154 4612 177 4643 α
201 4600 378 4669 terris,
407 4623 434 4656 ι
477 4604 536 4659 id
570 4608 659 4660 est
687 4604 925 4660 terreni.
965 4627 986 4655 ι
1021 4604 1091 4659 Et
1120 4605 1436 4677 principes,
1458 4627 1486 4656 ››
1512 4605 1569 4660 id
1597 4610 1685 4661 est
1706 4606 1790 4660 Pi-

1895 3446 1951 3497 et
1980 3441 2363 3514 providentia,
2397 3442 2772 3513 praecavendo
2805 3442 2877 3497 ab
2899 3441 3191 3499 hostibus.
3217 3442 3330 3498 Sed
3351 3445 3551 3499 tamen

1893 3530 1988 3586 hic
2018 3548 2121 3602 per
2152 3531 2311 3599 Sion,
2343 3529 2651 3586 ecclesiam
2680 3534 2916 3587 tantum
2965 3531 3305 3594 Judaeorum
3331 3530 3554 3604 accipi-

1896 3638 2029 3675 mus
2063 3638 2076 3676 :
2111 3621 2251 3693 quia
2280 3621 2417 3676 Sion
2459 3624 2637 3693 caput
2658 3625 2782 3677 erat
2803 3620 2965 3693 regni
2986 3621 3348 3690 Judaaorum,
3372 3635 3553 3693 quam

1895 3706 2203 3764 ecclesiam
2227 3713 2465 3782 propter
2492 3708 2878 3764 stabilitatem
2909 3712 2968 3765 et
2995 3708 3282 3769 virtutum
3295 3709 3551 3779 eminen-

1895 3798 2038 3853 tiam
2071 3801 2334 3857 montem
2367 3802 2640 3854 sanctum
2689 3797 2966 3869 appellat.
3000 3818 3030 3848 ι(
3058 3798 3222 3869 Ejus,
3261 3820 3283 3847 ι
3328 3796 3557 3855 scilicet

1894 3887 2018 3942 Dei.
2056 3908 2084 3938 «
2115 3886 2444 3942 Praedicans
2478 3908 2500 3937 ι
2537 3887 2598 3940 in
2623 3885 2726 3941 illa
2754 3885 3003 3941 ecclesia
3035 3905 3064 3938 ιι
3093 3885 3553 3958 praeceptum,“

1854 3988 1857 3989 '
1893 3980 1981 4032 est
2010 3974 2199 4048 legem
2227 3975 2376 4046 ejus.

1966 4065 2035 4119 Et
2063 4080 2178 4119 non
2227 4066 2462 4118 tantum
2512 4062 2825 4120 constituit
2854 4079 2949 4118 me
2995 4078 3190 4135 regem
3239 4077 3419 4136 super
3443 4061 3552 4129 Ju-

1894 4155 2071 4221 dazos,
2124 4153 2227 4209 sed
2276 4156 2333 4208 et
2379 4144 2559 4223 super
2603 4157 2854 4225 gentes:
2911 4152 3067 4225 quod
3119 4150 3411 4208 habemus
3450 4151 3554 4207 ubi

1895 4242 2038 4299 dicit
2069 4259 2084 4297 :
2110 4266 2131 4292 σι
2157 4243 2308 4298 dabo
2325 4242 2430 4297 tibi
2451 4247 2656 4315 gentes
2679 4259 2694 4310 ;
2714 4263 2742 4293 ››
2763 4246 2822 4299 et
2841 4243 2913 4299 ad
2929 4241 3038 4298 hoc
3060 4239 3559 4310 conﬁrmandum,

1895 4331 2201 4405 praemittit
2229 4331 2639 4387 auctoritatem
2668 4331 2857 4403 ipsius
2882 4331 3115 4388 Domini
3136 4330 3563 4403 promittentis,

1902 4439 2039 4479 cum
2074 4420 2217 4477 dicit
2250 4438 2264 4475 :
2295 4444 2317 4470 ι
2347 4420 2636 4476 Dominus
2658 4420 2814 4476 Deus
2837 4421 3005 4476 dixit.
3028 4444 3049 4471 ι
3071 4422 3234 4486 Quod
3258 4420 3450 4476 dicere
3465 4436 3564 4491 ap,d

1904 4515 2072 4584 paret
2101 4512 2161 4566 in
2194 4512 2326 4583 ipsa
2353 4510 2435 4565 rei
2452 4508 2797 4580 explatione,
2821 4531 2849 4559 (ι
2866 4510 2938 4565 ad
2957 4525 3091 4565 me»
3114 4508 3421 4580 praemissa
3434 4524 3563 4579 pro-

1906 4601 2145 4659 batione
2179 4599 2366 4673 regni,
2418 4615 2488 4653 ex
2536 4597 2886 4654 auctoritate
2921 4596 3112 4669 ipsius
3140 4596 3560 4668 promittentis,

150 4679 311 4756 latus,
338 4692 541 4749 Annae
569 4697 628 4748 et
658 4692 931 4764 Caiphae,
979 4698 1037 4748 et
1064 4693 1166 4748 alii
1197 4693 1490 4765 principes
1516 4711 1792 4751 convene-
1818 4705 1867 4771 Ῑ)
1903 4691 2168 4749 ostendit
2198 4704 2459 4756 causam,
2494 4703 2673 4760 quare
2700 4686 2856 4742 Deus
2904 4686 2956 4741 ei
2989 4690 3192 4757 gentes
3221 4685 3560 4758 subjiceret,

151 4779 276 4830 runt
303 4778 361 4834 in
392 4798 600 4849 unum,
635 4786 692 4837 et
721 4783 771 4838 si
804 4799 923 4839 non
955 4798 1184 4850 omnes,
1222 4788 1418 4838 tamen
1450 4801 1656 4839 omnes
1683 4802 1789 4840 vo-

152 4855 378 4938 luntate,
412 4893 442 4922 «
473 4871 756 4927 adversus
802 4871 1121 4928 Dominum
1154 4892 1181 4923 »
1238 4872 1491 4940 Patrem,
1522 4874 1663 4945 quia
1692 4875 1794 4930 ad-

153 4962 338 5010 versus
371 4958 670 5017 Christum
700 4962 854 5033 ejus.
907 4962 1301 5033 Quincunque
1347 4962 1503 5017 enim
1543 4962 1795 5019 missum

157 5048 525 5118 Persequitur,
566 5054 625 5105 et
672 5051 1030 5106 mittentem.
1076 5049 1181 5106 Hic
1226 5068 1359 5106 vero
1409 5051 1679 5107 Christus
1724 5053 1797 5107 de

159 5126 332 5198 seipse
361 5138 527 5207 quasi
559 5139 631 5194 de
662 5140 837 5195 tertia
867 5138 1147 5211 loquitur.

223 5239 248 5266 «
278 5219 748 5301 Disrumpamus.
782 5250 812 5281 ››
846 5229 1255 5285 Convenerunt
1284 5231 1434 5297 dico,
1484 5232 1748 5287 dicentes
1781 5248 1794 5287 :

165 5322 189 5349 ι(
215 5304 643 5387 disrumpamus
672 5316 911 5374 vincula
941 5335 1165 5385 eorum,
1200 5339 1232 5370 in
1262 5318 1320 5374 id
1352 5324 1459 5387 est,
1485 5320 1585 5375 Dei
1609 5320 1797 5375 Patris

162 5395 213 5488 et
239 5396 466 5488 Christi,
486 5407 579 5463 vel
598 5407 813 5465 Christi
833 5413 887 5463 et
909 5408 1642 5481 discipulorum.Vincula,
1662 5427 1801 5481 prie-

164 5477 488 5576 d-‘icationem
524 5496 745 5553 Christi
776 5477 1146 5566 nomineL—et
1166 5498 1451 5553 miracula
1470 5504 1529 5553 et
1557 5477 1803 5569 promis-

166 5580 361 5645 mones:
395 5585 609 5654 quibus
631 5587 706 5641 ad
738 5586 917 5642 ﬁdem
948 5586 1345 5643 Christianam
1376 5587 1646 5645 homines
1672 5588 1798 5644 vin-

166 5654 486 5759 σλιξιξῖςηγγθι
513 5675 601 5732 sic
632 5674 848 5747 spretis
876 5676 1131 5733 vinculis
1160 5676 1281 5735 illis
1304 5699 1333 5728 «
1364 5669 1803 5749 projiciamusa

166 5745 318 5811 nobis
336 5754 548 5829 juhum
576 5745 866 5836 ipsorum,
890 5785 921 5816 »
946 5764 1005 5822 id
1034 5770 1145 5838 est,
1169 5745 1487 5825 Dominum
1507 5766 1797 5845 ipsorum.

458 5887 726 5958 PATROL.
771 5891 974 5959 CXVI.

1904 4782 2150 4852 scilicet,
2175 4779 2315 4851 quia
2342 4777 2502 4833 ﬁlius
2533 4778 2662 4849 ejus
2690 4780 2799 4832 est.
2833 4776 2904 4832 Et
2933 4774 3043 4830 hoc
3072 4774 3218 4830 dicit
3249 4791 3263 4830 :
3320 4794 3348 4828 α
3378 4773 3562 4830 Filius

1906 4888 2075 4927 meus
2107 4887 2169 4925 es
2198 4875 2283 4936 tu,
2318 4884 2423 4940 ego
2452 4866 2645 4935 hodie,
2677 4884 2703 4918 n
2742 4866 2800 4921 id
2825 4870 2916 4922 est
2938 4863 3307 4933 aeternaliter,
3335 4885 3364 4915 «
3384 4863 3562 4937 genui

1907 4967 1985 5029 te,
2010 4983 2038 5012 ››
2067 4960 2199 5015 Ideo
2225 4976 2328 5031 per
2342 4950 2513 5013 hodie
2530 4956 2910 5012 mternitatem
2933 4952 3181 5027 intelligi
3203 4953 3405 5024 voluit,
3424 4953 3565 5025 quia

1909 5050 2140 5106 nullam
2162 5064 2359 5104 vocem
2384 5047 2825 5103 convenientem
2848 5044 3073 5113 habuit,
3095 5059 3200 5116 per
3217 5059 3397 5115 quam
3412 5058 3564 5114 pra-

1914 5140 2166 5196 sentiam
2208 5137 2562 5209 designaret,
2614 5152 2743 5208 qua:
2792 5150 3096 5206 nunquam
3142 5134 3216 5189 ab
3245 5132 3569 5189 aeternitate

1910 5220 2180 5284 discedit.
2215 5226 2424 5283 Melius
2454 5226 2627 5297 genui
2651 5225 2793 5280 dicit
2813 5241 2992 5296 quam
3006 5224 3205 5296 gigno,
3222 5239 3296 5277 ne
3315 5220 3569 5277 illainef-

1910 5318 2107 5374 fabilis
2129 5315 2429 5389 generatio
2447 5313 2666 5369 noviier
2681 5314 2912 5385 incepta
2930 5314 3243 5370 videretur.
3284 5311 3418 5368 Ideo
3438 5326 3570 5371 con.

1900 5407 2104 5480 jungit
2131 5404 2512 5477 praeteritum,
2546 5409 2612 5458 ut
2641 5421 2745 5474 per
2774 5403 2883 5459 hoc
2931 5404 3140 5458 innuat
3182 5400 3355 5457 nobis
3403 5398 3567 5459 illam

1913 5496 2348 5570 generationem
2384 5499 2440 5549 et
2470 5510 2620 5562 esse,
2651 5498 2707 5547 et
2738 5492 2938 5548 fuisse.
2963 5492 3124 5547 Unde
3145 5491 3388 5548 dicitur:
3417 5489 3569 5547 «Ge-

1915 5584 2274 5642 nerationem
2313 5584 2442 5655 ejus
2474 5583 2610 5654 quis
2638 5583 2935 5638 enarrabit
2955 5581 2982 5636 ?
3013 5603 3041 5632 »
3072 5581 3178 5653 (Isa
3206 5581 3349 5654 Lm).

1910 5679 1980 5735 Et
2012 5676 2152 5748 quia
2182 5674 2340 5729 ﬁlius
2372 5690 2539 5729 meus
2565 5686 2627 5728 es
2658 5677 2747 5742 tu,
2778 5671 2908 5728 ideo
2933 5694 2961 5724 «
2984 5668 3220 5744 postula
3246 5687 3281 5726 a
3310 5687 3423 5742 me,
3444 5694 3473 5723 »
3506 5669 3567 5727 id

1911 5772 2001 5829 est
2027 5782 2264 5829 assume
2292 5763 2742 5837 humanitatem,
2788 5763 2849 5821 in
2893 5780 3013 5841 qua
3039 5759 3234 5822 valeas
3266 5759 3564 5837 postulare

3200 5893 3239 5977 ἰ
