3914 6374
358 421 477 483 203

361 555 698 612 Secundum
714 554 1076 610 divinitatem
1094 572 1209 609 non
1224 556 1451 625 poterat
1467 551 1786 624 postulare,
1808 567 2009 607 secun-
2035 549 2094 618 Α

272 697 285 703 -
363 646 504 700 dum
537 660 712 715 quam
744 642 984 714 zequalis
1017 643 1169 697 Patri
1191 646 1331 698 erat.
1363 666 1388 692 ‹‹
1412 641 1648 697 Ρο81010
1670 664 1696 692 ››
1719 641 1868 709 dico,
1906 647 2014 697 «et

361 734 512 789 dabo
542 732 648 787 tibi
678 737 880 804 gentes
911 732 1309 787 haereditatem
1333 736 1518 798 tuam,
1543 751 1568 782 1)
1594 730 1774 797 idest,
1797 730 2012 802 quibus

361 821 698 893 domineris,
717 826 934 892 etquas
951 820 1199 876 excolas.
1222 821 1344 876 Illle
1361 821 1515 876 enim
1536 821 1634 891 qui
1661 820 1913 889 alicujus
1931 819 2012 875 rei

359 911 541 966 hzeres
570 913 677 977 081,
712 910 759 965 01
796 911 985 981 magis
1019 927 1197 981 quam
1231 909 1330 964 alii
1371 911 1727 977 dominatur,
1778 913 1833 962 et
1882 924 2012 963 eam

358 998 585 1054 excolit.
610 1000 679 1053 Et
695 1016 811 1054 non
835 999 1126 1070 quaslibet.
1147 1002 1350 1069 gentes
1371 999 1521 1053 dabo
1544 999 1670 1065 tibi,
1700 1003 1763 1052 ut
1785 999 2013 1052 Gi-zrcos

357 1089 445 1144 vel
479 1088 646 1157 alios,
672 1090 772 1144 ssd
789 1089 966 1144 etiam
999 1089 1327 1143 «terminos
1351 1094 1536 1153 terrm,
1568 1089 1668 1142 «id
1688 1091 2014 1157 cst,gentes

362 1196 488 1250 qua:
518 1177 579 1233 in
602 1179 878 1234 extremis
901 1178 1105 1233 mundi
1132 1178 1398 1249 partibus
1421 1177 1708 1245 habitant,
1735 1178 1884 1230 dabo
1910 1175 2014 1229 tibi

366 1289 393 1318 «
408 1268 862 1340 possessionem,
883 1289 910 1317 »
926 1267 982 1321 id
998 1271 1104 1333 est,
1131 1267 1211 1320 ita
1228 1272 1291 1320 ut
1312 1266 1372 1321 in
1393 1270 1670 1320 aeternum
1692 1266 2010 1337 possideas.

432 1358 601 1413 Juste
626 1357 807 1411 debeo
832 1356 934 1410 tibi
959 1359 1162 1427 gentes
1193 1355 1502 1426 subjicere,
1528 1355 1667 1425 quia
1687 1359 1772 1420 tu,
1801 1376 1828 1402 «
1854 1370 2018 1425 rcges

366 1462 466 1501 eos
496 1445 556 1499 in
583 1444 750 1517 virga
778 1445 983 1514 ferrea,
1022 1466 1043 1492 »
1079 1443 1135 1497 id
1164 1448 1272 1510 cst,
1297 1442 1663 1497 inflexibibili
1686 1441 2015 1513 disciplina,

367 1538 425 1591 et
442 1551 541 1590 eos
558 1533 659 1605 qui
676 1551 791 1588 non
810 1533 1089 1605 recipient
1107 1532 1503 1604 disciplinam,
1525 1554 1550 1581 ‹‹
1565 1531 1895 1604 confringes
1915 1550 1940 1582 n
1960 1531 2017 1584 id

366 1627 457 1679 est
485 1623 714 1696 punies,
749 1622 1035 1694 quosdam
1066 1622 1135 1677 ad
1170 1621 1607 1687 correctionem,
1629 1621 1913 1693 quosdam
1946 1620 2017 1674 ad

368 1712 829 1768 damnationem.
867 1732 893 1759 ‹‹
927 1713 1233 1781 Tanquam
1263 1728 1364 1765 vas
1399 1710 1558 1781 figuli
1592 1733 1614 1755 ››
1647 1709 1848 1765 leviter
1879 1727 2020 1764 con-

367 1800 707 1873 fringuntur
738 1817 751 1854 :
804 1817 908 1871 per
952 1800 1061 1854 hoc
1110 1799 1301 1855 simile
1331 1804 1497 1854 notat
1541 1816 1639 1854 eos
1670 1818 1798 1855 esse
1830 1800 2020 1858 lutcos

368 1906 518 1961 quos
548 1890 878 1961 confringet
908 1889 1214 1944 Dominus.

435 1979 625 2034 Verba
640 1977 822 2050 patris
848 1977 1058 2032 adhuc.
1082 1977 1273 2033 Etiam
1297 1977 1469 2033 talem
1494 1996 1688 2050 regem
1714 1980 2014 2034 constitui.

365 2094 387 2118 α
420 2069 492 2123 Ε1
521 2084 696 2136 nunc,
731 2086 756 2111 ι)
780 2067 953 2133 idest,
988 2070 1223 2122 ostenso
1256 2084 1322 2120 eo
1354 2067 1475 2121 tali.
1513 2087 1536 2111 ‹‹
1564 2070 1634 2123 Ε1
1654 2086 1755 2123 vos
1779 2085 1963 2140 reges,
1990 2098 2014 2123 »

359 2156 420 2213 id
451 2160 562 2223 est,
586 2155 988 2211 terrenitatem
1023 2160 1276 2211 vestram
1303 2157 1450 2210 bene
1475 2161 1741 2227 regentes
1766 2186 1789 2209 (ι
1810 2158 2019 2213 11110111-

359 2245 482 2318 gite
513 2263 537 2287 »
570 2249 826 2318 quantus
858 2244 935 2300 sit
966 2270 988 2293 «
1022 2249 1079 2299 et
1103 2261 1205 2300 vos
1238 2245 1338 2315 qui
1381 2245 1664 2314 judicatis
1716 2250 1953 2315 terram,
1988 2266 2013 2291 υ

357 2335 417 2389 id
452 2337 560 2403 est,
592 2333 811 2406 praelati
844 2332 1114 2387 Ecclesiae
1147 2332 1554 2404 quijudicium
1588 2334 1818 2390 habetis
1841 2353 2018 2407 super

355 2423 504 2479 alios
537 2444 560 2469 «
594 2422 930 2489 erudimini,
967 2443 990 2467 »
1023 2421 1081 2476 id
1115 2426 1204 2477 est
1230 2427 1390 2479 extra
1412 2424 1585 2479 rudes
1617 2424 1768 2491 sitis,
1792 2428 1857 2479 ut
1883 2442 2018 2497 pru-

352 2514 563 2568 denter
596 2511 798 2567 sciatis
829 2512 901 2565 de
932 2511 1209 2567 subditis.

428 2629 453 2654 ‹‹
486 2602 556 2656 Ε1
585 2601 794 2657 servite
827 2600 1075 2655 Domino
1105 2600 1165 2655 in
1199 2601 1433 2665 timore,
1467 2626 1489 2650 η
1521 2605 1578 2657 01
1622 2618 1693 2656 110
1724 2602 2017 2658 videretur

354 2694 659 2747 austerum
692 2707 939 2763 regnum
973 2690 1123 2761 ejus,
1158 2689 1227 2743 de
1260 2707 1373 2760 quo
1422 2690 1638 2762 legitur
1669 2708 1682 2744 :
1718 2709 1745 2739 (ί
1793 2692 2015 2763 Jugum

355 2781 516 2837 enim
548 2796 743 2835 meum
779 2796 953 2835 suave
984 2784 1092 2846 081,
1150 2783 1207 2833 01
1239 2795 1389 2834 onus
1424 2797 1620 2835 meum
1661 2780 1782 2835 leve
1829 2780 2011 2853 (Math.

357 2871 471 2942 11,)
506 2892 529 2914 ››
564 2870 693 2925 ideo
726 2868 966 2924 subdit:
1003 2891 1024 2913 «
1057 2872 1114 2924 et
1134 2868 1420 2924 exsultate
1450 2869 1521 2924 ei.
1545 2871 1739 2925 »Etne
1767 2870 2015 2925 exsulta-

356 2961 438 3015 tio
469 2963 526 3015 et
554 2961 813 3014 suavitas
860 2958 989 3029 ejus
1040 2957 1201 3030 regni
1233 2957 1647 3030 negligentiam
1687 2964 2009 3031 generaret,

358 3049 522 3105 addit
554 3072 575 3097 ‹‹
610 3066 745 3103 cum
774 3052 1027 3102 tremore
1060 3070 1082 3092 ι)
1117 3046 1305 3101 subde
1354 3048 1633 3119 corporis.
1683 3050 1751 3103 Et
1798 3049 1858 3103 in
1903 3048 2014 3103 hoc

357 3154 529 3194 versu
560 3137 621 3193 in
654 3154 769 3209 quo
803 3137 1195 3191 admonemur
1240 3137 1310 3190 de
1355 3137 1588 3192 servitio
1638 3138 1764 3204 Dei,
1816 3143 2013 3210 aperte

358 3231 595 3283 notatur
624 3224 868 3280 intentio
900 3224 1132 3294 psalmi.
1166 3226 1235 3278 Et
1264 3228 1327 3278 ut
1360 3226 1596 3297 possitis
1618 3228 1829 3282 servire
1863 3250 1883 3273 ‹‹
1920 3244 2016 3298 ap-

358 3314 724 3387 prehendite,
758 3335 781 3359 »
816 3312 873 3365 id
906 3317 992 3365 est
1022 3313 1199 3366 ctiam
1231 3313 1279 3366 si
1330 3314 1616 3368 Dominus
1665 3332 1777 3369 non
1828 3296 2012 3381 dare—t,
2045 3296 2087 3363 (ἶ

358 3401 614 3474 appetite
647 3398 1120 3470 «disciplinam,»
1141 3398 1197 3453 id
1214 3405 1320 3467 est,
1348 3418 1762 3472 quamcunque
1783 3403 2016 3458 Domini

359 3488 795 3553 correctienem,
829 3486 968 3556 quia
995 3488 1309 3557 Apostolus
1337 3489 1513 3543 dicit:
1550 3513 1572 3535 ‹‹
1598 3492 1758 3555 Quod
1788 3491 1835 3546 si
1858 3496 2017 3547 extra

360 3575 738 3649 disciplinam
786 3574 950 3641 estis,
1003 3591 1139 3646 ergo
1174 3575 1421 3630 adulteri
1469 3581 1525 3632 et
1576 3596 1689 3633 non
1738 3579 2016 3636 1111108118

359 3667 543 3736 (Hebr.
569 3666 692 3737 x11).
725 3681 752 3712 ι)
772 3663 1203 3737 Apprcbendite
1227 3665 1355 3720 dico
1380 3685 1401 3707 α
1428 3684 1497 3721 110
1520 3668 1795 3738 quando»
1823 3668 1879 3723 id
1904 3673 2012 3738 est,

361 3755 422 3810 in
453 3756 547 3811 die
569 3754 803 3827 judicii,
835 3753 970 3808 licet
1000 3754 1174 3808 modo
1205 3758 1407 3825 parcat
1439 3776 1459 3798 ‹‹
1495 3756 1783 3811 irascatur
1820 3758 2015 3813 Domi-

362 3862 496 3915 nus,
530 3864 554 3888 »
589 3845 648 3899 id
680 3848 786 3911 est,
820 3844 1090 3898 effectum
1135 3842 1268 3897 irati
1316 3845 1587 3900 ostendat
1630 3846 1687 3900 in
1723 3847 1908 3915 vobis,
1961 3852 2018 3903 et

361 3935 447 3992 sic
481 3956 504 3982 «
554 3934 805 4007 pereatis
855 3932 1061 3987 remoti
1099 3956 1120 3979 «
1173 3933 1244 3987 de
1294 3932 1389 3988 via
1424 3935 1609 4004 justa,
1647 3959 1670 3983 »
1715 3935 1770 3990 id
1805 3941 1911 4005 est,
1948 3937 2019 3993 de

360 4023 636 4096 operibus
657 4023 979 4094 justorum.

433 4137 457 4163 (ι
484 4111 913 4184 Apprebendite
945 4110 1138 4178 »(1100,
1175 4130 1197 4153 α
1219 4114 1575 4184 nepereatis,
1613 4136 1635 4161 ι)
1668 4120 1724 4170 01
1752 4117 1926 4171 etiam
1951 4122 2017 4173 ut

360 4202 513 4258 beati
547 4200 697 4255 sitis.
718 4198 877 4254 Beati
896 4198 1054 4254 enim
1073 4218 1279 4255 omnes
1298 4207 1469 4257 erunt
1490 4203 1590 4274 qui
1611 4206 1935 4271 confidunt,
1956 4207 2014 4261 id

359 4295 466 4359 est,
501 4289 602 4361 qui
633 4304 796 4360 spem
826 4287 1283 4359 habentexpura
1300 4291 1826 4349 conscientiainea.
1850 4296 2014 4351 Tunc

359 4380 599 4453 quidem
631 4377 783 4433 beati
806 4381 1000 4448 erunt,
1031 4397 1053 4421 «
1079 4394 1213 4433 cum
1235 4378 1341 4444 ira,
1359 4408 1381 4431 1)
1402 4380 1459 4434 id
1479 4385 1587 4448 est,
1616 4382 2013 4455 vindictaejus

359 4467 738 4536 «exarserit,»
756 4466 994 4535 scilicet,
1012 4466 1163 4520 sicut
1185 4467 1337 4539 ignis
1360 4469 1609 4524 durante
1633 4471 1877 4526 materia
1897 4490 2012 4528 non

358 4557 576 4625 (1011011,
610 4556 693 4611 110
721 4556 980 4612 vindicta
1010 4555 1223 4609 Christi
1250 4556 1368 4611 illis
1401 4558 1753 4614 durantibus
1784 4577 1897 4614 non
1922 4561 2015 4616 de-

763 419 1169 484 HAYMONIS
1211 417 1752 481 HALBERSTAT.
1787 414 2031 478 EPISC.
2067 414 2237 477 OPP.
2269 415 2500 478 PARS.
2533 416 2581 479 Ι.
2613 450 2692 461 -—
2720 414 3128 479 COMMENT.
3167 415 3370 480 BIBL.

2049 1923 2097 1987 B

3687 420 3823 479 204

2646 550 2718 606 IN
2758 551 3107 607 PSALMUM
3148 552 3245 609 III.

2192 642 2468 696 Trruws.
2502 641 2785 715 Psalmum
2813 640 2993 715 Dauid,
3014 656 3140 695 cum
3168 643 3378 713 fugeret
3396 659 3429 698 a
3448 644 3609 715 facie
3629 644 3818 700 Absa-

2766 713 2857 767 ιοη
2884 713 2994 783 filii
3022 715 3133 768 sui.

2197 838 2221 863 «
2253 819 2519 887 Domine,
2553 819 2693 891 quid
2723 817 3095 890 multiplicati
3129 823 3286 874 sunt.
3312 846 3335 871 »
3361 821 3588 895 Tangit
3610 823 3817 878 histo-

2126 906 2270 961 riam
2303 925 2479 979 quam
2515 908 2693 963 David
2725 908 2797 962 ab
2828 906 3083 963 Absalon
3135 909 3442 965 sustinuit.
3480 912 3815 967 Dubitavit

2123 997 2279 1051 enim
2312 997 2563 1051 Absalon
2595 1003 2757 1068 patre
2787 996 3034 1064 vivente,
3081 998 3173 1052 cui
3224 998 3482 1055 filiorum
3538 1018 3811 1073 regnum

2123 1085 2292 1140 vellet
2323 1086 2640 1152 dimittere,
2673 1103 3035 1157 regnumque
3085 1087 3195 1141 sibi
3248 1088 3649 1145 immoderate
3694 1110 3810 1146 cu-

2126 1175 2314 1246 piens,
2348 1175 2566 1230 multos
2597 1176 2667 1230 de
2698 1175 2912 1247 populo
2944 1175 3155 1231 callida
3204 1176 3636 1249 pollicitatione
3672 1199 3809 1236 cor-

2128 1265 2286 1335 rupit
2315 1270 2371 1319 et
2400 1265 2637 1319 tandem
2670 1282 2773 1336 per
2802 1265 3247 1336 occupationem
3268 1266 3326 1321 in
3351 1284 3556 1339 regem
3580 1272 3813 1327 consti-

2126 1354 2213 1407 tui
2247 1354 2401 1407 t‘ecit.
2437 1352 2615 1408 David
2647 1370 2778 1408 vero
2801 1355 2993 1409 sciens
3013 1352 3175 1408 illam
3200 1357 3655 1428 eccupationem
3681 1377 3802 1414 non

2128 1460 2256 1497 esse
2288 1443 2499 1497 factam
2532 1460 2635 1513 per
2655 1443 2755 1498 Dei
2775 1442 3219 1510 voluntatem,et
3238 1444 3430 1501 sciens
3452 1446 3568 1502 hoc
3590 1448 3804 1521 ﬂagel-

2128 1532 2252 1586 lum
2284 1549 2319 1585 a
2348 1532 2454 1586 deo
2477 1531 2586 1585 sibi
2613 1532 2818 1586 datum
2840 1548 2944 1603 pro
2966 1537 3200 1603 peccato
3222 1533 3497 1589 adulterii
3522 1540 3583 1591 et
3605 1537 3800 1593 homi-

2128 1620 2397 1691 cidii,pro
2428 1637 2543 1691 quo
2566 1624 2802 1692 peccato
2826 1620 3104 1676 divinitus
3126 1621 3175 1676 ei
3201 1622 3425 1679 dictum
3447 1628 3604 1694 erat;
3625 1646 3652 1669 «ι
3670 1627 3800 1681 Νο11

2130 1710 2359 1765 (10110101
2406 1709 2638 1781 gladius
2671 1728 2706 1764 a
2731 1712 2904 1766 domo
2949 1710 3128 1765 David
3168 1712 3244 1781 (II
3267 1713 3393 1784 Reg.
3426 1716 3536 1783 x11)
3571 1732 3585 1770 :
3623 1736 3650 1759 »ι
3689 1733 3800 1788 pa-

2129 1800 2341 1854 tienter
2370 1798 2474 1853 filii
2507 1799 2972 1870 persecutionem
3004 1800 3324 1867 sustinens,
3356 1802 3665 1874 nudisque
3698 1822 3799 1876 pe-

2130 1889 2304 1944 dibus
2334 1905 2468 1944 cum
2502 1888 2857 1959 quibusdam
2892 1905 3133 1943 suorum
3166 1888 3459 1947 civitatem
3491 1892 3794 1960 deferens,

2129 1977 2233 2032 11111
2266 1977 2635 2049 praesentiam
2651 1976 3523 2049 aufugit.Cumqueilliabeunti
3540 1982 3792 2052 quidam

2128 2065 2564 2132 maledicerent,
2601 2070 2653 2120 et
2680 2067 2843 2137 jactu
2890 2064 3153 2138 lapidum
3205 2066 3584 2139 insultarent,
3615 2070 3794 2126 illum

2125 2155 2315 2210 virum
2349 2154 2706 2225 sanguinum
2739 2154 3122 2226 appellantes,
3159 2172 3296 2211 suos
3324 2155 3508 2212 vicem
3541 2160 3793 2216 reddere

2128 2262 2242 2299 non
2265 2244 2658 2317 permisit,sed
2678 2245 2966 2316 patienter
2984 2247 3450 2316 persecutionem
3474 2248 3789 2319 sustinuit,

2126 2334 2327 2388 dicens
2353 2350 2365 2387 :
2392 2332 2664 2405 Flagellis
2694 2334 2794 2388 Dei
2829 2351 2945 2388 non
2978 2335 3187 2391 debere
3221 2352 3327 2391 nec
3357 2352 3531 2408 posse
3561 2339 3787 2394 resisti.

2124 2423 2269 2478 Joab
2301 2439 2435 2477 vero
2466 2427 2689 2491 contra,
2721 2422 3065 2495 patientiam
3089 2424 3266 2480 David
3301 2443 3414 2481 non
3446 2428 3785 2496 attendens,

2125 2530 2261 2567 cum
2292 2512 2545 2567 Absalon
2574 2528 2709 2567 cum
2742 2513 2997 2567 exercitu
3037 2520 3503 2586 persequeretur,
3542 2533 3679 2573 eum
3709 2518 3786 2573 ab

2125 2601 2330 2657 arbore
2374 2602 2726 2673 pendentem
2783 2618 2886 2673 per
2941 2602 3206 2674 capillos,
3257 2604 3489 2660 occidit.
3527 2606 3786 2679 Fugiens

2126 2692 2283 2745 enim
2315 2690 2570 2746 Absalon
2604 2708 2783 2763 super
2812 2690 3034 2747 mulam
3068 2691 3344 2749 involutis
3376 2694 3603 2767 capillis
3628 2696 3787 2751 circa

2126 2797 2357 2835 ramum
2393 2779 2692 2848 (intonsus
2725 2778 2882 2834 enim
2915 2784 3060 2849 erat)
3093 2798 3417 2853 suspensus
3457 2783 3782 2857 respondit.

2126 2870 2232 2925 Per
2262 2870 2436 2924 istam
2460 2886 2590 2924 vero
2615 2869 3080 2940 persecutionem
3094 2870 3272 2926 David
3289 2871 3468 2927 istum
3481 2872 3781 2944 psalmum

2124 2958 2475 3030 composuit,
2492 2958 2551 3011 in
2575 2975 2690 3029 quo
2715 2957 2937 3029 Spiritu
2961 2963 3163 3015 sancto
3191 2960 3585 3034 imbutus,per
3606 2978 3780 3018 suam

2124 3047 2339 3103 Christi
2372 3046 2715 3119 patientiam
2748 3048 3076 3118 respondit,
3103 3048 3337 3104 Paznam
3368 3048 3509 3118 luit;
3543 3067 3645 3122 per
3674 3049 3777 3105 11111

2122 3154 2256 3192 vero
2312 3137 2476 3192 Judne
2528 3135 2855 3207 nequitiam
2913 3137 3399 3207 prmmonstravit.
3444 3139 3550 3194 Per
3594 3138 3776 3194 David

2124 3243 2380 3297 namque
2410 3224 2679 3279 Christus
2711 3224 3097 3295 significatur,
3129 3242 3264 3281 cum
3296 3226 3356 3281 in
3395 3226 3502 3282 hoc
3550 3227 3778 3299 psalmo

2127 3314 2409 3387 patientia
2453 3314 2937 3369 demonstratur:
2974 3331 3077 3385 per
3121 3315 3375 3372 Absalon
3418 3333 3550 3372 vero
3592 3317 3777 3374 Judas

2125 3403 2494 3475 intelligitur,
2528 3402 2629 3474 qui
2662 3402 2819 3458 ﬁlius
2851 3403 3088 3475 Christi,
3114 3404 3252 3476 quia
3273 3405 3594 3478 discipulus
3625 3408 3774 3477 ejus,

2125 3494 2359 3548 dicitur.
2390 3491 2646 3547 Absalon
2681 3492 2895 3564 quippe
2928 3510 3039 3564 pax
3079 3493 3263 3564 patris
3311 3493 3727 3567 interpretatur
3756 3512 3773 3552 :

2127 3600 2243 3637 non
2275 3582 2411 3653 quia
2440 3598 2575 3635 cum
2609 3585 2771 3651 patre
2801 3598 3005 3652 pacem
3032 3581 3292 3650 haberet,
3329 3583 3428 3638 sed
3468 3584 3604 3656 quia
3634 3601 3768 3640 cum

2125 3689 2190 3727 eo
2223 3688 2425 3742 pacem
2454 3669 2661 3724 habuit
2690 3673 2873 3741 pater.
2909 3670 3001 3726 Sic
3052 3674 3109 3726 et
3154 3671 3340 3727 Judas
3388 3688 3588 3744 pacem
3635 3690 3769 3729 cum

2126 3759 2355 3814 Christo
2388 3775 2501 3812 non
2532 3757 2758 3829 habuit,
2792 3759 3061 3830 quamvis
3097 3758 3365 3817 Christus
3395 3765 3452 3816 et
3480 3778 3613 3817 cum
3642 3779 3770 3819 om-

2126 3849 2302 3904 nibus
2334 3847 2463 3904 aliis
2494 3851 2549 3903 ct
2579 3864 2712 3903 cum
2747 3864 2812 3903 eo
2843 3865 3047 3920 pacem
3087 3852 3329 3905 teneret.
3363 3850 3527 3907 Sicut
3576 3857 3766 3907 autem

2125 3936 2379 3993 Absalon
2412 3953 2515 4008 per
2544 3937 2806 4008 seipsum
2839 3953 3165 4008 suspensus
3188 3936 3461 4005 est,itaet
3483 3938 3768 3994 Judas.Ti-

2126 4026 2286 4081 tulus
2316 4028 2510 4080 autem
2544 4024 2628 4080 sic
2649 4023 2957 4096 exponitur
2980 4042 2992 4080 :
3019 4024 3288 4081 Psalmus
3309 4025 3418 4083 iste
3439 4025 3769 4082 attribuitur

2126 4114 2328 4183 David,
2368 4114 2424 4168 id
2455 4113 2822 4181 est.Christo,
2849 4131 3030 4187 agens
3060 4115 3130 4169 de
3156 4116 3410 4186 quodam
3440 4115 3662 4190 negotio
3683 4116 3763 4188 ip-

2126 4204 2488 4269 sius,habito
2521 4220 2656 4258 cum
2691 4203 2916 4274 fugeret
2947 4220 2980 4258 a
3009 4202 3155 4258 facie
3184 4204 3458 4273 Absalon,
3482 4205 3539 4259 id
3565 4210 3665 4273 est,
3695 4206 3761 4260 ab

2126 4293 2386 4348 interiori
2421 4292 2566 4347 facie
2590 4291 2779 4362 Judas,
2813 4309 2929 4347 non
2958 4291 3239 4360 localiter,
3276 4294 3377 4348 sed
3427 4293 3759 4366 cognitione.

2121 4385 2452 4454 Antequam
2483 4380 2639 4436 enim
2662 4380 2694 4435 J
2702 4380 2849 4436 udas
2869 4379 3230 4437 voluntatem
3254 4382 3586 4438 traditionis
3604 4382 3761 4439 11011οο

2122 4476 2233 4540 ret,
2264 4472 2401 4526 licet
2425 4469 2717 4537 simulate,
2752 4469 3001 4526 Domino
3032 4472 3351 4542 quamdam
3383 4471 3759 4527 obedientiam

2122 4560 2453 4627 exhibebat,
2488 4562 2543 4613 et
2594 4558 2771 4614 etiam
2826 4558 3111 4615 miracula
3151 4559 3399 4614 faciebat
3431 4576 3444 4615 :
3479 4560 3577 4615 sed
3610 4564 3759 4631 post-

360 4647 533 4718 ﬁciet,
566 4650 854 4718 quantum
883 4649 973 4700 est
996 4667 1021 4698 «
1049 4645 1108 4698 in
1143 4645 1319 4713 brevi,
1349 4668 1376 4698 »
1398 4650 1633 4718 tempus
1654 4648 1810 4703 enim
1842 4650 2012 4706 breve
2048 4666 2092 4730 ι)
2125 4667 2303 4724 quam
2335 4649 2394 4703 in
2429 4665 2529 4702 cor
2558 4648 2708 4718 ejus,
2743 4651 2808 4702 ut
2838 4647 3155 4703 Dominum
3204 4649 3476 4715 traderet,
3510 4648 3759 4704 diabolus

358 4740 464 4793 est.
487 4735 589 4790 Vel
624 4753 647 4775 «
679 4735 738 4788 in
772 4733 976 4787 brevi»
1004 4734 1283 4804 quoniam
1317 4734 1663 4790 imminente
1696 4739 2010 4809 tejudicio,

363 4826 560 4881 subita
590 4840 761 4897 paena
792 4822 991 4893 impiis
1022 4821 1292 4877 infertur.
1331 4823 1525 4878 Potest
1555 4825 1731 4880 etiam
1778 4826 1836 4880 in
1879 4845 2016 4884 voce

360 4914 675 4986 prophetiae
724 4911 857 4984 legi,
905 4915 962 4966 et
1007 4910 1293 4966 inducens
1339 4912 1637 4968 Christum
1692 4915 1790 4969 ubi
1823 4916 2010 4972 dicit:

362 5004 518 5074 «Ego
545 5005 739 5056 autem
769 5000 1124 5055 constitutus
1139 5017 1273 5055 sum
1292 5017 1303 5053 :
1321 5028 1346 5058 1)
1365 5001 1638 5074 sicjunge
1657 5021 1669 5057 :
1691 5030 1712 5051 ‹ι
1730 5006 2016 5061 Convene-

361 5095 499 5146 runt
519 5090 797 5145 adversus
828 5087 1126 5143 Christum
1158 5090 1309 5158 ejus,
1344 5108 1366 5131 ι)
1421 5090 1504 5145 810
1556 5091 1843 5147 dicentem
1870 5110 1884 5147 :
1924 5094 2009 5149 Illi

359 5178 894 5247 conturbabuntur,
918 5193 1022 5248 ego
1047 5180 1241 5231 autem
1266 5177 1554 5234 constitus
1577 5197 1709 5233 sum
1736 5201 1757 5223 η
1779 5186 1889 5236 etc.
1910 5183 2012 5237 Lo-

360 5269 563 5339 quitur
590 5266 765 5321 etiam
800 5264 1085 5336 propheta
1117 5266 1211 5319 ubi
1249 5266 1390 5319 dicit
1424 5283 1436 5318 :
1474 5268 1716 5323 Etnunc
1736 5286 1898 5341 rcges
1919 5270 2007 5324 in-

2124 4738 2379 4808 intravit,
2414 4736 2700 4792 Dominus
2731 4735 2803 4790 ab
2852 4736 2981 4807 ejus
3028 4737 3201 4792 corde
3251 4736 3511 4803 recessit,
3543 4754 3577 4791 a
3604 4738 3760 4792 corde

2123 4830 2286 4885 Juda:
2319 4827 2448 4882 dico
2481 4825 2646 4898 prius
2674 4824 2776 4878 11111
2808 4824 3170 4881 sui.Materia
3199 4826 3529 4881 veroinhoc
3549 4825 3757 4898 psalmo

2124 4921 2213 4973 est
2259 4913 2547 4980 Christus,
2582 4914 2654 4968 de
2700 4929 2815 4984 quo
2867 4911 2988 4984 agit
3035 4912 3145 4968 hoc
3198 4914 3370 4969 modo
3405 4930 3417 4968 :
3453 4914 3659 4985 Tangit
3694 4913 3759 4969 de

2124 5005 2396 5083 passigne
2415 5007 2472 5058 et
2492 5002 2912 5075 gloriﬁcatione
2943 5019 2955 5057 :
2985 5005 3041 5056 et
3064 5019 3179 5057 non
3203 5001 3438 5073 exponit
3460 5019 3562 5074 per
3581 5005 3756 5074 partes

2122 5094 2479 5166 passionem,
2514 5091 2668 5146 sicut
2695 5091 2755 5145 in
2789 5090 3146 5161 quibusdam
3174 5089 3308 5146 aliis
3338 5088 3581 5162 psalmis
3613 5090 3753 5145 facit.

2122 5183 2371 5237 Intentio
2395 5198 2528 5236 vero
2552 5185 2658 5248 est,
2676 5196 2781 5234 nos
2807 5178 2878 5234 ad
2901 5178 3245 5250 patientiam
3278 5196 3381 5251 per
3411 5179 3595 5251 ipsius
3614 5179 3757 5234 Chri-

2120 5271 2195 5326 sti
2223 5270 2552 5341 exemplum
2588 5269 2852 5336 invitare,
2879 5272 2944 5321 ut
2973 5285 3090 5324 non
3122 5284 3502 5340 quascunque
3526 5268 3753 5339 injurias

356 5356 620 5426 telligitc.
654 5382 677 5405 η
714 5354 781 5407 Ε1
807 5353 890 5406 810
911 5354 1097 5424 junge
1124 5370 1135 5406 :
1169 5354 1442 5409 Christus
1484 5356 1616 5409 talis
1652 5374 1748 5411 rex
1772 5364 1881 5423 est,
1907 5380 1925 5399 α
1951 5365 2008 5415 01
2116 5360 2468 5415 timeamus:
2501 5358 2656 5412 unde
2688 5361 2745 5412 et
2774 5356 3126 5427 Apostolus:
3158 5386 3181 5408 ‹‹
3205 5357 3263 5412 Si
3296 5356 3753 5428 compatimur,et

356 5459 512 5500 nunc
542 5460 643 5498 vos
675 5458 839 5513 rcges
870 5440 1199 5512 intelligite.
1237 5472 1259 5494 ))
2114 5448 2607 5521 conregnabimus
2643 5448 2817 5519 (Rem.
2840 5448 2987 5515 VIII).
3015 5476 3038 5498 ν
3064 5446 3195 5500 11ωο
3239 5444 3486 5500 intentio
3538 5449 3753 5499 notatur

2110 5538 2172 5593 in
2203 5539 2313 5593 hoc
2344 5535 2707 5609 psalmo,ubi
2737 5535 2918 5590 dicit:
2943 5535 3068 5589 Non
3090 5534 3310 5589 timebo
3331 5532 3516 5588 millia
3547 5533 3750 5605 populi,

2107 5646 2215 5685 vox
2243 5626 2483 5683 Christi.
2517 5626 2588 5681 Et
2618 5623 2824 5696 incipit
2853 5640 2887 5679 a
2917 5624 3215 5697 passione,
3248 5622 3333 5680 sic
3367 5620 3567 5679 dicens
3611 5624 3748 5701 patri

2106 5718 2216 5782 sub
2250 5716 2506 5796 quadam
2546 5713 2955 5780 admiratione.

984 5636 1355 5651 m
