3914 6374
167 493 282 552 205
1350 491 1660 549 EXPLAN
1675 489 1853 549 ATIO
1898 489 1978 548 ΙΝ
2024 491 2167 552 PSA
2178 491 2403 554 LMOS.
3481 493 3598 552 206

242 624 534 680 «Domine
552 624 706 679 Deus
729 648 753 673 ››
772 624 933 695 quid,
956 624 1010 678 id
1031 630 1140 691 est,
1163 629 1398 694 propter
1421 646 1447 673 «
1472 624 1610 694 quid
1638 623 1830 677 multi-
1858 623 1914 689 Α
1946 625 2199 680 maxima
2231 627 2475 682 dulcedo
2498 633 2553 681 et
2577 629 2971 700 tranquillitas
2997 635 3104 684 est.
3127 630 3374 684 Ostensa
3398 647 3604 686 neces-

165 714 359 786 plieati
393 715 572 768 eunt?
602 739 621 765 υ
655 715 736 768 ita
768 713 944 768 etiam
975 717 1040 767 ut
1066 712 1223 766 filius
1259 731 1444 776 mens,
1473 713 1692 766 scilicet
1727 715 1827 766 Ju-
1942 715 2108 768 sitate
2137 716 2548 781 exauditionis,
2574 717 2732 786 ponit
2765 717 2952 789 ipsam
2979 720 3432 773 exauditionem.
3459 721 3601 774 Con-

163 805 287 871 das,
317 804 551 858 sitcum
585 803 676 857 his
703 825 729 850 ‹‹
754 803 853 874 qui
900 802 1185 856 tribulant
1209 819 1320 855 me.
1350 825 1375 851 ››
1404 803 1527 856 Non
1573 803 1698 855 ideo
1729 803 1829 855 ad-
1940 803 2188 858 tinuatio
2224 824 2236 860 :
2274 828 2298 857 (‹
2321 808 2436 876 Ego
2470 807 2717 859 dormivi
2749 814 2804 860 et
2831 807 3195 874 exsurrexi,»
3228 807 3284 860 id
3321 812 3408 862 est
3439 812 3600 862 extra

165 893 430 947 mirando
455 892 737 963 loquitur,
758 893 911 963 quod
939 892 1063 962 ipse
1088 890 1429 956 admiretur,
1449 893 1547 945 sed
1577 896 1637 944 ut
1663 892 1829 946 nobis
1943 893 2126 963 legem
2162 895 2426 948 omnium
2480 899 2844 949 mortuorum
2900 895 3144 965 surrexi,
3178 894 3467 966 principes
3513 912 3600 951 re-

161 981 575 1035 admirandum
599 999 724 1034 esse
750 982 1043 1045 ostendat,
1070 981 1223 1050 quod
1251 981 1330 1033 illi
1361 979 1650 1033 medicum
1678 982 1830 1034 salu-
1940 998 2077 1050 gum
2109 987 2292 1035 terrm.
2324 985 2452 1037 ldeo
2483 1006 2508 1035 ί(
2531 986 2846 1054 exsurrexi,
2873 986 3010 1055 quia
3031 986 3316 1038 Dominus
3343 985 3603 1054 suscepit

165 1069 234 1124 tis
268 1088 470 1124 eorum
495 1071 910 1125 innnocentem
936 1069 993 1123 in
1021 1071 1298 1123 erunibus
1322 1070 1485 1140 quasi
1525 1076 1826 1122 nocentem
1942 1089 2051 1135 me,
2075 1091 2098 1119 ι)
2127 1072 2178 1124 id
2209 1078 2314 1141 est,
2343 1073 2588 1142 junctus
2613 1077 2696 1126 est
2722 1091 2860 1127 mea:
2888 1074 3258 1128 humanitati.
3289 1074 3408 1128 Nisi
3440 1075 3595 1127 enim

164 1160 684 1230 persequebantur.
716 1182 741 1208 ‹‹
769 1158 935 1212 Multi
973 1159 1289 1227 insurgunt
1321 1161 1628 1211 adversum
1657 1176 1768 1212 me...
1793 1173 1822 1207 ’››
1940 1160 2126 1214 deitas
2161 1161 2511 1214 humanitati
2537 1164 2850 1231 conjuncta
2874 1168 3047 1229 esset,
3073 1162 3414 1217 humanitas
3439 1180 3597 1217 more

162 1249 216 1301 id
250 1254 338 1302 est
372 1254 721 1319 potestatem
748 1254 995 1302 sumunt
1027 1255 1230 1302 contra
1261 1266 1369 1301 me.
1398 1248 1636 1300 l’ossent
1669 1249 1824 1301 enim
1938 1249 2183 1302 aliorum
2218 1250 2524 1303 hominum
2555 1256 2785 1304 mortua
2816 1257 3163 1306 remaneret.

160 1337 460 1404 tribulare,
486 1355 590 1392 nec
644 1343 840 1392 tamen
875 1343 1221 1409 potestatem
1258 1355 1435 1408 super
1467 1355 1600 1391 eum
1653 1355 1825 1391 cura-
2009 1339 2154 1402 Quia
2180 1359 2204 1388 α
2225 1339 2716 1409 exsurrexi,njam
2740 1356 2895 1391 «non
2917 1339 3128 1393 timebo
3143 1341 3242 1393 nin
3267 1340 3595 1412 meiszquia

161 1432 287 1482 rent
317 1427 636 1482 insumere.
1937 1425 2070 1479 licet
2106 1427 2194 1480 sui
2232 1427 2500 1492 timeant,
2527 1432 2720 1480 tamen
2754 1426 2811 1480 in
2847 1426 2953 1481 hoc
2985 1445 3099 1480 non
3129 1433 3266 1482 sunt
3295 1429 3405 1483 sui.
3437 1430 3594 1482 tlude

234 1540 261 1566 ‹‹
296 1517 464 1571 Multi
497 1517 836 1588 insurgunt,
874 1521 928 1570 et
961 1515 1130 1570 multi
1165 1515 1418 1569 dicunt»
1454 1514 1571 1571 sive
1605 1515 1823 1586 cogita-
1937 1514 2224 1569 diciturzu
2244 1516 2511 1570 Charitas
2536 1518 2688 1570 foras
2717 1515 2896 1569 mittit
2926 1516 3192 1571 timorem
3217 1519 3390 1584 (Rom.
3410 1520 3587 1584 x110.»

163 1605 345 1674 tione,
381 1606 500 1663 sive
529 1624 687 1674 voce,
722 1606 840 1661 sive
886 1624 1057 1678 opere
1084 1630 1109 1655 ‹‹
1145 1606 1350 1660 animae
1397 1623 1558 1666 mea),
1585 1627 1611 1654 »
1648 1606 1705 1658 id
1738 1610 1825 1658 est
1945 1625 1970 1654 «
2005 1604 2184 1657 Millia
2228 1605 2424 1675 populi
2459 1626 2484 1656 »
2525 1606 2764 1671 scilicet,
2801 1610 3177 1677 quotcunque
3227 1607 3403 1660 etiam
3456 1607 3592 1675 sint,

157 1695 286 1749 vitae
321 1713 461 1751 mea:
500 1718 525 1745 «
550 1714 665 1750 non
697 1700 785 1750 est
818 1694 1000 1760 salus,
1029 1718 1054 1743 ››
1083 1696 1139 1749 id
1174 1700 1262 1749 est
1294 1711 1407 1748 non
1441 1698 1528 1747 est
1558 1693 1824 1748 liberatio
1938 1693 2036 1762 qui
2065 1698 2257 1746 tamen
2295 1693 2540 1747 timendi
2561 1693 2913 1760 viderentur,
2935 1693 3073 1764 quia
3103 1694 3469 1749 circumdant
3505 1711 3598 1750 me

156 1784 475 1856 corporalis
511 1785 672 1856 «ipsi
701 1807 725 1833 ››
755 1784 808 1838 id
843 1789 931 1838 est
964 1784 1221 1849 Christo,
1247 1784 1344 1853 qui
1379 1800 1440 1836 se
1465 1783 1726 1852 jactabat
1759 1783 1824 1834 fi-
1937 1778 1993 1831 in
2030 1782 2195 1845 meis,
2227 1787 2282 1834 et
2317 1783 2422 1834 hoc
2447 1787 2530 1835 est
2555 1782 2977 1835 circumdantis
3002 1799 3114 1836 me.
3141 1782 3410 1837 Christus
3439 1783 3594 1838 enim

156 1871 302 1927 lium
338 1873 461 1940 Dei,
502 1896 528 1923 «
562 1874 622 1927 in
658 1875 774 1928 Deo
823 1874 970 1943 ejus.
1000 1895 1024 1920 ››
1063 1873 1186 1925 Non
1221 1873 1374 1941 quod
1409 1870 1518 1941 ipsi
1552 1875 1827 1940 putarent
1939 1868 2323 1938 inqiassibilis
2356 1876 2412 1924 et
2444 1869 2794 1923 immortalis
2825 1872 3175 1941 factus,jam
3210 1871 3266 1924 in
3296 1888 3357 1925 se
3389 1871 3594 1927 timere

153 1978 289 2016 eum
345 1962 561 2017 habere
611 1962 820 2026 Deum,
847 1961 946 2015 sed
979 1960 1034 2012 in
1072 1977 1136 2013 eo
1171 1977 1344 2030 quem
1377 1958 1488 2013 sibi
1539 1958 1825 2011 faciebant
1854 1993 1903 2058 B
1937 1973 2050 2010 non
2084 1962 2308 2029 poterat
2345 1975 2356 2011 :
2394 1959 2492 2029 qui
2523 1963 2718 2012 autem
2754 1964 3188 2030 persequuntur
3218 1959 3438 2027 fideles,
3475 1978 3591 2015 non

155 2049 365 2104 Deum.
391 2050 554 2105 Unde
588 2049 860 2102 dicebant
887 2048 934 2101 ei
972 2046 1329 2100 insultantes
1359 2063 1408 2099 :u
1435 2047 1489 2100 Si
1518 2045 1697 2100 Filius
1724 2045 1819 2100 Dei
1854 2045 1902 2058 “’
1937 2045 2114 2116 ipsos,
2143 2048 2242 2100 sed
2268 2048 2566 2102 Christum
2594 2047 2647 2100 in
2676 2047 2815 2118 ipsis
2839 2054 3294 2119 persequuntur.
3321 2048 3424 2104 Ubi
3451 2049 3592 2104 dicit

152 2142 260 2204 est,
314 2137 524 2193 liberet
575 2154 710 2191 eum
763 2153 920 2190 nunc
973 2136 1022 2190 si
1075 2135 1198 2189 vult
1230 2135 1434 2205 (.llutth.
1468 2137 1638 2204 xxvi).
1665 2158 1690 2183 ››
1723 2135 1823 2189 Vel
1943 2157 1967 2186 α
2001 2154 2114 2190 non
2169 2137 2456 2207 timebo,»
2497 2141 2658 2191 notat
2708 2137 3108 2205 intentionem,
3145 2138 3364 2192 scilicet
3395 2142 3458 2192 ut
3489 2155 3588 2210 pa-

155 2227 330 2282 multi
364 2227 569 2280 dicunt
601 2225 953 2280 insultantes
991 2247 1016 2274 ‹‹
1050 2224 1258 2279 anima:
1292 2243 1450 2278 meai.
1483 2247 1503 2274 ι
1935 2225 2146 2280 tienter
2177 2227 2373 2280 omnia
2406 2227 2828 2284 sustineamus.
2863 2231 2919 2280 et
2950 2231 3012 2280 ut
3044 2244 3155 2281 non
3195 2227 3526 2283 timeamus.

227 2338 255 2366 ‹‹
291 2317 381 2370 Tu
429 2319 625 2369 autem
674 2314 908 2368 domine
960 2318 1264 2384 susceptor
1295 2331 1463 2367 meus
1494 2332 1554 2368 es
1584 2336 1610 2363 ››
1645 2315 1701 2368 id
1735 2320 1824 2368 est
2011 2336 2036 2366 «
2067 2316 2176 2377 Tu,
2213 2315 2476 2382 Domine,
2512 2332 2778 2387 exsurge,
2808 2339 2828 2367 ι
2860 2315 2916 2369 id
2959 2319 3046 2370 est
3095 2317 3293 2371 confer
3338 2318 3587 2389 gratiam

155 2404 470 2475 suscepisti
505 2421 694 2458 meam
731 2403 1157 2456 humanitatem
1190 2401 1249 2455 in
1283 2402 1626 2473 patrocinio,
1651 2407 1704 2457 te
1738 2402 1822 2455 illi
1933 2404 2379 2459 auxiliatricem.
2414 2405 2699 2459 Dominus
2745 2405 2901 2460 enim
2944 2410 3082 2461 tunc
3116 2406 3330 2461 dicitur
3367 2407 3585 2476 jacere,

155 2493 366 2548 uniens
398 2493 796 2563 conceptione.
836 2491 933 2546 llic
972 2509 1074 2562 per
1127 2491 1234 2546 hoc
1287 2491 1477 2546 simile
1509 2492 1773 2562 loquitur
1806 2509 1817 2546 :
1933 2495 2167 2563 quando
2203 2495 2500 2548 subtracta
2521 2494 2726 2565 gratia,
2754 2512 2892 2548 suos
2923 2495 3095 2549 alicui
3120 2496 3426 2551 tentationi
3461 2513 3587 2568 per-

155 2583 308 2654 quod
343 2582 497 2637 sicut
530 2581 744 2652 aliquis
793 2586 1000 2651 potens
1049 2585 1266 2635 tutatur
1296 2585 1350 2634 et
1383 2586 1544 2635 actor
1575 2581 1822 2652 suscipit
1933 2582 2113 2635 mittit
2142 2583 2344 2637 cedere
2371 2600 2383 2638 :
2413 2588 2548 2636 tunc
2581 2601 2712 2638 vero
2755 2584 2970 2638 dicitur
3000 2602 3328 2657 exsurgere,
3356 2586 3588 2656 quando

157 2672 411 2742 aliquem
444 2668 865 2742 pupillum,ve1
900 2686 1313 2740 quemcunque
1346 2668 1595 2722 debilem
1630 2669 1700 2720 ad
1737 2672 1820 2720 tu-
1932 2689 2069 2725 suos
2093 2690 2324 2726 onmem
2349 2673 2728 2727 tentationcm
2754 2673 3257 2744 facitexsuperare
3276 2675 3430 2744 quod
3454 2675 3587 2729 inde

155 2761 424 2826 tandum,
449 2760 532 2813 sic
560 2758 747 2814 deitas
773 2757 1033 2828 suscepit
1057 2757 1509 2822 humanitatem,
1538 2774 1714 2827 quam
1747 2757 1819 2810 al)
1933 2761 2299 2832 intelligitur,
2327 2761 2480 2831 quod
2506 2761 2735 2814 Christo
2759 2760 2816 2813 in
2842 2761 2971 2813 navi
2997 2761 3340 2827 dormiente,
3366 2762 3453 2816 sui
3489 2779 3586 2833 pe-

157 2849 314 2903 omni
340 2846 1614 2920 peccatocustodivitimmunemutumlicou
1637 2846 1821 2917 gloria
1931 2849 2342 2903 rielitabantur
2402 2867 2413 2903 :
2479 2866 2544 2903 eo
2605 2854 2897 2919 surgente,
2961 2849 3208 2902 cessavit
3263 2850 3583 2919 quassatio.

161 2955 344 3005 mea,»
372 2938 430 2992 id
457 2942 545 2992 est
569 2954 749 2991 causa
768 2936 1034 3008 gloriosa:
1060 2935 1506 2989 resurrectionis
1530 2952 1726 2988 meanu
1752 2936 1820 2989 Et
1936 2959 1961 2988 (ι
1994 2939 2250 3008 Exsurge
2283 2960 2309 2985 ››
2348 2937 2498 3005 dico,
2544 2941 2598 2991 et
2638 2959 2662 2988 «
2695 2936 2918 2991 salvum
2963 2953 3056 2990 me
3105 2938 3193 2990 fac
3234 2959 3262 2985 »
3298 2941 3353 2991 et
3398 2954 3582 3009 meos,

158 3026 420 3081 exaltans
452 3031 626 3097 caput
658 3042 854 3080 meum
891 3050 910 3077 ι
951 3025 1009 3079 id
1059 3029 1147 3079 est
1195 3023 1566 3080 altitudinem
1601 3041 1813 3090 meam,
1936 3049 1960 3078 α
1991 3028 2144 3080 Deus
2178 3043 2363 3080 meus.
2389 3046 2415 3076 »
2455 3027 2521 3080 Et
2563 3029 2791 3079 constat
2823 3025 2978 3095 quod
3024 3024 3221 3092 facies,
3257 3030 3312 3079 et
3342 3025 3452 3080 hoc
3483 3043 3579 3082 os-

158 3115 378 3171 scilicet
419 3133 512 3171 me
555 3115 762 3184 altum,
790 3115 845 3169 id
879 3119 985 3183 est,
1013 3115 1334 3168 immunem
1362 3113 1523 3184 prius
1553 3113 1624 3167 ab
1656 3114 1814 3167 omni
1925 3116 2110 3170 tendit
2140 3116 2196 3168 in
2229 3114 2514 3169 contrario
2547 3115 2746 3168 dicens
2782 3131 2794 3168 :

157 3211 388 3274 peccato
409 3223 586 3277 super
605 3222 840 3261 omnem
865 3209 1214 3258 creaturam.
1238 3203 1349 3257 Iste
1373 3220 1573 3257 versus
1598 3202 1717 3273 agit
1749 3193 1816 3257 de
2003 3205 2328 3269 «Quoniam
2347 3209 2408 3258 tu
2430 3202 2772 3275 percussisti
2806 3220 3010 3259 omnes
3029 3223 3054 3254 ι)
3081 3204 3300 3260 scilicet
3320 3205 3580 3261 interiori

162 3293 603 3364 gloriﬁcatione.
635 3294 803 3349 Ponit
839 3292 1134 3364 quoddam
1180 3292 1454 3346 meritum
1498 3291 1682 3362 ipsius
1717 3309 1818 3362 per
1859 3361 1886 3365 Α,
1927 3297 1982 3347 et
2017 3291 2281 3346 exteriori
2315 3291 2690 3345 damnatione
2731 3312 2754 3343 (ι
2789 3292 3163 3347 adversantes
3204 3294 3348 3348 mihi
3380 3313 3405 3345 ι)
3445 3293 3583 3365 quia

161 3384 312 3452 quod
337 3401 474 3438 cum
501 3388 664 3438 tanta
687 3382 1039 3437 exultatione
1062 3383 1304 3451 dignum
1330 3381 1601 3436 ostendit.
1628 3380 1816 3434 (lonti-
1845 3361 1888 3428 (ἶ
1935 3403 1958 3432 υ
1987 3382 2112 3435 sine
2135 3398 2361 3434 causa»
2390 3381 2850 3435 adversabantur
2875 3398 2886 3435 :
2913 3385 3102 3435 etnon
3132 3386 3362 3437 tantum
3390 3383 3584 3437 adver-

159 3473 354 3528 nuatio
381 3490 394 3528 :
423 3472 628 3527 Merito
651 3470 918 3526 exaltasti
944 3469 1202 3540 me,quia
1226 3491 1245 3516 «
1268 3469 1511 3523 clamavi
1535 3470 1604 3523 ad
1631 3470 1820 3525 Demi-
1927 3477 2124 3526 santes
2158 3470 2214 3522 in
2251 3471 2437 3536 factis,
2458 3471 2554 3524 sed
2582 3475 2637 3524 et
2667 3492 2690 3522 ‹‹
2714 3471 2918 3524 dentes
2945 3476 3382 3541 peccatorum,»
3408 3472 3465 3526 id
3497 3475 3586 3527 est

156 3578 292 3615 num
319 3584 346 3611 »
368 3561 688 3632 aliquando
712 3560 964 3615 clamore
1000 3560 1288 3615 exteriori.
1315 3559 1475 3614 Unde
1506 3560 1817 3630 Apostolus
1927 3560 2290 3616 corrosiones
2317 3563 2372 3613 et
2396 3559 2785 3613 detractiones
2817 3576 3017 3614 eorum
3045 3581 3070 3612 α
3102 3561 3495 3630 contrivisti,»
3525 3562 3583 3616 id

156 3651 398 3706 offerens
423 3651 540 3706 Deo
589 3668 789 3722 preces
833 3655 888 3704 et
929 3648 1386 3720 supplicationes
1410 3665 1541 3702 cum
1565 3649 1818 3703 clamore
1929 3656 2017 3704 est.
2042 3654 2304 3704 conteres
2326 3649 2684 3702 ostendendo
2709 3648 2946 3703 inutiles
2968 3654 3023 3703 et
3041 3650 3585 3707 damnibiles.Unde

156 3739 336 3795 valido
370 3744 430 3795 et
469 3739 765 3811 lacrymis,
793 3739 1054 3793 interiori
1096 3736 1348 3792 clamore
1389 3739 1459 3792 ad
1501 3738 1815 3793 Dominum
1930 3739 2101 3793 alibi:
2128 3761 2153 3788 (ι
2178 3738 2292 3791 Nos
2334 3735 2820 3804 insensati,vitam
2863 3737 3100 3791 illorum
3145 3739 3585 3794 aestimabamus

160 3845 385 3901 semper
401 3827 935 3883 clamavit.Clamor
955 3827 1823 3882 enimestinremissadcvotio—
1929 3826 2244 3893 insaniam,
2281 3830 2336 3880 et
2369 3827 2543 3879 finem
2576 3825 2811 3879 illorum
2846 3826 2968 3880 sine
3001 3826 3239 3881 honore.
3275 3827 3416 3881 Ecce
3448 3845 3589 3898 quoo

163 3917 248 3972 nis
270 3917 597 3973 intentione
613 3917 684 3972 ad
703 3917 886 3972 Deum
909 3915 1530 3970 intendere.«Clamavi
1549 3941 1572 3965 ››
1591 3917 1825 3988 propria
1932 3917 2103 3971 modo
2137 3916 2287 3969 inter
2320 3914 2468 3967 ﬁlios
2493 3913 2593 3968 Dei
2618 3918 2963 3983 repetantur
2987 3913 3134 3983 (Sep.
3159 3913 3269 3984 v).»
3291 3915 3451 3978 Quod
3480 3932 3583 3969 au-

159 4023 330 4062 «voce
354 4024 490 4060 mea
511 4029 536 4055 ››
560 4006 657 4078 qui
685 4005 987 4060 multoties
1015 4004 1436 4075 prophetarum
1456 4022 1621 4060 voces
1641 4006 1828 4061 clama
1934 4014 2050 4062 tem
2085 4023 2186 4076 per
2223 4002 2577 4075 praeteritum
2626 4019 2745 4056 rem
2786 4002 3044 4056 futuram
3090 4002 3424 4074 annuntiat,
3468 4020 3583 4058 non

154 4095 632 4151 veram.Clamavi
651 4094 886 4166 quidem
908 4117 932 4143 ‹‹
955 4095 1024 4148 de
1046 4098 1243 4147 monte
1264 4099 1465 4149 sancto
1485 4113 1644 4161 suo,»
1666 4096 1720 4149 id
1741 4115 1823 4150 es-
1934 4095 2256 4150 secundum
2294 4109 2352 4146 se
2386 4091 2665 4162 loquitur,
2701 4091 2798 4143 sed
2834 4094 2897 4144 ut
2928 4094 3131 4160 raptus
3166 4092 3236 4145 ad
3270 4091 3584 4148 consilium

159 4184 224 4238 de
241 4203 369 4241 mea
391 4185 770 4240 imminentia
794 4183 1478 4250 virtutum,sanctilicata
1497 4185 1566 4238 ab
1594 4185 1718 4255 ipso
1739 4203 1750 4240 :
1771 4197 1827 4246 et
1934 4185 2056 4252 Dei,
2088 4183 2144 4236 in
2170 4199 2283 4253 quo
2306 4181 2504 4236 omnia
2532 4180 2729 4234 futura
2761 4183 2898 4233 sunt
2928 4179 3006 4233 ita
3033 4183 3209 4247 certa,
3235 4179 3385 4235 sicut
3416 4180 3586 4236 nobis

161 4274 368 4344 quiain
404 4275 718 4330 sanctitate
744 4273 1826 4344 clamavi,jusle«exaudivit.»Exaut
1936 4293 2002 4330 ea
2042 4291 2165 4344 qua:
2213 4275 2352 4326 sunt
2401 4267 2986 4341 praeteritaJnsultat
3034 4268 3127 4322 hic
3176 4268 3394 4340 impiis,
3449 4269 3587 4340 quia

163 4361 294 4419 ditio
316 4369 421 4432 est,
448 4362 745 4435 petitionis
767 4361 1226 4434 irnpetratio.\’el
1252 4367 1443 4433 potest
1467 4385 1490 4409 ‹‹
1516 4363 1584 4416 de
1610 4369 1829 4420 monte-
1937 4369 2267 4437 peccatores
2294 4384 2318 4408 κ
2343 4357 2686 4414 contrivisti.
2715 4376 2739 4408 »
2770 4358 2907 4412 Inde
2945 4357 3171 4428 patiens
3205 4363 3294 4412 est
3331 4359 3469 4430 quia
3493 4376 3584 4414 so-

162 4457 352 4508 sancto
380 4469 538 4508 suo»
565 4451 765 4507 referri
793 4453 863 4506 ad
892 4451 1321 4518 exauditorem,
1342 4451 1425 4506 sic
1449 4469 1499 4505 ;‹‹
1524 4453 1828 4508 Exandivit
1939 4455 2052 4509 lius
2089 4476 2115 4504 ‹‹
2149 4451 2379 4507 Domini
2412 4453 2500 4504 est
2533 4447 2712 4514 salus,
2746 4467 2770 4498 ι)
2803 4447 2858 4501 id
2891 4453 2980 4501 est
3019 4448 3156 4502 dare
3187 4447 3592 4503 omnimodam

165 4540 466 4596 menDeus
490 4541 602 4595 «de
625 4545 822 4595 monte
848 4544 1050 4595 sancto
1083 4557 1244 4607 suo,»
1265 4539 1320 4594 id
1346 4545 1429 4594 est
1457 4541 1525 4595 de
1549 4543 1828 4597 eminenti
1938 4545 2188 4600 salutem
2235 4542 2292 4596 in
2343 4540 2450 4594 hac
2480 4538 2615 4593 vita.
2653 4538 2767 4591 «Et
2812 4554 2989 4608 super
3034 4537 3314 4609 populum
3361 4542 3529 4593 tuum
3554 4557 3582 4591 η

165 4631 414 4696 potentia
446 4648 564 4686 sua:
588 4629 932 4701 divinitatis,
961 4629 1042 4682 ita
1069 4635 1131 4682 ut
1181 4646 1271 4683 mc
1314 4629 1658 4699 participem
1701 4634 1829 4702 ejus
1939 4638 2047 4691 erit
2076 4631 2449 4686 «benedictio
2474 4633 2640 4695 tua,»
2670 4628 2726 4682 id
2761 4631 2849 4682 est
2881 4628 3178 4682 beatitudo
3211 4629 3584 4700 sempiterna.

166 4721 426 4786 potentiae
462 4720 676 4776 faceret
700 4735 711 4772 :
735 4719 889 4774 sicut
922 4717 1144 4789 aliquis
1176 4717 1428 4772 diceret:
1463 4719 1579 4771 Rex
1600 4720 1669 4772 de
1701 4721 1823 4774 the-
1857 4732 1901 4796 D
1944 4751 1968 4782 α
1993 4727 2226 4795 super,»
2260 4721 2388 4774 ideo
2417 4719 2577 4783 dicit,
2602 4718 2739 4790 quia
2763 4735 2939 4788 supra
2961 4719 3235 4773 meritum
3257 4718 3591 4773 exaltabun-

168 4808 348 4864 sauris
381 4809 507 4865 suis
540 4808 833 4864 exaudivit
866 4825 982 4875 me,
1023 4809 1079 4861 id
1113 4811 1203 4862 est
1236 4807 1579 4878 participem
1616 4809 1766 4863 fecit.
1935 4824 2050 4883 tur,
2077 4817 2239 4883 iuxta
2267 4809 2610 4880 Apostolum
2637 4825 2690 4861 ξι(
2713 4808 2836 4861 Non
2871 4811 3010 4861 sunt
3040 4808 3341 4880 condigna:
3374 4807 3592 4879 passio-

237 4917 262 4944 “
289 4897 656 4967 EKaUdiVlt,”
682 4902 736 4952 et
761 4914 997 4953 DCCCSSB
1025 4895 1307 4967 Γιιίῐνίιυίει
1338 4919 1355 4943 ί·
1386 4913 1490 4967 080
1519 4897 1820 4966 (lOI‘Illi\’i,»
1937 4923 2038 4959 nes
2069 4901 2248 4970 hujus
2281 4896 2561 4966 temporis
2593 4896 2664 4949 ad
2698 4896 2953 4949 futuram
2996 4895 3242 4966 gloriam
3274 4913 3401 4967 quae
3437 4913 3591 4951 reve-

172 4983 222 5036 id
265 4991 368 5055 est,
395 5004 600 5043 omnes
641 4987 889 5058 injurias
935 4987 992 5040 in
1048 4991 1311 5057 tempore
1361 4985 1652 5056 passionis
1685 5004 1823 5041 mete
1938 4994 2153 5048 labitur
2185 4989 2240 5040 in
2274 4985 2442 5040 nobis
2473 4985 2647 5051 (Rom.
2681 4984 2824 5052 vni).

173 5075 329 5142 quasi
352 5077 652 5133 dormiens
674 5076 952 5132 sustinui.
980 5075 1145 5131 Sicut
1169 5074 1328 5129 enim
1352 5074 1667 5142 dormiens,
1693 5075 1828 5131 licet
2468 5073 2537 5126 ΙΝ
2582 5071 2928 5126 PSALMUM
2974 5071 3064 5126 1V.

173 5159 375 5220 habeat
397 5166 709 5231 rationem,
727 5165 1072 5237 potentiam,
1095 5164 1493 5219 fortitudinem
1520 5170 1577 5218 et
1600 5170 1826 5232 ca-tera,
2119 5170 2394 5224 'l‘n‘ems.
2429 5163 2490 5217 In.
2520 5164 2684 5233 ﬁnem
2709 5161 2955 5231 psalnzus
2984 5162 3185 5214 cantici
3220 5161 3410 5214 David.

175 5267 236 5304 ea
266 5271 376 5308 non
417 5260 665 5324 exercet,
687 5260 744 5310 et
777 5273 808 5310 a
836 5272 1043 5310 somno
1079 5254 1190 5308 cito
1236 5253 1638 5322 excitatur,ila
1669 5256 1829 5310 (Ihri-
2019 5284 2047 5314 «ι
2079 5261 2220 5315 Cum
2259 5258 2584 5309 invocarem
2619 5248 2911 5306 exaudivit
2943 5266 3052 5304 me.
3080 5269 3104 5298 »
3135 5249 3444 5304 Tractatus
3485 5251 3594 5305 iste

176 5344 294 5396 stus
326 5342 382 5398 in
416 5349 677 5417 tempore
719 5343 1012 5416 passionis
1060 5361 1198 5408 sum,
1240 5341 1463 5397 nullam
1511 5335 1828 5414 potentiam
1942 5351 2059 5422 agit
2083 5352 2152 5403 de
2178 5349 2328 5402 bona
2354 5335 2811 5415 opera‘tione,ubi
2837 5337 3401 5392 dicithacriﬁcate
3424 5337 3597 5393 sacri-

177 5433 624 5505 ostendit,quam
649 5438 846 5488 tamen
871 5432 1032 5504 prius
1061 5430 1342 5486 miracula
1368 5431 1631 5486 facientia
1662 5451 1832 5487 mon-
1946 5440 2136 5494 [icium
2167 5435 2412 5507 justitim
2441 5454 2464 5485 ι)
2493 5434 2694 5503 :juxta
2725 5446 2903 5499 quam
2938 5433 3158 5499 partem
3188 5430 3422 5481 vocatur
3447 5426 3599 5499 p531-

178 5521 467 5588 StPaVemt,
493 5528 559 5577 11l-
592 5523 649 5576 ίη
686 5523 899 5576 1λᾶΖῦΓο
941 5526 996 5575 Ct
1048 5520 1294 5583 Cil‘tOI‘iS,
1319 5525 1372 5573 οῖ
1407 5521 1518 5573 Cito
1550 5523 1834 5579 PXCitﬂ‘LUS
1945 5548 2096 5584 mus.
2121 5527 2253 5597 Agit
2285 5523 2457 5578 etiam
2494 5521 2562 5574 de
2595 5519 2840 5582 cantico,
2869 5515 2922 5570 id
2959 5523 3047 5572 est
3088 5517 3156 5570 de
3189 5515 3595 5586 exsultatione,

179 5612 259 5660 est
289 5627 420 5666 cum
456 5616 854 5685 resurgeret,«
878 5615 934 5664 et
964 5614 1282 5681 separatus
1314 5625 1466 5674 sum,
1490 5630 1516 5655 ››
1544 5609 1599 5662 id
1634 5616 1722 5665 est
1755 5630 1836 5668 re-
1946 5617 2165 5673 scilicet
2187 5615 2253 5668 de
2278 5621 2490 5666 a3lerna
2516 5609 2664 5664 beati
2679 5606 3003 5671 tudine,ubi
3025 5606 3164 5660 dicit
3185 5604 3392 5670 :«Qnis
3414 5610 3603 5662 osten-

178 5697 575 5771 quievijacens
601 5701 658 5755 in
680 5699 947 5773 sepulcro
965 5700 1038 5754 ab
1057 5699 1216 5754 omni
1243 5697 1839 5758 tumultu.Interdor-
1947 5710 2042 5763 det
2064 5705 2233 5761 nobis
2266 5702 2502 5757 bona?»
2535 5703 2646 5775 etc.
2671 5698 2739 5751 Et
2771 5694 2866 5748 hic
2889 5695 3315 5750 determinatus
3338 5711 3516 5766 quam
3543 5694 3601 5750 in

181 5785 473 5846 mitionem
505 5797 560 5848 et
594 5805 864 5866 soporem
909 5789 1016 5847 hoc
1062 5787 1324 5859 interest,
1351 5787 1506 5861 quod
1539 5789 1597 5847 in
1631 5813 1837 5869 sopore
1948 5797 2141 5873 aliquo
2160 5790 2608 5872 prmecdentium
2628 5783 3288 5863 psalmorumzquiahio
3305 5786 3606 5862 proposita
