3914 6390
348 458 475 522 907

744 458 1153 522 HAYMONIS
1186 456 1738 520 HALBEBSTAT.
1774 452 2017 517 EPISC.
2050 454 2230 517 OPP.
2267 457 2496 521 PARS.
2530 459 2579 521 Ι.
2612 493 2691 504 -
2719 459 3130 524 COMMENT.
3163 459 3366 524 BlBL.

3651 462 3772 527 208

289 644 321 655 ,,
350 594 746 667 quorumdam
785 591 1171 660 dubitatione,
1191 591 1449 647 esteudit
1484 590 1655 647 nobis
1696 588 2004 647 certitudi-
2033 588 2090 657 Α
2120 591 2267 646 casti
2295 609 2396 648 cer
2422 610 2643 662 meum,
2678 598 2745 651 ut
2789 595 2968 651 etiam
3000 594 3311 651 inimicum
3357 594 3684 669 diligerem,
3714 603 3773 656 et

353 698 489 738 nem
528 682 658 738 vitae
700 685 948 749 aeternae,
978 681 1078 736 ubi
1101 680 1280 737 dicit:
1310 681 1665 754 «Signatum
1702 684 1792 735 est
1830 695 2008 752 super

350 788 457 828 nos
478 788 491 827 :
514 793 542 822 ››
567 776 682 842 et,«
704 771 763 826 in
786 788 927 843 pace
953 771 1012 825 in
1035 771 1317 845 idipsum.
1333 793 1361 822 »
1386 772 1457 827 Et
1481 770 1621 843 quia
1642 771 1712 825 de
1732 769 1831 825 ille
1853 770 2005 824 bene

348 860 519 915 nobis
541 859 957 916 cxsultandum
997 864 1105 928 est,
1134 860 1422 915 un(le.hic
1463 859 1728 932 psalmus
1768 857 2006 931 dignius

345 949 487 1021 agit,
518 949 645 1005 ideo
673 950 969 1006 canticum
990 954 1232 1006 vocatur
1256 966 1269 1003 :
1295 954 1352 1005 et
1373 949 1513 1021 quia
1542 948 1642 1003 illa
1672 947 2003 1016 exsultatio,

342 1037 570 1093 scilicet
595 1044 822 1095 mterna:
844 1040 997 1109 vita),
1020 1044 1109 1095 est
1130 1038 1298 1094 nobis
1322 1056 1501 1094 causa
1531 1039 1694 1093 bona:
1716 1037 2002 1109 operatio-

343 1127 456 1197 nis,
495 1127 627 1184 idee
665 1134 906 1185 vocatur
942 1129 1209 1202 psalmus
1236 1128 1645 1193 cantici.Qued
1688 1130 1886 1180 autem
1918 1124 2002 1179 sic

339 1216 854 1291 dicitur,psalmus
871 1218 1365 1286 cantici,tractum
1387 1221 1475 1272 est
1495 1233 1563 1271 ex
1582 1214 1998 1282 modulatione,

337 1307 441 1363 ubi
466 1306 597 1364 viva
623 1324 734 1363 vox
772 1308 1158 1381 prcecedebat,
1184 1310 1241 1361 et
1281 1305 1591 1361 harmonia
1623 1304 1999 1375 sequebatur.

336 1395 611 1455 Psalmus
625 1397 743 1457 iste
760 1397 1105 1453 attribuitur
1125 1395 1475 1467 David,quia
1492 1394 1590 1450 hic
1611 1393 1875 1466 loquitur
1895 1393 2002 1447 Da-

334 1485 433 1542 vid
460 1487 857 1559 prepheta,vel
891 1502 1276 1559 quaecumque
1307 1484 1498 1539 ﬁdelis
1529 1484 1889 1555 anima,quze
1920 1481 1998 1537 si-

325 1575 654 1648 gniﬁcatur
669 1594 773 1649 per
784 1576 986 1645 David,
1001 1575 1059 1631 id
1079 1578 1165 1631 est
1182 1573 1593 1646 ecelesia,quia
1609 1571 1855 1629 ecclesia
1870 1570 2000 1642 ipsa

331 1664 689 1721 manufertis
719 1664 780 1721 in
813 1664 1201 1721 devincendas
1240 1662 1563 1718 diabelicas
1594 1659 1945 1717 tentatienes
1980 1675 1994 1714 :

330 1758 392 1821 et
420 1754 549 1810 visu
581 1754 1008 1823 desiderabilis,
1042 1756 1280 1826 propter
1320 1750 1822 1824 pulchritudinem
1854 1765 1996 1804 san-

326 1844 577 1912 ctitatis,
594 1844 665 1900 ad
686 1845 858 1915 cujus
875 1842 1292 1917 perfectionem
1315 1841 1488 1897 multi
1504 1842 1574 1896 de
1595 1841 1827 1912 pectere
1842 1853 1997 1893 cem-

329 1932 536 2007 puncti
565 1933 866 2006 pervenire
897 1933 1237 1989 desiderant
1283 1948 1296 1986 :
1336 1932 1507 2003 juxta
1538 1928 1694 2001 quod
1726 1926 1945 1982 dicitur
1975 1942 1989 1981 :

328 2024 823 2096 Duprecabuntur
851 2039 1055 2077 omnes
1086 2020 1294 2076 divites
1324 2018 1535 2092 plebis.
1560 2016 1829 2073 Psalmus
1862 2015 1991 2071 dico

332 2114 580 2170 tendens
610 2113 672 2168 in
704 2112 903 2179 ﬁnem,
937 2111 994 2166 id
1026 2114 1116 2165 est
1154 2110 1213 2164 in
1245 2108 1566 2175 Christum,
1603 2105 1828 2161 scilicet
1856 2120 1991 2176 pre-

330 2218 555 2274 ponens
595 2200 766 2256 nobis
810 2199 1163 2271 exemplum.
1197 2199 1344 2254 Cum
1390 2213 1524 2252 vere
1572 2195 1709 2251 ﬁnis
1759 2194 1989 2249 duobus

328 2290 559 2346 dicatur
589 2288 802 2356 modis,
838 2288 1061 2344 scilicet
1100 2286 1494 2358 consumptio,
1525 2284 1681 2340 sicut
1710 2298 1988 2339 censum-

329 2378 450 2452 ptio
479 2377 625 2450 ligni
655 2380 745 2433 est
785 2392 888 2448 per
937 2376 1134 2446 ignem
1170 2393 1182 2430 :
1217 2379 1275 2431 et
1323 2372 1773 2440 consummatio,
1809 2372 1864 2426 id
1899 2374 1989 2427 est

328 2464 646 2539 cujuslibet
675 2465 754 2521 rei
782 2464 1093 2537 completio
1118 2482 1131 2519 :
1157 2463 1426 2519 Christus
1449 2478 1751 2534 nunquam
1774 2460 1989 2516 dicitur

327 2554 724 2627 consumptio,
751 2554 851 2610 sed
897 2553 1327 2610 consummatio
1367 2570 1378 2607 :
1412 2552 1469 2607 in
1504 2569 1568 2607 ee
1600 2550 1755 2606 enim
1788 2550 1988 2605 omnia

327 2663 456 2719 quae
487 2643 645 2701 Deus
666 2660 769 2716 per
794 2643 1110 2716 prophetas
1137 2641 1487 2715 promiserat
1510 2640 1799 2712 completa
1821 2643 1982 2694 sunt.

328 2734 491 2792 Unde
520 2732 833 2805 Apostolus
859 2751 871 2787 :
897 2731 1213 2787 «Christus
1248 2730 1381 2786 ﬁnis
1412 2734 1500 2786 est
1531 2729 1675 2801 legis
1706 2730 1777 2783 ad
1802 2728 1982 2800 justi-

324 2824 468 2880 tiam
499 2822 659 2879 omni
693 2822 949 2878 credenti
983 2824 1157 2891 (Rom.
1192 2823 1270 2890 χ).
1296 2842 1323 2874 »
1351 2820 1453 2876 Vel
1485 2838 1589 2892 per
1620 2820 1816 2887 ﬁnem,
1844 2822 1985 2873 tem-

324 2930 435 2985 pus
464 2911 665 2985 gratizn
695 2915 887 2984 potest
909 2910 1113 2984 accipi,
1140 2911 1296 2984 quod
1330 2910 1458 2965 ideo
1483 2909 1617 2964 linis
1646 2913 1981 2980 temporum

314 3002 557 3071 dicitur,
591 3002 746 3074 quod
801 3001 859 3056 in
892 3019 957 3057 eo
989 3001 1188 3056 omnia
1236 2999 1529 3073 promissa
1559 2997 1660 3053 Dei
1692 2997 1982 3069 completa

320 3095 478 3161 sunt,
513 3092 669 3145 unde
711 3090 1025 3163 Apostolus
1058 3106 1072 3145 :
1102 3112 1129 3140 «
1161 3090 1278 3145 Nos
1327 3106 1536 3145 sumus
1563 3088 1622 3143 in
1654 3104 1801 3160 quos
1832 3088 1980 3142 ﬁnes

317 3179 665 3238 saeculorum
698 3179 1058 3235 devenerunt
1088 3180 1134 3251 (Ι
1165 3178 1286 3234 Cor.
1314 3178 1392 3250 Χ).
1417 3200 1443 3228 ››
1479 3177 1725 3232 Materia
1756 3193 1886 3232 vere
1919 3176 1977 3231 in

315 3269 426 3325 hoc
458 3267 686 3342 psalmo
720 3272 809 3323 est
831 3267 1085 3339 justitia,
1117 3267 1188 3322 de
1217 3267 1327 3322 hac
1357 3270 1551 3322 autem
1584 3265 1828 3321 materia
1859 3265 1978 3339 agit

2116 681 2186 736 de
2216 681 2592 740 tribulatione
2622 685 2961 757 gauderem,
2990 688 3101 741 etc.
3124 685 3271 742 Cum
3303 685 3468 759 prius
3499 687 3571 743 de
3600 688 3771 746 tertia

2116 787 2365 842 persona
2411 773 2647 841 diceret,
2681 773 2995 841 exaudivit,
3027 792 3096 830 ex
3142 774 3327 831 nimia
3373 775 3770 834 familiaritate

2115 863 2397 917 convertit
2427 879 2490 919 se
2510 863 2581 918 ad
2606 863 2947 932 secundam,
2974 881 3109 919 cum
3129 863 3293 931 dicit,
3319 863 3577 921 dilatasti
3600 867 3765 923 mihi.

2190 970 2217 1001 α
2244 948 2535 1018 Dilatasti,
2558 973 2585 1004 ι)
2610 956 2666 1007 et
2696 952 2888 1007 adhuc
2917 952 3240 1008 «miserere
3271 954 3407 1022 mei,
3434 975 3461 1007 η
3490 953 3547 1009 id
3569 959 3659 1010 est
3678 971 3767 1012 re-

2113 1054 2277 1094 move
2301 1058 2334 1094 a
2356 1057 2447 1096 me
2471 1040 2739 1096 miserias
2770 1041 2952 1113 hujus
2993 1042 3220 1110 mundi,
3247 1045 3311 1097 ut
3350 1042 3529 1101 nullis
3568 1045 3769 1116 subja-

2113 1145 2275 1183 ccam
2300 1130 2720 1187 tentatienibus
2745 1134 2840 1185 aet
2860 1131 3066 1186 exaudi
3090 1131 3415 1188 orationem
3440 1148 3681 1202 meam,»
3704 1134 3764 1189 id

2111 1222 2199 1272 est
2229 1236 2380 1290 pene
2409 1219 2471 1274 in
2502 1237 2596 1275 me
2630 1224 3015 1292 augmentum
3041 1219 3347 1286 virtutum,
3372 1220 3766 1278 conﬁrmatio-

2111 1324 2247 1363 nem
2279 1324 2481 1363 eerum
2528 1309 2818 1364 bonorum
2858 1326 2984 1381 quae
3018 1308 3075 1363 in
3125 1325 3219 1365 me
3263 1312 3422 1365 sunt.
3448 1309 3763 1382 Postquam

2110 1396 2256 1451 dixit
2283 1417 2310 1449 υ
2333 1396 2647 1464 exaudivit,
2671 1416 2697 1448 η
2727 1397 3024 1469 superﬂuo
3044 1397 3278 1453 videtur
3293 1414 3641 1470 apponerem
3659 1401 3766 1458 mi-

2109 1501 2301 1542 serere
2343 1489 2402 1541 et
2448 1486 2656 1542 exaudi
2682 1504 2695 1542 :
2720 1506 2747 1538 ιο
2780 1487 2881 1542 sed
2913 1486 3264 1544 conveniens
3303 1487 3414 1542 fuit
3449 1505 3761 1563 apponere,

2108 1575 2247 1647 quia
2292 1579 2426 1648 post
2472 1576 2905 1631 exauditienem
2959 1578 3184 1632 restant
3233 1574 3503 1646 miseriae,
3533 1582 3590 1633 et
3632 1579 3759 1637 ideo

2104 1664 2441 1721 necessaria
2470 1665 2833 1721 conservatio
2863 1669 2922 1721 et
2950 1665 3239 1721 bonorum
3269 1667 3686 1738 augmentatie.

2177 1753 2313 1809 Post
2331 1754 2765 1810 exauditienem
2784 1754 2950 1826 ponit
2968 1753 3760 1827 increpationem.Centinua-

2104 1840 2183 1898 tie
2212 1858 2225 1898 :
2257 1863 2283 1895 α
2306 1842 2418 1911 Me,
2441 1842 2581 1915 qnia
2601 1844 2806 1915 justus
2832 1859 2993 1900 eram
3023 1864 3052 1898 α
3068 1843 3361 1899 exaudivit
3379 1843 3663 1901 Dominus
3688 1862 3701 1903 :
3722 1865 3753 1899 ι

2103 1936 2160 1987 et
2181 1931 2309 1987 ideo
2332 1949 2433 1988 ves
2463 1953 2489 1986 α
2509 1931 2613 1987 ﬁlii
2645 1931 2954 1988 hominum
2986 1948 3347 2004 usqueque,»
3377 1931 3435 1987 id
3456 1936 3545 1989 est
3566 1950 3754 2005 quan-

2102 2020 2201 2077 diu
2223 2020 2386 2077 eritis
2415 2042 2440 2075 ιι
2461 2020 2620 2093 gravi
2644 2021 2868 2089 corde,»
2894 2020 2951 2077 id
2975 2025 3063 2076 est
3083 2020 3345 2093 quandiu
3365 2022 3628 2093 gravabit
3654 2041 3755 2082 vos

2100 2109 2369 2165 voluntas
2412 2109 2755 2165 idololatria:
2791 2109 2881 2166 vel
2924 2109 3300 2182 appetitionis
3350 2113 3757 2170 terrenorum?

2100 2200 2282 2254 llemo
2310 2198 2541 2254 duobus
2572 2197 2765 2255 modis
2788 2198 2847 2254 in
2873 2198 3071 2254 divina
3098 2197 3313 2271 pagina
3332 2197 3633 2271 accipitur,
3665 2201 3753 2261 vel

2097 2288 2424 2344 secundum
2444 2286 2961 2356 earnalitatem,vel
2985 2289 3311 2344 secundum
3335 2289 3750 2361 terrenitatem,

2098 2380 2348 2448 utroque
2369 2377 2543 2432 mede
2574 2376 2656 2433 sic
2695 2376 2967 2449 legitur,«
2989 2376 3093 2432 ﬁlii
3134 2376 3463 2450 hominum,
3486 2398 3513 2431 ο
3540 2378 3599 2433 id
3638 2384 3747 2448 est,

2097 2464 2200 2521 ﬁlii
2225 2464 2570 2535 carnalium,
2590 2465 2853 2537 quandiu
2876 2465 3098 2522 similes
3121 2464 3237 2522 illis
3258 2465 3422 2523 eritis
3438 2467 3466 2521 ‘I
3484 2467 3569 2523 vel
3595 2487 3623 2522 α
3644 2468 3748 2527 ﬁlii

2094 2554 2426 2625 hominum,
2451 2577 2478 2605 »
2505 2554 2561 2608 id
2584 2559 2674 2610 est
2696 2554 3156 2624 rationabilium,
3182 2571 3363 2627 quare
3399 2572 3512 2611 non
3552 2555 3748 2615 imita-

2095 2644 2240 2699 mini
2264 2643 2591 2700 ratienem?
2616 2643 2883 2701 Ostendit
2903 2660 3002 2699 eos
3026 2659 3265 2715 peccare
3296 2644 3590 2702 voluntate
3616 2663 3629 2703 :
3662 2664 3751 2704 os-

2094 2734 2280 2789 tendit
2295 2733 2472 2789 etiam
2492 2749 2731 2805 peccare
2750 2731 3131 2788 delectatione
3147 2749 3281 2789 cum
3300 2731 3468 2789 dicit:
3482 2754 3509 2789 α
3522 2733 3593 2789 Ut
3608 2734 3749 2808 quid

2092 2822 2338 2895 diligitis
2358 2822 2721 2878 vanitatem?
2741 2842 2766 2874 υ
2795 2822 2865 2878 Et
2901 2822 3079 2878 etiam
3122 2822 3182 2877 in
3222 2825 3375 2890 actu,
3402 2839 3537 2878 cum
3558 2823 3700 2880 dicit
3732 2841 3746 2879 :

2097 2932 2121 2961 α
2146 2913 2215 2967 Et
2236 2910 2496 2985 queritis
2527 2910 2958 2979 mendacium,»
2988 2911 3047 2966 id
3078 2915 3169 2967 est
3188 2909 3347 2966 idola
3369 2928 3382 2966 :
3407 2928 3555 2967 vana
3586 2916 3743 2980 sunt,

2091 3002 2230 3075 quia
2250 3000 2330 3056 dii
2354 3017 2469 3055 non
2493 3003 2632 3055 sunt
2656 3016 2668 3056 :
2695 3000 3002 3056 mendacia
3026 2998 3330 3071 sunt,quia
3348 3016 3453 3071 per
3470 3017 3537 3056 ea
3557 2998 3746 3056 hemi-

2089 3108 2194 3147 nes
2217 3092 2555 3165 exspectant
2575 3087 2773 3157 vitam,
2801 3104 2979 3160 quam
3003 3088 3140 3143 dare
3174 3105 3288 3145 non
3311 3092 3576 3160 possunt.
3602 3088 3744 3145 Item

2089 3180 2393 3235 mundana
2417 3194 2569 3234 vana
2595 3181 2754 3246 sunt,
2780 3177 2920 3249 quia
2950 3193 3084 3233 cum
3116 3176 3271 3233 bona
3300 3176 3371 3231 ab
3402 3176 3745 3250 appetitori-

2088 3269 2200 3324 bus
2218 3270 2518 3341 putentur,
2534 3266 2687 3322 bena
2704 3283 2817 3321 non
2837 3270 2997 3321 sunt.
3015 3266 3159 3322 Item
3178 3264 3432 3322 multum
3451 3264 3739 3335 laborant,

308 3355 424 3413 hec
446 3334 1008 3426 mede,increpando
1034 3334 1371 3409 idelelatras
1391 3358 1449 3408 et
1471 3352 1780 3410 dilectores
1803 3334 1973 3409 muh-
1994 3334 2048 3411 Ε
2088 3362 2153 3413 ut
2184 3334 2487 3413 obtineant
2506 3334 2587 3410 ea
2635 3371 2761 3426 quae
2813 3354 3087 3428 diligunt,
3138 3353 3361 3413 scilicet
3417 3354 3739 3424 mundana,

312 3444 395 3511 di,
422 3443 525 3499 ubi
548 3442 689 3497 dicit
712 3459 765 3497 :«
790 3442 1102 3514 Usquequo
1126 3442 1287 3515 gravi
1313 3442 1520 3498 corde?
1543 3465 1568 3493 n
1593 3442 1974 3500 Admonendo

302 3532 490 3589 etiam
509 3531 581 3586 ad
590 3530 910 3604 justitiam,
927 3531 1024 3586 ubi
1047 3531 1187 3586 dicit
1202 3548 1213 3586 :
1226 3554 1253 3581 ‹‹
1268 3531 1601 3586 Sacriﬁcate
1620 3531 1973 3589 sacriﬁcium

300 3620 606 3695 jus_titia3,u
629 3624 738 3676 etc.
765 3619 1052 3676 Faeiendo
1076 3619 1338 3693 egregias
1369 3620 1809 3693 promissiones,
1833 3639 1973 3694 pre-

311 3709 553 3767 mittens
566 3709 868 3765 Christum
885 3710 1141 3764 vocando
1164 3727 1298 3764 eum
1318 3714 1587 3766 sanctum
1608 3715 1967 3778 sanctorum,

311 3798 414 3855 ubi
444 3798 588 3855 dicit
614 3815 626 3852 :
653 3804 926 3854 sanctum
962 3816 1161 3866 suum,
1186 3816 1301 3871 quo
1335 3798 1628 3854 mediante
1659 3800 1970 3855 exaudien-

310 3892 409 3945 tur
419 3888 713 3945 orationes
732 3888 1352 3955 sanctorum,estendit
1369 3888 1543 3943 etiam
1558 3888 1968 3944 certitudinem

310 3977 510 4035 aeterni
534 3977 692 4047 boni,
709 3995 836 4050 quae
860 3981 948 4033 est
964 3976 1100 4032 ﬁnis
1119 3981 1458 4032 emterarum
1482 3976 1967 4049 promissionum.

308 4066 558 4126 Intentio
589 4084 723 4137 vero
754 4070 844 4123 est
874 4084 980 4122 nes
1019 4066 1350 4134 admonere,
1379 4071 1617 4139 propter
1648 4084 1825 4139 quam
1858 4069 1968 4125 ha-

302 4157 561 4214 bendam
586 4157 738 4226 ﬁunt
758 4160 815 4211 et
838 4155 1264 4229 increpationes
1288 4160 1343 4210 et
1369 4156 1809 4228 promissiones.
1837 4159 1968 4214 Ηωο

306 4245 555 4303 intentio
586 4248 826 4301 notatur
856 4245 955 4299 ubi
987 4244 1165 4300 dicit:
1196 4267 1221 4299 α
1242 4244 1577 4301 Saeriﬁcate
1611 4246 1964 4303 sacriﬁcium

295 4334 602 4408 justitiae.»
632 4334 1070 4407 lncrepatienes
1100 4338 1158 4389 et
1188 4333 1618 4391 admonitiones
1648 4336 1964 4408 separatim

275 4422 490 4498 .ponit,
514 4422 938 4496 promissiones
971 4440 1104 4479 vero
1136 4423 1520 4480 eemmixtim.
1544 4425 1615 4478 Et
1647 4443 1680 4480 a
1711 4426 1963 4498 premis-

292 4513 466 4584 βίοΠο
497 4513 582 4570 sic
614 4512 824 4585 incipit
856 4529 868 4568 :
902 4512 1089 4568 Nolite
1139 4512 1294 4569 idola
1323 4511 1530 4583 celere,
1556 4518 1614 4569 et
1663 4515 1965 4571 mundana

300 4601 563 4677 diligere,
600 4602 702 4659 sed
753 4601 1045 4657 adhmrete
1094 4601 1360 4674 justitire,
1407 4606 1463 4657 et
1511 4618 1711 4674 preces
1758 4608 1961 4660 vestrae

2085 3465 2211 3520 quae
2253 3450 2450 3501 tamen
2481 3443 2788 3499 mendacia
2836 3448 2978 3499 sunt
3009 3461 3021 3499 :
3057 3442 3197 3516 quia
3242 3441 3655 3507 sufﬁcientiam
3684 3445 3742 3503 et

2083 3533 2506 3592 beatitudinem
2538 3532 2911 3605 promittunt,
2937 3549 3117 3604 quam
3150 3532 3288 3589 dare
3318 3548 3432 3588 non
3466 3533 3734 3604 possunt.

2163 3646 2189 3680 ι
2218 3624 2478 3681 Scitote»
2508 3621 2788 3694 quoniam
2821 3620 2943 3678 haec
2974 3621 3281 3678 mendacia
3324 3625 3497 3677 sunt:
3523 3624 3581 3677 et
3618 3620 3741 3676 hee

2086 3739 2112 3767 «
2134 3712 2650 3785 scitete,queniam
2669 3710 2955 3766 Dominus
2979 3708 3366 3778 miriﬁcavit,»
3388 3709 3444 3765 id
3464 3712 3552 3764 est
3572 3708 3744 3775 mira-

2080 3804 2258 3860 bilem
2281 3802 2414 3857 fecit
2439 3822 2466 3854 (ι
2488 3804 2760 3857 sanetum
2796 3816 2993 3868 suum,
3019 3818 3044 3850 ν
3072 3798 3130 3853 id
3165 3801 3255 3856 est
3291 3796 3613 3866 Christum,
3638 3796 3742 3870 qui

2079 3891 2293 3948 dicitur
2313 3894 2554 3947 sanctus
2578 3893 2937 3957 sanctorum,
2956 3904 3071 3960 quo
3096 3887 3395 3944 mediante
3423 3908 3449 3940 α
3474 3886 3746 3942 exaudiet

2077 3998 2171 4037 me
2194 3979 2479 4037 Dominus
2501 3996 2637 4035 cum
2656 3977 2981 4034 clamavere
3008 3977 3081 4033 ad
3103 3994 3239 4033 eum
3262 3999 3290 4027 »
3317 3975 3679 4032 habendum.

2147 4071 2217 4126 Et
2247 4070 2388 4125 item
2422 4068 2481 4123 in
2515 4067 2626 4124 hoc
2655 4084 2826 4123 versu
2858 4065 3023 4138 ponit
3054 4065 3510 4139 promissionem
3534 4064 3746 4121 nobis?

2078 4160 2269 4217 Nolite
2289 4174 2550 4232 quaerere
2573 4156 2972 4224 mendacium,
2990 4155 3090 4211 sed
3112 4155 3312 4229 potius
3333 4152 3742 4210 «irascimini»

2080 4250 2333 4324 peccatis
2356 4246 2568 4304 vestris
2590 4245 2962 4319 praeteritis,«
2988 4248 3043 4301 et
3064 4267 3092 4296 »
3114 4245 3491 4318 postmodum
3518 4266 3546 4293 α
3569 4242 3749 4299 nolite

2077 4357 2333 4415 peccare.
2353 4359 2380 4390 ι»
2406 4336 2509 4393 Vel
2541 4336 2659 4391 ita:
2686 4333 2879 4390 Nolite
2922 4333 3297 4390 mendacium
3330 4348 3608 4406 quarere,
3640 4333 3743 4390 sed

2080 4452 2107 4484 α
2138 4426 2518 4485 irascimini.»
2548 4424 2711 4491 Quod
2745 4423 2885 4495 quia
2916 4422 3181 4480 naturale
3213 4426 3321 4491 est,
3351 4439 3466 4478 non
3500 4436 3742 4493 pessum

2076 4518 2382 4595 prohibere
2401 4514 2584 4583 vobis,
2603 4512 2847 4586 patier,«
2870 4517 2929 4568 et
2950 4536 2971 4562 ι»
2988 4516 3184 4569 tamen
3202 4535 3228 4563 ‹‹
3244 4511 3422 4568 nolite
3442 4526 3737 4583 peccare,»

2074 4611 2134 4666 id
2156 4612 2245 4665 est
2269 4606 2428 4662 illam
2450 4604 2602 4660 iram
2620 4603 2693 4659 ad
2713 4606 2914 4658 actum
2936 4601 3274 4673 perducere.
3287 4599 3356 4656 Et
3373 4600 3444 4654 de
3460 4597 3555 4654 his
3572 4614 3740 4670 «qua:

298 4691 705 4761 exavdientur,
739 4691 896 4765 (Ἑλοά
927 4691 1080 4747 Deus
1108 4691 1274 4748 VObiS
1304 4690 1361 4746 in
1394 4690 1657 4763 exemplo
1690 4692 1802 4748 mei
1835 4711 1961 4767 pro-
1989 4709 2038 4777 Β
2077 4698 2326 4766 dicitis,»
2352 4695 2411 4749 id
2433 4697 2523 4750 est
2545 4690 2876 4765 cogitatis,¢
2901 4690 2959 4744 in
2982 4689 3259 4747 cordibus
3280 4686 3543 4756 vestris,»
3571 4687 3632 4743 id
3651 4692 3743 4742 est

299 4780 518 4836 mittit:
545 4782 685 4855 quia
711 4803 737 4834 α
769 4798 905 4837 cum
938 4780 1292 4847 invocarem,
1316 4802 1343 4831 »
1381 4780 1438 4835 id
1469 4784 1577 4849 est,
1609 4799 1743 4837 cum
1776 4783 1961 4839 Deum

297 4874 363 4926 ut
410 4869 469 4925 in
524 4888 617 4926 me
668 4869 1026 4926 inhabitaret
1083 4869 1435 4935 invocarem,
1465 4889 1492 4921 (ι
1523 4870 1816 4927 exaudivit
1863 4890 1957 4929 me

295 4958 449 5014 Deus
481 4981 509 5009 »
544 4959 714 5014 dator
755 4958 1004 5030 justitia:
1039 4976 1052 5014 :
1091 4976 1203 5013 non
1251 4959 1489 5031 quidem
1540 4959 1811 5032 perfecte,
1852 4964 1954 5018 sed

301 5068 327 5099 (ι
357 5064 551 5115 meae,»
584 5047 640 5103 id
666 5047 1015 5123 est,qualem
1038 5052 1229 5119 potest
1257 5047 1471 5103 habere
1496 5066 1623 5103 mea
1644 5049 1951 5122 fragilitas.

292 5136 571 5204 Dicende,
596 5157 625 5189 α
647 5153 781 5199 cum
815 5136 1145 5192 invocarem
1176 5136 1488 5203 exaudivit,
1514 5160 1541 5189 »
1569 5142 1733 5193 notat
1774 5140 1952 5196 simul

293 5243 424 5283 esse
445 5227 806 5282 vocationem
831 5230 887 5281 et
908 5226 1338 5283 exauditienem
1367 5244 1377 5282 :
1405 5244 1539 5283 cum
1562 5228 1765 5296 dicit,a
1786 5248 1955 5288 exau-

296 5314 442 5370 divit
465 5332 556 5370 me
579 5316 733 5370 Deus
749 5316 1051 5386 justitim,»
1075 5316 1332 5371 ostendit
1355 5334 1387 5371 a
1411 5317 1525 5371 Dee
1550 5316 1777 5373 nullum
1797 5338 1966 5377 exau-

295 5402 432 5469 diri,
478 5403 591 5457 nisi
635 5402 893 5476 aliquam
930 5404 1229 5476 justitiam
1276 5405 1507 5461 habeat.
1549 5406 1716 5462 Ponit
1756 5409 1814 5463 in
1845 5428 1961 5482 que

294 5491 641 5557 exaudierit,
666 5492 866 5549 dicens
891 5510 939 5548 ξι
964 5494 1021 5547 in
1057 5494 1431 5549 tribulatione
1464 5495 1720 5552 dilatasti
1753 5498 1951 5568 mihi,»

292 5578 348 5634 id
384 5583 475 5634 est
508 5578 932 5651 multiplicasti.
955 5583 1098 5637 Cum
1132 5583 1288 5638 enim
1320 5582 1622 5639 tribulatio
1655 5585 1837 5643 soleat
1866 5590 1955 5646 af-

288 5664 439 5720 ferre
461 5668 790 5738 angustias,
807 5675 872 5724 ut
893 5670 1089 5726 delere
1112 5672 1181 5726 de
1204 5670 1603 5743 tribulatione,
1620 5675 1752 5731 odio
1774 5678 1954 5734 tribu-

276 5756 494 5831 antem
518 5752 758 5825 habere,
776 5758 1080 5816 veritatem
1105 5760 1283 5816 etiam
1307 5764 1521 5834 tacere,
1542 5765 1679 5837 etc.,
1705 5767 1952 5842 ampliﬁ-

2074 4795 2135 4848 in
2156 4782 2611 4861 cogitationibus
2630 4780 2844 4837 vestris
2871 4803 2893 4829 α
2920 4777 3390 4852 compungimini
3411 4798 3439 4827 »
3462 4779 3519 4831 et
3539 4776 3610 4830 de
3642 4775 3740 4831 his

2070 4906 2097 4935 ‹‹
2121 4896 2248 4954 quae
2283 4873 2480 4931 dicitis
2513 4871 2571 4926 in
2603 4869 2902 4926 cubilibus
2924 4869 3157 4937 vestris,
3185 4890 3211 4918 »
3237 4867 3296 4922 id
3317 4870 3407 4921 est
3437 4864 3496 4919 in
3519 4864 3741 4936 quibus

2066 4952 2243 5029 alicui
2305 4959 2682 5020 delectationi
2742 4958 2938 5014 carnis
2998 4956 3363 5013 censentitis.
3398 4952 3600 5009 Cubile
3652 4969 3742 5024 est

2064 5060 2250 5117 lectus
2283 5054 2539 5111 ferarum
2572 5047 2673 5104 ubi
2707 5048 2839 5103 ferae
2888 5046 3251 5103 volutantur.
3285 5044 3502 5100 Eodem
3555 5041 3739 5096 mede

2063 5163 2277 5220 corpus
2313 5146 2581 5198 nostrum
2625 5136 2842 5193 dicitur
2883 5135 3076 5192 cubile
3125 5134 3355 5201 animm,
3405 5131 3736 5187 secundum

2062 5240 2173 5295 hec
2206 5232 2363 5307 quod
2396 5227 2579 5285 stulta
2611 5226 2811 5283 anima
2842 5229 3045 5282 nostra
3077 5221 3569 5281 delectationibus
3602 5236 3740 5275 cen-

2075 5326 2256 5384 sentit
2288 5341 2299 5378 :
2332 5324 2391 5376 et
2422 5319 2482 5373 in
2520 5316 2631 5372 hoc
2674 5332 2845 5372 versu
2897 5317 3171 5370 notamus
3219 5309 3679 5368 admonitionem
3718 5324 3731 5363 :

2078 5439 2104 5469 α
2136 5414 2328 5472 Neltte
2360 5423 2618 5482 peccare.
2642 5426 2670 5456 ››

2140 5507 2211 5562 Et
2241 5501 2381 5575 quia
2429 5513 2545 5553 non
2590 5492 2811 5551 sufﬁcit
2860 5493 3157 5550 abstinere
3189 5509 3222 5547 a
3251 5489 3426 5557 male,
3464 5487 3573 5543 nisi
3629 5487 3733 5542 ﬁat

2067 5596 2221 5669 quod
2258 5593 2478 5647 bonum
2512 5588 2621 5654 est,
2656 5582 2883 5639 addidit
2917 5599 2929 5636 :
2966 5583 3067 5639 sed
3117 5581 3313 5654 potius
3349 5600 3375 5631 «
3404 5578 3732 5669 sacriﬁcate

2063 5666 2417 5755 sacriﬁcium
2443 5672 2712 5746 justitiaa,
2736 5671 2793 5727 id
2824 5674 2913 5726 est
2933 5671 3231 5743 justitiam
3256 5687 3383 5741 qua:
3402 5666 3622 5723 dicitur
3642 5683 3731 5722 sa.

2060 5771 2368 5839 oriﬁcium,
2403 5765 2463 5822 id
2494 5767 2602 5834 est,
2626 5760 2866 5836 placens
2888 5760 3005 5817 Dee
3029 5764 3311 5835 tanquam
3340 5755 3727 5814 sacriﬁcium.
