3914 6366
265 381 378 444 211

681 377 1089 443 HAYMONIS
1118 378 1661 440 HALBERSTAT.
1695 374 1937 437 EPISC.
1971 376 2149 438 OPP.
2178 377 2406 439 PARS.
2441 379 2489 440 Ι.
2523 412 2601 422 -
2631 378 3040 442 COMMENT.
3075 377 3273 443 BIBL.

3568 382 3694 443 212

263 514 403 573 licet
436 520 652 572 Deum:
690 513 946 569 ostendit
978 513 1131 584 quod
1164 511 1295 567 talis
1326 512 1517 566 videat
1563 512 1748 567 Deum
1776 530 1787 568 :
1823 530 1916 584 po-
1944 509 2002 576 Α
2023 560 2038 585 ς
2102 514 2310 583 Exquo
2334 512 2499 581 dixit,
2519 531 2670 567 «non
2692 513 2846 568 Deus
2868 513 3065 569 volens
3089 512 3459 586 iniquitatem
3482 518 3546 570 tu
3571 532 3691 583 es,»

267 606 462 661 uendo
484 601 931 677 Oppositum,sie
964 602 1162 655 dicens
1198 618 1220 640 ι(
1255 600 1391 671 quia
1422 606 1483 655 tu
1516 618 1577 655 es
1610 602 1834 667 Deus,»
1867 606 1923 656 et

265 694 395 750 ideo
430 715 453 738 ‹‹
477 711 589 747 000
632 690 834 745 volens
885 689 1276 761 iniquitatem.
1305 714 1326 736 ››
1364 691 1445 745 Ita
1475 712 1497 735 α
1527 692 1729 745 astabo
1762 697 1817 747 et
1845 691 1922 744 vi-

266 786 479 850 debo,»
512 782 619 835 hoc
652 780 895 845 scilicet,
925 779 1241 851 «quoniam
1272 785 1329 834 tu
1356 798 1417 834 es
1440 781 1617 848 Deus,
1649 802 1674 829 »
1709 787 1818 836 etc.
1856 783 1921 836 Et

265 873 405 944 quia
427 888 539 925 non
561 869 648 923 vis
673 867 1135 938 «iniquitatem,»
1153 870 1280 924 ideo
1306 889 1332 919 ‹‹
1352 870 1683 939 malignus»
1702 870 1923 925 scilicet

263 960 362 1015 ille
377 959 473 1030 qui
490 956 809 1011 malevolus
832 961 921 1012 est
937 975 1073 1027 erga
1091 959 1478 1028 proximum,"
1495 976 1611 1013 non
1634 958 1922 1013 habitabit

254 1050 427 1120 juxta
446 1052 571 1102 tez»
597 1045 733 1100 licet
755 1047 911 1101 enim
937 1047 1157 1118 ubique
1182 1048 1567 1113 sitDeus,non
1594 1054 1787 1102 tamen
1804 1066 1923 1102 ma-

261 1136 460 1210 lignus
483 1134 697 1189 dicitur
717 1136 1030 1206 essejuxta
1049 1137 1387 1191 eum.Juxta
1402 1137 1585 1191 Deum
1599 1137 1753 1191 enim
1770 1154 1918 1205 esse,

262 1231 353 1281 est
374 1225 543 1280 bonis
569 1223 759 1295 ipsius
791 1224 1011 1296 perfrui
1048 1242 1060 1279 :
1098 1224 1267 1296 longe
1298 1243 1432 1280 vero
1463 1243 1611 1291 esse,
1635 1244 1750 1280 non
1784 1226 1918 1281 frui.

263 1342 288 1367 α
313 1315 512 1385 Neque
544 1313 814 1385 injusti,»
848 1312 905 1367 id
937 1318 1027 1368 est
1057 1314 1364 1369 actualiter
1390 1322 1698 1386 peccantes
1732 1337 1755 1358 «ι
1790 1333 1921 1387 per-

261 1404 591 1458 manebunt
618 1406 752 1457 ante
777 1402 979 1459 oculos
1010 1408 1143 1458 tuos
1177 1424 1199 1447 »
1234 1404 1371 1475 quia
1399 1402 1533 1459 licet
1563 1405 1754 1459 omnis
1790 1422 1922 1459 caro

258 1493 457 1548 videat
477 1494 665 1548 Deum
688 1493 748 1546 in
773 1492 1021 1562 judicio,
1043 1496 1240 1547 tamen
1275 1510 1389 1546 non
1423 1510 1646 1560 omnes,
1681 1494 1780 1549 sed
1815 1493 1923 1547 soli

249 1581 403 1653 justi
430 1582 879 1653 permanebunt,
914 1581 974 1635 in
1008 1582 1498 1652 contemplatione
1530 1582 1652 1637 Dei.

340 1700 363 1724 ι(
392 1671 678 1738 Quoniam
712 1671 890 1726 orabo
924 1671 994 1726 ad
1030 1674 1085 1725 te
1107 1698 1129 1721 υ
1166 1671 1357 1725 solum
1404 1671 1762 1726 habendum.
1797 1673 1921 1727 Non

262 1789 289 1816 σι
317 1762 802 1833 permanebunt,»
820 1758 1031 1832 quiatu
1049 1788 1074 1818 α
1087 1761 1261 1816 odisti
1276 1778 1480 1816 omnes
1495 1762 1592 1833 qui
1609 1766 1925 1833 operantur

2033 601 2251 655 notavit
2281 598 2673 656 exclusionem
2707 602 3169 669 zemulre,dehinc
3202 603 3423 659 notabit
3444 622 3507 660 se
3528 605 3697 660 habi-

2032 695 2224 745 turam
2258 692 2786 746 lia:rcdit.atem.1sti
2822 693 3205 747 excludentur
3237 717 3257 739 α
3290 711 3394 766 ego
3425 698 3693 762 autem,»

2031 780 2086 833 id
2112 780 2484 845 estdicelesia
2507 796 2531 824 (ί
2556 781 2808 837 introibo
2839 783 2897 836 in
2922 783 3161 837 domum
3185 783 3473 851 tuam,»id
3499 788 3609 852 est,
3635 786 3695 839 in

2033 870 2323 924 cmlcstem
2368 870 2750 925 Hierusalem.
2770 871 2875 925 Per
2894 871 3001 925 hoc
3022 873 3173 943 quod
3194 872 3334 927 dicit
3350 894 3373 921 α
3389 874 3693 940 domum,»

2033 964 2193 1013 notat
2226 958 2493 1013 stabilem
2531 960 2918 1015 mansionem.
2940 983 2965 1012 ((
2989 961 3264 1029 Introibo,
3297 990 3319 1012 ››
3348 962 3541 1017 ethoc
3577 980 3696 1017 non

2033 1048 2360 1103 secundum
2395 1049 2601 1102 merita
2633 1050 2889 1115 mea,sed
2926 1049 3027 1103 «in
3061 1049 3435 1105 multitudine
3468 1051 3699 1107 miseri-

2034 1136 2241 1191 cordiae
2266 1138 2503 1204 tum,»id
2524 1139 2965 1205 est,secundum
2999 1138 3437 1195 multitudinem
3466 1140 3701 1196 miseri-

2032 1227 2240 1282 cordize
2275 1231 2387 1281 tua:
2404 1230 2495 1281 uet
2516 1228 2769 1281 adorabo
2792 1229 2860 1282 ad
2886 1228 3227 1299 templum,»
3253 1228 3306 1282 id
3326 1233 3415 1283 est
3437 1230 3507 1284 ad
3534 1230 3702 1285 Chri-

2034 1321 2323 1387 stum,per
2353 1334 2527 1387 quem
2561 1317 2817 1372 intratur
2846 1318 2906 1372 in
2939 1319 3180 1372 domum
3211 1319 3500 1375 emlestem
3539 1337 3552 1374 :
3588 1321 3697 1392 qui

2035 1406 2163 1461 ideo
2196 1406 2479 1477 templum
2513 1406 2899 1478 dieitur,quia
2930 1407 2990 1461 in
3018 1425 3083 1462 eo
3110 1407 3327 1463 habitat
3354 1409 3547 1464 omnis
3568 1409 3698 1481 ple-

2034 1495 2239 1550 nitudo
2290 1495 2613 1550 divinitatis
2665 1496 3065 1568 corporaliter,
3102 1498 3172 1553 de
3200 1514 3313 1570 quo
3344 1498 3470 1571 ipse
3499 1499 3649 1554 dicit
3678 1517 3691 1555 :

2034 1584 2248 1640 Solvite
2280 1585 2563 1656 templum
2590 1585 2719 1654 hoc,
2746 1591 3081 1654 «sanctum,
3105 1609 3128 1633 »
3152 1588 3210 1642 id
3242 1590 3347 1655 est,
3382 1605 3450 1644 ex
3479 1606 3696 1644 conce-

2033 1674 2231 1746 ptione
2262 1674 2712 1741 sanctificatum,
2742 1694 2764 1715 α
2784 1679 2977 1744 tuum,
3008 1699 3031 1722 »
3067 1676 3124 1731 id
3149 1680 3256 1745 est,
3290 1694 3323 1732 a
3352 1682 3406 1733 te
3441 1695 3454 1732 :
3491 1700 3516 1724 ιι
3546 1680 3696 1734 ado-

2035 1765 2221 1818 rabo»
2247 1764 2376 1819 dico
2414 1763 2513 1817 «in
2549 1763 2758 1819 timore
2790 1769 2912 1830 tuo,
2946 1784 2969 1809 »
3003 1764 3061 1819 id
3094 1771 3200 1833 est,
3233 1767 3292 1822 in
3326 1768 3694 1824 convenienti

260 1849 691 1923 iniquitatem.»
726 1851 834 1905 Per
863 1850 971 1905 hoc
1002 1852 1156 1922 quod
1191 1852 1349 1917 dicit,
1374 1851 1521 1922 «qui
1554 1856 1919 1923 operantur,»
1950 1885 2003 1952 Β
2032 1853 2158 1920 tibi,
2194 1854 2415 1907 scilicet
2447 1871 2558 1907 non
2594 1853 2809 1922 servili,
2846 1855 2946 1909 sed
2981 1854 3167 1911 ﬁliali.

260 1943 319 1996 et
335 1958 450 1995 non
473 1940 693 2011 operati
718 1941 1140 2011 sunt,ostendit
1162 1958 1260 1995 eos
1278 1941 1375 2013 qui
1400 1946 1781 2012 peccaverunt
1806 1957 1919 1995 non

261 2047 392 2086 esse
420 2030 932 2097 damnandos,nisi
968 2048 1066 2086 eos
1098 2030 1197 2102 qui
1230 2031 1289 2085 in
1317 2030 1616 2086 voluntate
1646 2036 1923 2101 peccante

261 2119 713 2190 permanebunt.
734 2143 757 2168 «ι
772 2118 984 2173 Perdes
1005 2136 1209 2176 omnes
1229 2120 1327 2191 qui
1346 2119 1669 2191 loquuntur
1691 2120 1927 2174 menda-

263 2206 474 2274 cium,»
492 2206 715 2261 scilicet
737 2207 835 2277 qui
866 2213 1237 2277 perseverant
1258 2208 1315 2263 in
1340 2208 1656 2264 mendacio.
1673 2232 1694 2253 ‹‹
1714 2210 1924 2264 Perdes

264 2311 472 2351 omnes
506 2294 607 2366 qui
639 2293 965 2366 loquuntur
993 2296 1404 2351 mendacium»
1430 2297 1570 2368 quia
1598 2297 1706 2353 hoc
1729 2303 1817 2352 est
1839 2316 1926 2353 ve-

261 2383 423 2440 ritati
449 2383 832 2439 contrarium.
861 2383 1089 2439 Veritas
1120 2390 1207 2440 est
1240 2387 1309 2439 de
1338 2403 1403 2441 00
1435 2388 1588 2458 quod
1622 2391 1710 2441 est
1734 2404 1745 2441 :
1770 2404 1923 2441 men-

190 2515 201 2523 .
263 2473 499 2530 dacium
561 2490 676 2527 non
740 2478 828 2527 est
875 2474 1211 2528 substantia
1238 2474 1326 2529 vel
1360 2481 1591 2541 natura,
1627 2476 1728 2530 sed
1761 2477 1831 2530 de
1861 2494 1925 2529 eo

265 2563 423 2635 quod
458 2579 575 2618 non
606 2565 731 2617 est:
763 2566 819 2617 et
848 2561 1055 2618 merito
1086 2564 1350 2634 perditur
1372 2564 1468 2635 qui
1495 2564 1748 2619 declinat
1771 2565 1841 2619 ab
1861 2583 1925 2619 eo

263 2652 420 2725 quod
471 2654 559 2708 est
608 2652 679 2707 ad
734 2652 791 2706 id
834 2652 990 2723 quod
1024 2670 1141 2707 non
1173 2657 1281 2708 est.
1318 2652 1571 2721 Mentiri,
1607 2659 1695 2708 est
1724 2659 1927 2709 contra

264 2742 376 2797 hoc
402 2742 560 2814 quod
583 2741 716 2813 quis
739 2740 935 2796 animo
960 2742 1137 2796 sentit
1168 2740 1754 2815 loqui.Augustinus:
1779 2745 1928 2799 Sunt

267 2831 575 2886 mendacia
607 2831 873 2902 quaadam
908 2848 1012 2903 pro
1046 2831 1231 2886 salute
1262 2832 1346 2886 vel
1370 2849 1473 2902 pre
1497 2834 1803 2887 commodo
1829 2832 1928 2887 ali-

269 2921 439 2991 cujus
470 2937 584 2975 non
619 2919 866 2986 malitia,
904 2921 1003 2974 sed
1052 2920 1411 2992 benignitate
1445 2938 1457 2977 :
1494 2926 1555 2975 ut
1583 2923 1926 2977 obstetrices

270 3026 397 3081 quae
419 3008 690 3064 dixerunt
711 3026 813 3081 pro
838 3009 975 3063 ﬁliis
1000 3010 1369 3064 Ilebrteorum
1386 3010 1599 3065 falsum
1617 3012 1922 3066 Pharaoni.

269 3098 400 3154 Hazc
422 3103 616 3155 autem
641 3099 949 3154 mendacia
978 3116 1091 3153 non
1128 3101 1317 3161 re,serl
1343 3099 1400 3153 in
1424 3100 1556 3153 dolo
1588 3099 1922 3156 laudantur:

269 3188 408 3259 quia
438 3187 537 3259 qui
572 3187 657 3242 sic
689 3188 1078 3253 mentiuntur,
1099 3189 1487 3243 merebuntur
1516 3188 1831 3261 aliquando
1854 3192 1925 3245 ab

267 3277 425 3333 omni
452 3277 758 3331 mendacio
780 3276 1146 3331 liberari.Est
1172 3277 1342 3331 etiam
1377 3279 1920 3350 mendaciumjoco,
1952 3259 2001 3330 (ἶ

267 3366 425 3437 quod
458 3381 574 3419 non
607 3364 757 3419 fallit
789 3382 801 3419 :
839 3382 863 3405 (ί
898 3364 1008 3419 scit
1038 3365 1195 3419 enim
1231 3365 1325 3420 cui
1358 3366 1923 3439 dieitur,causajoci

265 3453 378 3509 dici
418 3469 430 3506 :
466 3456 524 3506 et
551 3453 674 3507 haec
703 3453 818 3506 duo
850 3469 1066 3523 genera
1095 3470 1210 3507 non
1244 3460 1385 3509 sunt
1414 3454 1542 3509 sine
1574 3456 1764 3527 culpa,
1800 3458 1920 3522 sed,

265 3557 382 3597 non
407 3558 542 3595 eum
566 3541 1090 3613 magna.Perfectis
1114 3545 1308 3596 autem
1333 3560 1447 3597 non
1471 3546 1739 3600 convenit
1763 3564 1924 3602 men-

264 3629 499 3697 tiri,nec
531 3646 634 3700 pro
665 3628 972 3700 temporali
999 3630 1139 3697 vita,
1172 3631 1342 3701 cujus
1376 3636 1561 3686 morte
1592 3651 1699 3688 sua
1727 3635 1813 3689 vel
1836 3636 1924 3690 al—

262 3717 449 3775 terius
484 3736 597 3774 non
630 3716 918 3773 occiditur
946 3718 1144 3773 anima
1176 3735 1189 3773 :
1224 3718 1356 3774 licet
1387 3725 1581 3776 autem
1613 3722 1696 3778 eis
1729 3724 1777 3778 si
1810 3742 1924 3779 non

263 3807 479 3864 falsum
513 3808 726 3873 dicere,
758 3825 961 3863 verum
1008 3813 1199 3863 tacere
1233 3825 1244 3861 :
1282 3814 1346 3863 ut
1379 3810 1426 3865 si
1461 3811 1591 3882 quis
1625 3812 1921 3868 hominem

263 3914 379 3953 non
401 3896 525 3951 vult
547 3898 619 3951 ad
654 3901 901 3952 mortem
934 3898 1196 3968 perdere,
1219 3915 1419 3953 verum
1444 3903 1651 3968 taceat,
1673 3904 1769 3957 sed
1808 3922 1922 3958 non

261 3984 475 4041 falsum
499 3986 788 4055 dieat,nec
819 4004 922 4058 pro
947 4004 1184 4058 corpore
1207 3986 1449 4043 alterius
1471 3989 1726 4045 animam
1752 4010 1922 4049 suam

261 4075 506 4141 occidat,
543 4093 655 4130 non
691 4080 779 4130 est
809 4075 982 4147 culpa
1011 4093 1213 4131 verum
1247 4081 1461 4143 tacere,
1495 4084 1559 4132 ut
1585 4080 1869 4136 Dominus
1905 4102 1917 4139 :

262 4185 290 4215 α
315 4162 498 4218 Mulza
519 4163 705 4219 habeo
727 4164 891 4219 vobis
913 4164 1105 4219 dicere
1135 4165 1310 4236 (Joan.
1332 4169 1464 4233 xw).
1483 4188 1505 4209 »
1542 4167 1691 4222 Illud
1723 4175 1917 4226 autem

258 4252 359 4307 ubi
396 4269 511 4307 non
546 4257 637 4307 est
667 4252 883 4323 duplex
916 4269 1159 4323 θοι-,000
1182 4254 1353 4308 debet
1374 4255 1486 4310 dici
1521 4258 1917 4329 mendacium,

256 4345 322 4396 ut
354 4341 401 4396 si
435 4342 569 4413 quis
600 4342 934 4396 commodet
991 4340 1275 4413 gladium,
1310 4347 1365 4397 et
1396 4346 1704 4416 promittat
1735 4366 1795 4404 se
1825 4368 1921 4421 po—

255 4430 439 4486 scenti
465 4429 834 4485 redditurum
861 4431 941 4485 :si
976 4431 1174 4487 furens
1206 4433 1411 4503 poscit,
1447 4452 1559 4489 non
1594 4437 1774 4492 debeo
1800 4442 1921 4494 red-

254 4520 409 4585 dere,
444 4524 511 4575 ut
542 4537 603 4574 se
638 4519 723 4574 vel
758 4518 940 4574 alium
974 4520 1219 4575 occidat.
1255 4521 1390 4577 Ideo
1422 4522 1515 4578 hic
1548 4542 1663 4580 non
1696 4532 1784 4582 est
1810 4529 1916 4583 du-

2104 1944 2173 1998 EL
2196 1948 2259 1997 ut.
2283 1944 2501 2014 possim
2529 1942 2792 2009 introire,
2822 1947 2885 1998 tu
2909 1965 2931 1987 ‹‹
2956 1945 3201 2001 Domine
3224 1947 3409 2002 deduc
3432 1962 3549 2014 me,
3571 1964 3597 1994 ι)
3631 1949 3692 2003 id

2035 2032 2208 2097 est,in
2242 2032 2513 2103 praesenti
2547 2033 2629 2087 sis
2663 2032 2804 2087 mihi
2832 2034 3184 2101 dux,dando
3215 2035 3366 2090 vires
3389 2056 3412 2081 ιι
3434 2036 3491 2091 in
3516 2037 3694 2109 justi-

2032 2122 2116 2175 tia
2144 2124 2306 2189 tua,»
2343 2121 2401 2175 id
2432 2126 2542 2186 est,
2573 2139 2683 2175 non
2720 2126 2851 2193 peto
2883 2140 2949 2178 ex
2982 2122 3107 2179 sola
3132 2124 3551 2194 misericordia,
3586 2128 3691 2182 sed

2027 2210 2264 2281 justitia
2294 2214 2393 2265 tua
2424 2210 2531 2265 hoc
2563 2211 2761 2282 exigit,
2788 2216 2853 2266 ut
2885 2211 3040 2267 sicut
3068 2214 3316 2270 damnas
3344 2215 3574 2287 impios,
3610 2216 3692 2272 ita

2036 2317 2373 2354 remuneres
2396 2301 2867 2371 justoszadeduc
2888 2322 2911 2345 »
2940 2302 3067 2358 dico
3102 2321 3125 2344 α
3157 2306 3392 2375 propter
3419 2304 3693 2362 inimicos

2035 2405 2197 2443 meos
2214 2416 2233 2436 η
2250 2389 2348 2460 qui
2374 2406 2464 2443 me
2486 2388 2688 2443 volunt
2710 2389 3022 2462 impedire:
3039 2395 3097 2446 et
3118 2391 3176 2446 in
3201 2393 3398 2449 futuro
3411 2410 3435 2437 α
3449 2393 3688 2466 dirige,»

2036 2477 2395 2532 ostendendo
2445 2479 2738 2549 quomodo
2788 2495 3021 2534 caveam
3065 2480 3137 2535 ab
3169 2479 3444 2549 inimicis,
3481 2502 3503 2525 α
3534 2482 3691 2538 viam

2037 2583 2281 2631 meam,»
2308 2566 2363 2620 id
2385 2572 2492 2636 est,
2518 2584 2692 2638 Opera
2723 2584 2871 2635 mea,
2902 2568 2982 2624 ita
3012 2573 3075 2624 ut
3100 2570 3217 2625 sint
3236 2587 3411 2642 opera
3444 2570 3544 2626 illa
3574 2600 3598 2624 οι
3632 2572 3689 2626 in

2037 2660 2352 2726 conspectu
2384 2661 2504 2724 tuo,
2530 2679 2553 2703 η
2584 2657 2636 2711 id
2663 2662 2772 2725 est,
2806 2658 2864 2713 in
2890 2658 3256 2731 beneplaeito
3280 2663 3400 2726 tuo,
3433 2664 3497 2714 ut
3526 2660 3694 2715 intel-

2035 2742 2214 2814 ligam
2246 2743 2537 2800 illam.llie
2562 2746 2706 2817 petit
2726 2746 2962 2802 liberari
2986 2748 3058 2801 ab
3081 2747 3483 2818 aemula,notat
3511 2749 3691 2804 etiam

2036 2833 2521 2904 persecutionem,
2555 2836 2756 2890 dicens
2790 2852 2802 2889 :
2843 2856 2866 2880 «
2897 2839 3133 2908 propter
3164 2837 3451 2893 inimicos.
3485 2859 3508 2884 »

2108 2923 2240 2977 Ideo
2274 2923 2402 2976 dico
2436 2941 2460 2969 α
2493 2924 2701 2996 dirige,
2734 2926 2924 2980 deduc
2971 2930 3207 2998 propter
3250 2926 3517 2983 inimicos
3546 2944 3691 2999 quo-

2038 3011 2194 3066 niam
2229 3030 2343 3066 non
2375 3017 2463 3067 est
2510 3014 2568 3067 in
2629 3031 2727 3070 ore
2786 3032 2987 3069 eorum
3045 3014 3277 3071 veritas.
3311 3036 3334 3059 »
3368 3016 3479 3071 Nec
3511 3016 3693 3073 miror

2036 3101 2176 3172 quia
2202 3118 2300 3154 cor
2348 3118 2548 3155 eorum
2612 3120 2828 3157 vanum
2881 3107 2968 3158 est
2998 3121 3010 3170 ;
3048 3125 3070 3148 »
3106 3103 3259 3157 unde
3287 3102 3519 3158 dicitur.
3555 3125 3578 3148 α
3610 3105 3690 3159 Ex

2036 3190 2398 3245 abundantia
2428 3192 2620 3245 cordis
2648 3210 2712 3246 os
2741 3191 3002 3264 loquitur
3031 3192 3233 3261 (Matth.
3266 3195 3384 3261 xu).

2108 3299 2134 3328 «
2157 3280 2371 3334 Guttur
2401 3280 2576 3334 etiam
2610 3296 2873 3348 eorum,»
2895 3280 2952 3335 id
2978 3286 3084 3350 est,
3110 3299 3175 3337 os
3207 3298 3428 3350 eorum,
3462 3282 3599 3354 quia
3631 3282 3687 3338 in

2035 3374 2270 3441 gutture
2302 3368 2631 3424 formantur
2658 3388 2828 3425 voces
2863 3390 2886 3414 α
2919 3374 3009 3426 est
3037 3370 3370 3443 sepulcrum
3404 3376 3628 3443 patens,
3663 3402 3687 3425 ι)

2034 3457 2091 3512 id
2127 3463 2235 3525 est,
2271 3458 2464 3513 simile
2512 3460 2730 3529 patenti
2787 3460 3056 3531 sepulcro
3091 3477 3103 3514 :
3139 3460 3278 3532 quia
3306 3461 3460 3517 sicut
3486 3466 3690 3533 patens

2036 3547 2370 3617 sepulcrum
2406 3548 2645 3603 fetorem
2696 3540 2929 3617 emittit,
2964 3554 3021 3604 et
3048 3550 3293 3605 cadaver
3324 3549 3556 3623 aliquod
3589 3568 3691 3606 ex-

2035 3637 2371 3708 spectat,sic
2404 3636 2485 3692 illi
2518 3639 2797 3693 emittunt
2829 3639 3005 3694 fetida
3033 3640 3226 3707 verba,
3259 3639 3481 3695 scilicet
3510 3641 3691 3697 hare-

2036 3742 2149 3793 scs,
2175 3730 2230 3780 et
2260 3725 2635 3798 incorporant
2667 3728 2779 3783 sibi
2813 3727 2982 3794 alios,
3002 3728 3225 3784 scilicet
3254 3746 3289 3784 a
3318 3720 3691 3801 corporeﬁEc-

2034 3815 2220 3871 clesine
2271 3818 2616 3887 separando,
2649 3821 2707 3871 et
2768 3816 2879 3873 sibi
2913 3818 3243 3873 conformes
3275 3818 3557 3874 faciendo.
3590 3820 3691 3875 [lic

2036 3909 2197 3959 notat.
2219 3910 2482 3975 apertam
2510 3905 2749 3961 hcercsis
2781 3907 3278 3978 praedicationem,
3303 3911 3360 3962 et
3390 3907 3584 3963 innuit
3613 3908 3694 3964 la-

2034 3998 2253 4049 tentem
2287 3996 2591 4050 verborum
2619 3996 3075 4051 seductionem.«
3094 3997 3334 4070 Linguis
3356 3996 3692 4053 suisdolose

2034 4084 2303 4153 agebant,
2339 4098 2365 4126 »
2398 4084 2455 4138 id
2489 4088 2579 4139 est
2610 4084 2832 4140 blanda
2863 4085 3199 4141 adulatione
3232 4086 3291 4140 in
3324 4086 3691 4141 audientium

2032 4173 2208 4227 corda
2229 4174 2531 4228 mortifera
2553 4174 2883 4229 suadebant
2916 4191 3154 4228 venena.
3178 4175 3309 4229 Ideo
3330 4174 3531 4229 dixit'n
3556 4191 3690 4246 age-

2031 4263 2225 4327 bant,»
2258 4268 2325 4317 ut
2356 4262 2639 4317 malitiam
2676 4280 2789 4317 non
2824 4263 3018 4319 solum
3048 4262 3109 4317 in
3139 4262 3489 4334 1inguis,sed
3512 4263 3690 4319 etiam

2030 4350 2088 4404 in
2115 4354 2249 4405 actu
2272 4368 2474 4407 eorum
2508 4369 2636 4407 esse
2667 4351 3267 4422 probaret.Occultam
3288 4351 3688 4408 seductionem

2031 4439 2300 4507 dicit,ubi
2332 4440 2558 4495 veritati
2592 4441 2816 4496 falsitas
2849 4441 3244 4496 admiscetur:
3281 4445 3561 4512 apertam,
3588 4442 3685 4497 ubi

2030 4529 2154 4583 sola
2186 4528 2409 4584 falsitas
2442 4533 2548 4584 cst.
2584 4530 2652 4584 Et
2684 4530 2821 4601 quia
2859 4529 3005 4585 tales
3040 4533 3178 4584 sunt
3210 4533 3293 4595 tu,
3330 4548 3354 4573 σι
3387 4529 3559 4595 Deus,
3587 4530 3687 4600 ju-

234 4607 385 4680 plex
417 4625 516 4663 cor
549 4625 561 4662 :
597 4608 738 4680 quia
785 4624 919 4663 eum
971 4609 1215 4681 promisi
1252 4611 1495 4666 reddere
1527 4630 1641 4667 non
1675 4619 1913 4688 cognovi
1944 4634 1995 4700 Β
2028 4618 2157 4673 dica
2188 4616 2372 4684 illos,»
2408 4618 2462 4672 id
2495 4623 2603 4685 est,
2640 4620 2880 4673 ostende
2912 4635 3011 4674 eos
3043 4616 3571 4674 damnabiles.Non
3608 4619 3691 4673 di-

250 4697 543 4752 furentem
577 4702 782 4769 postea
813 4699 1343 4769 repetiturum.Vel
1377 4701 1738 4773 accipiamus
1759 4723 1916 4766 men-

251 4785 485 4840 dacium
519 4787 589 4841 de
622 4786 950 4859 hazresi,ut
1010 4791 1097 4841 est
1156 4805 1368 4859 negare
1428 4788 1726 4847 Christum
1786 4812 1914 4852 esse

248 4874 455 4941 Deum,
490 4892 702 4948 negare
746 4880 983 4947 partum
1018 4876 1261 4948 virginis
1297 4894 1308 4931 :
1344 4881 1401 4932 et
1431 4895 1533 4949 pro
1565 4879 1908 4951 hujusmodi

246 4964 572 5019 mendaciis
604 4968 881 5036 aggravat
912 4964 1131 5031 dicens,
1167 4982 1193 5011 (ι
1224 4967 1454 5036 perdes.
1489 4987 1514 5010 »

315 5053 478 5118 Quod
503 5052 649 5106 dixit
671 5069 696 5099 (ι
719 5053 892 5107 odisti
927 5058 1236 5124 operantes
1268 5054 1639 5126 iniquitatem
1668 5088 1687 5111 ι»
1718 5067 1907 5117 osten-

244 5141 331 5195 dit
350 5142 925 5213 perpartes,dicens:
954 5142 1097 5197 Vere
1124 5163 1145 5185 (ι
1170 5142 1343 5197 odisti
1367 5151 1675 5215 Operantes
1698 5148 1904 5222 iniqui-

243 5231 476 5295 tatem,»
503 5230 643 5300 quia
666 5249 689 5273 «ι
707 5231 895 5285 virum
920 5230 1332 5302 sanguinum,»
1352 5232 1409 5285 id
1431 5233 1901 5300 est,homicidam

244 5342 267 5367 ‹‹
292 5322 349 5370 et
379 5317 670 5385 dolosum,
698 5345 721 5365 ιι
748 5318 805 5372 id
833 5325 923 5374 est
955 5320 1052 5390 qui
1086 5319 1217 5374 dolo
1250 5321 1533 5377 viventem
1567 5325 1778 5381 occidit
1798 5330 1903 5383 sci-

240 5401 375 5459 licet
402 5405 489 5460 vel
523 5406 679 5461 mala
720 5409 1119 5478 persuasione,
1154 5407 1239 5462 vel
1304 5426 1545 5465 suorum
1608 5414 1894 5474 bonorum

242 5491 554 5561 ablatione,
588 5514 611 5537 «
643 5496 1037 5562 abominatur,
1072 5512 1099 5541 ι)
1134 5497 1189 5550 id
1230 5502 1340 5563 est,
1401 5499 1472 5553 ab
1521 5503 1679 5557 omni
1745 5506 1893 5564 bono

241 5579 435 5634 omine
468 5587 756 5635 removet:
783 5583 868 5637 vel
896 5583 1435 5652 «abominabitur,»
1468 5588 1519 5643 id
1556 5596 1664 5658 est,
1698 5610 1730 5647 a
1760 5614 1888 5651 con-

242 5666 418 5720 sortio
448 5668 819 5724 rationalium
851 5672 1167 5725 removebit
1198 5674 1500 5729 Dominus.

2027 4707 2104 4763 cit
2133 4707 2241 4762 hoc
2273 4713 2400 4763 voto
2433 4707 2875 4775 malevolentiae,
2911 4708 3012 4763 sed
3048 4724 3163 4763 non
3197 4710 3390 4780 potest
3420 4724 3533 4761 non
3556 4724 3691 4763 con-

2025 4798 2239 4852 sentire
2270 4796 2475 4851 divina:
2508 4797 2831 4852 sententia).

2093 4886 2355 4940 Ostendit
2375 4886 2667 4958 quomodo
2690 4884 2977 4955 veliteosj
2993 4883 3688 4952 udicari,dicens:«Dcci-

2019 4974 2676 5047 dantacogitationibus
2709 4974 2855 5042 suis,
2877 4998 2901 5021 η
2938 4974 2995 5029 id
3027 4978 3117 5030 est
3146 4974 3350 5028 inanes
3384 4973 3685 5029 invenian-

2018 5069 2115 5119 tur
2145 5063 2525 5135 cogitationes
2558 5081 2783 5133 eorum,
2804 5064 3024 5135 quibus
3059 5066 3307 5141 sperant.
3329 5080 3389 5117 se
3421 5062 3686 5119 obtinere

2017 5171 2262 5226 regnum
2287 5154 2437 5224 quod
2466 5171 2579 5207 non
2603 5151 3146 5224 promercnturNel
3184 5174 3208 5197 α
3234 5150 3525 5218 decidant,
3558 5169 3587 5200 n
3622 5151 3679 5206 id

2015 5248 2105 5299 est
2134 5261 2247 5297 non
2280 5241 2509 5297 valeant
2540 5240 2783 5314 implere
2815 5258 2943 5312 quae
2990 5241 3269 5313 cogitant.
3308 5256 3336 5286 «
3362 5241 3430 5294 Et
3460 5240 3683 5311 expelle

2013 5349 2112 5388 eos
2138 5362 2161 5386 η
2215 5333 2283 5386 de
2341 5349 2518 5403 regno
2577 5335 2718 5386 tuo:
2782 5330 3081 5402 puniendo
3142 5346 3241 5385 eos
3293 5352 3315 5376 α
3350 5328 3679 5384 secundum

2010 5421 2451 5476 multitudinem
2484 5420 2853 5491 impietatum
2887 5435 3147 5488 eorum,»
3172 5418 3225 5473 id
3257 5421 3438 5485 est,ut
3462 5434 3675 5472 secun-

2006 5512 2146 5566 dum
2179 5510 2567 5582 quantitatem
2601 5508 2947 5564 delictorum
2981 5508 3057 5563 sit
3088 5508 3392 5579 quantitas
3445 5506 3675 5579 suppli-

1999 5600 2244 5655 ciorum.
2280 5617 2304 5644 α
2334 5598 2568 5671 Expelle
2590 5618 2615 5648 ››
2647 5597 2776 5652 dico
2808 5596 3137 5669 «quoniam
3172 5595 3561 5651 irritaverant
3597 5600 3678 5665 te,

1996 5688 2317 5761 Dominam
2353 5689 2410 5743 id
2443 5692 2531 5744 est
2561 5688 2634 5742 ad
2665 5686 2814 5741 iram
2847 5688 3337 5758 provocavcrunt.
