  <div class='ocr_page' id='page_1' title='image "/cluster/home/n/w/nwhite01/storage/ocr_20150623/115-116/uc1.31175006916467/850.png"; bbox 0 0 3914 6380; ppageno 0'>
   <div class='ocr_carea' id='block_1_1' title="bbox 116 455 236 518">
    <p class='ocr_par' dir='ltr' id='par_1_1' title="bbox 116 455 236 518">
     <span class='ocr_line' id='line_1_1' title="bbox 116 455 236 518; baseline -0.017 0"><span class='ocrx_word' id='word_1_1' title='bbox 116 455 236 518; x_wconf 67' lang='grc'>217</span> 
     </span>
    </p>
   </div>
   <div class='ocr_carea' id='block_1_2' title="bbox 1304 447 2355 516">
    <p class='ocr_par' dir='ltr' id='par_1_2' title="bbox 1304 447 2355 516">
     <span class='ocr_line' id='line_1_2' title="bbox 1304 447 2355 516; baseline -0.002 -1"><span class='ocrx_word' id='word_1_2' title='bbox 1304 447 1804 516; x_wconf 81' lang='lat' dir='ltr'>EXPLANATIO</span> <span class='ocrx_word' id='word_1_3' title='bbox 1848 447 1929 511; x_wconf 84' lang='lat' dir='ltr'>IN</span> <span class='ocrx_word' id='word_1_4' title='bbox 1971 448 2355 513; x_wconf 87' lang='lat' dir='ltr'>PSALMOS.</span> 
     </span>
    </p>
   </div>
   <div class='ocr_carea' id='block_1_3' title="bbox 3421 453 3539 518">
    <p class='ocr_par' dir='ltr' id='par_1_3' title="bbox 3421 453 3539 518">
     <span class='ocr_line' id='line_1_3' title="bbox 3421 453 3539 518; baseline 0.008 -1"><span class='ocrx_word' id='word_1_5' title='bbox 3421 453 3539 518; x_wconf 78' lang='lat'>218</span> 
     </span>
    </p>
   </div>
   <div class='ocr_carea' id='block_1_4' title="bbox 189 576 3540 660">
    <p class='ocr_par' dir='ltr' id='par_1_4' title="bbox 189 576 3540 660">
     <span class='ocr_line' id='line_1_4' title="bbox 189 576 3540 660; baseline -0.001 -12"><span class='ocrx_word' id='word_1_6' title='bbox 189 590 325 648; x_wconf 86' lang='lat' dir='ltr'>Ideo</span> <span class='ocrx_word' id='word_1_7' title='bbox 354 589 509 657; x_wconf 89' lang='lat' dir='ltr'>dico,</span> <span class='ocrx_word' id='word_1_8' title='bbox 538 610 560 641; x_wconf 80' lang='grc' dir='ltr'>ι</span> <span class='ocrx_word' id='word_1_9' title='bbox 593 584 818 646; x_wconf 89' lang='lat' dir='ltr'>salvum</span> <span class='ocrx_word' id='word_1_10' title='bbox 843 603 938 644; x_wconf 88' lang='lat' dir='ltr'>me</span> <span class='ocrx_word' id='word_1_11' title='bbox 967 586 1077 655; x_wconf 84' lang='lat' dir='ltr'>fac,</span> <span class='ocrx_word' id='word_1_12' title='bbox 1112 587 1424 660; x_wconf 81' lang='lat' dir='ltr'>nequando</span> <span class='ocrx_word' id='word_1_13' title='bbox 1458 585 1774 659; x_wconf 87' lang='lat' dir='ltr'>rapiatini-</span> <span class='ocrx_word' id='word_1_14' title='bbox 1802 576 1860 650; x_wconf 69' lang='grc' dir='ltr'><strong>Α</strong></span> <span class='ocrx_word' id='word_1_15' title='bbox 1887 584 2238 657; x_wconf 85' lang='lat' dir='ltr'>cognitione,</span> <span class='ocrx_word' id='word_1_16' title='bbox 2270 584 2352 640; x_wconf 89' lang='lat' dir='ltr'>ita</span> <span class='ocrx_word' id='word_1_17' title='bbox 2374 588 2440 641; x_wconf 89' lang='lat' dir='ltr'>ut</span> <span class='ocrx_word' id='word_1_18' title='bbox 2468 584 2551 643; x_wconf 88' lang='lat' dir='ltr'>sis</span> <span class='ocrx_word' id='word_1_19' title='bbox 2581 583 2640 641; x_wconf 91' lang='lat' dir='ltr'>in</span> <span class='ocrx_word' id='word_1_20' title='bbox 2672 585 2809 654; x_wconf 87' lang='lat' dir='ltr'>alto,</span> <span class='ocrx_word' id='word_1_21' title='bbox 2828 584 3067 656; x_wconf 80' lang='lat' dir='ltr'>scilicet,</span> <span class='ocrx_word' id='word_1_22' title='bbox 3101 587 3255 645; x_wconf 83' lang='lat' dir='ltr'>sicut</span> <span class='ocrx_word' id='word_1_23' title='bbox 3275 592 3329 646; x_wconf 91' lang='lat' dir='ltr'>te</span> <span class='ocrx_word' id='word_1_24' title='bbox 3350 589 3540 646; x_wconf 87' lang='lat' dir='ltr'>humi-</span> 
     </span>
    </p>
   </div>
   <div class='ocr_carea' id='block_1_5' title="bbox 118 675 1775 749">
    <p class='ocr_par' dir='ltr' id='par_1_5' title="bbox 118 675 1775 749">
     <span class='ocr_line' id='line_1_5' title="bbox 118 675 1775 749; baseline -0.004 -12"><span class='ocrx_word' id='word_1_25' title='bbox 118 681 311 737; x_wconf 87' lang='lat' dir='ltr'>micus</span> <span class='ocrx_word' id='word_1_26' title='bbox 343 697 512 736; x_wconf 90' lang='lat' dir='ltr'>meus</span> <span class='ocrx_word' id='word_1_27' title='bbox 544 679 803 735; x_wconf 89' lang='lat' dir='ltr'>animam</span> <span class='ocrx_word' id='word_1_28' title='bbox 836 694 1050 746; x_wconf 89' lang='lat' dir='ltr'>meam,</span> <span class='ocrx_word' id='word_1_29' title='bbox 1080 700 1101 725; x_wconf 73' lang='grc'>»</span> <span class='ocrx_word' id='word_1_30' title='bbox 1128 693 1309 749; x_wconf 87' lang='lat' dir='ltr'>agens</span> <span class='ocrx_word' id='word_1_31' title='bbox 1342 680 1406 731; x_wconf 91' lang='lat' dir='ltr'>ut</span> <span class='ocrx_word' id='word_1_32' title='bbox 1433 676 1542 731; x_wconf 90' lang='lat' dir='ltr'>leo.</span> <span class='ocrx_word' id='word_1_33' title='bbox 1570 678 1648 731; x_wconf 89' lang='lat' dir='ltr'>De</span> <span class='ocrx_word' id='word_1_34' title='bbox 1666 675 1775 731; x_wconf 93' lang='lat' dir='ltr'>hoc</span> 
     </span>
    </p>
   </div>
   <div class='ocr_carea' id='block_1_6' title="bbox 118 766 1773 841">
    <p class='ocr_par' dir='ltr' id='par_1_6' title="bbox 118 766 1773 841">
     <span class='ocr_line' id='line_1_6' title="bbox 118 766 1773 841; baseline -0.002 -16"><span class='ocrx_word' id='word_1_35' title='bbox 118 768 466 839; x_wconf 86' lang='lat' dir='ltr'>inimico,ait</span> <span class='ocrx_word' id='word_1_36' title='bbox 477 768 715 841; x_wconf 89' lang='lat' dir='ltr'>Apostol</span> <span class='ocrx_word' id='word_1_37' title='bbox 726 785 821 824; x_wconf 90' lang='lat' dir='ltr'>us:</span> <span class='ocrx_word' id='word_1_38' title='bbox 843 791 863 816; x_wconf 71' lang='grc' dir='ltr'>α</span> <span class='ocrx_word' id='word_1_39' title='bbox 882 766 1261 824; x_wconf 80' lang='lat' dir='ltr'>Adversarius</span> <span class='ocrx_word' id='word_1_40' title='bbox 1275 771 1471 821; x_wconf 89' lang='lat' dir='ltr'>noster</span> <span class='ocrx_word' id='word_1_41' title='bbox 1483 766 1773 834; x_wconf 89' lang='lat' dir='ltr'>diabolus,</span> 
     </span>
    </p>
   </div>
   <div class='ocr_carea' id='block_1_7' title="bbox 116 857 1775 931">
    <p class='ocr_par' dir='ltr' id='par_1_7' title="bbox 116 857 1775 931">
     <span class='ocr_line' id='line_1_7' title="bbox 116 857 1775 931; baseline -0.003 -17"><span class='ocrx_word' id='word_1_42' title='bbox 116 864 399 931; x_wconf 82' lang='lat' dir='ltr'>tanquam</span> <span class='ocrx_word' id='word_1_43' title='bbox 423 858 513 914; x_wconf 88' lang='lat' dir='ltr'>leo</span> <span class='ocrx_word' id='word_1_44' title='bbox 544 858 786 931; x_wconf 88' lang='lat' dir='ltr'>rugiens</span> <span class='ocrx_word' id='word_1_45' title='bbox 800 857 1091 926; x_wconf 88' lang='lat' dir='ltr'>circumit,</span> <span class='ocrx_word' id='word_1_46' title='bbox 1109 872 1375 930; x_wconf 57' lang='lat' dir='ltr'>quarens</span> <span class='ocrx_word' id='word_1_47' title='bbox 1406 872 1583 928; x_wconf 91' lang='lat' dir='ltr'>quem</span> <span class='ocrx_word' id='word_1_48' title='bbox 1605 857 1775 910; x_wconf 90' lang='lat' dir='ltr'>devo-</span> 
     </span>
    </p>
   </div>
   <div class='ocr_carea' id='block_1_8' title="bbox 120 945 1779 1018">
    <p class='ocr_par' dir='ltr' id='par_1_8' title="bbox 120 945 1779 1018">
     <span class='ocr_line' id='line_1_8' title="bbox 120 945 1779 1018; baseline -0.002 -15"><span class='ocrx_word' id='word_1_49' title='bbox 120 952 209 1004; x_wconf 86' lang='lat' dir='ltr'>ret</span> <span class='ocrx_word' id='word_1_50' title='bbox 230 950 281 1016; x_wconf 84' lang='lat' dir='ltr'>(I</span> <span class='ocrx_word' id='word_1_51' title='bbox 299 950 445 1004; x_wconf 83' lang='lat' dir='ltr'>Petr.</span> <span class='ocrx_word' id='word_1_52' title='bbox 477 950 556 1016; x_wconf 90' lang='lat' dir='ltr'>v),</span> <span class='ocrx_word' id='word_1_53' title='bbox 598 967 619 995; x_wconf 74' lang='grc' dir='ltr'>ι</span> <span class='ocrx_word' id='word_1_54' title='bbox 644 949 785 1002; x_wconf 90' lang='lat' dir='ltr'>dum</span> <span class='ocrx_word' id='word_1_55' title='bbox 818 964 933 1003; x_wconf 90' lang='lat' dir='ltr'>non</span> <span class='ocrx_word' id='word_1_56' title='bbox 967 951 1077 1017; x_wconf 91' lang='lat' dir='ltr'>est,</span> <span class='ocrx_word' id='word_1_57' title='bbox 1104 968 1124 995; x_wconf 73' lang='grc' dir='ltr'>ιι</span> <span class='ocrx_word' id='word_1_58' title='bbox 1160 946 1217 1001; x_wconf 92' lang='lat' dir='ltr'>id</span> <span class='ocrx_word' id='word_1_59' title='bbox 1250 950 1358 1014; x_wconf 90' lang='lat' dir='ltr'>est,</span> <span class='ocrx_word' id='word_1_60' title='bbox 1376 945 1512 1018; x_wconf 90' lang='lat' dir='ltr'>quia</span> <span class='ocrx_word' id='word_1_61' title='bbox 1534 962 1649 1001; x_wconf 91' lang='lat' dir='ltr'>non</span> <span class='ocrx_word' id='word_1_62' title='bbox 1690 947 1779 1000; x_wconf 89' lang='lat' dir='ltr'>est</span> 
     </span>
    </p>
   </div>
   <div class='ocr_carea' id='block_1_9' title="bbox 120 1032 1777 1107">
    <p class='ocr_par' dir='ltr' id='par_1_9' title="bbox 120 1032 1777 1107">
     <span class='ocr_line' id='line_1_9' title="bbox 120 1032 1777 1107; baseline -0.002 -18"><span class='ocrx_word' id='word_1_63' title='bbox 120 1034 272 1090; x_wconf 88' lang='lat' dir='ltr'>alius</span> <span class='ocrx_word' id='word_1_64' title='bbox 309 1054 332 1083; x_wconf 73' lang='grc' dir='ltr'><strong>α</strong></span> <span class='ocrx_word' id='word_1_65' title='bbox 367 1035 467 1107; x_wconf 88' lang='lat' dir='ltr'>qui</span> <span class='ocrx_word' id='word_1_66' title='bbox 501 1035 753 1090; x_wconf 81' lang='lat' dir='ltr'>redimat</span> <span class='ocrx_word' id='word_1_67' title='bbox 787 1056 807 1083; x_wconf 75' lang='grc' dir='ltr'><strong><em>ν</em></strong></span> <span class='ocrx_word' id='word_1_68' title='bbox 842 1034 1034 1089; x_wconf 85' lang='lat' dir='ltr'>dando</span> <span class='ocrx_word' id='word_1_69' title='bbox 1068 1034 1351 1106; x_wconf 83' lang='lat' dir='ltr'>pretium;</span> <span class='ocrx_word' id='word_1_70' title='bbox 1382 1056 1402 1084; x_wconf 74' lang='grc' dir='ltr'>ι</span> <span class='ocrx_word' id='word_1_71' title='bbox 1438 1050 1626 1104; x_wconf 91' lang='lat' dir='ltr'>neque</span> <span class='ocrx_word' id='word_1_72' title='bbox 1675 1032 1777 1104; x_wconf 89' lang='lat' dir='ltr'>qui</span> 
     </span>
    </p>
   </div>
   <div class='ocr_carea' id='block_1_10' title="bbox 120 1122 1808 1196">
    <p class='ocr_par' dir='ltr' id='par_1_10' title="bbox 120 1122 1808 1196">
     <span class='ocr_line' id='line_1_10' title="bbox 120 1122 1808 1196; baseline -0.002 -17"><span class='ocrx_word' id='word_1_73' title='bbox 120 1123 351 1179; x_wconf 85' lang='lat' dir='ltr'>salvum</span> <span class='ocrx_word' id='word_1_74' title='bbox 381 1123 603 1179; x_wconf 81' lang='lat' dir='ltr'>faciat»</span> <span class='ocrx_word' id='word_1_75' title='bbox 637 1123 935 1196; x_wconf 91' lang='lat' dir='ltr'>eripiendo</span> <span class='ocrx_word' id='word_1_76' title='bbox 967 1139 1039 1178; x_wconf 91' lang='lat' dir='ltr'>ne</span> <span class='ocrx_word' id='word_1_77' title='bbox 1059 1123 1340 1195; x_wconf 83' lang='lat' dir='ltr'>redempti</span> <span class='ocrx_word' id='word_1_78' title='bbox 1376 1123 1584 1179; x_wconf 85' lang='lat' dir='ltr'>cedant</span> <span class='ocrx_word' id='word_1_79' title='bbox 1634 1122 1776 1176; x_wconf 89' lang='lat' dir='ltr'>insi-</span> <span class='ocrx_word' id='word_1_80' title='bbox 1805 1178 1808 1182; x_wconf 64' lang='grc'>,</span> 
     </span>
    </p>
   </div>
   <div class='ocr_carea' id='block_1_11' title="bbox 121 1213 764 1282">
    <p class='ocr_par' dir='ltr' id='par_1_11' title="bbox 121 1213 764 1282">
     <span class='ocr_line' id='line_1_11' title="bbox 121 1213 764 1282; baseline 0.002 -15"><span class='ocrx_word' id='word_1_81' title='bbox 121 1213 235 1270; x_wconf 87' lang='lat' dir='ltr'>diis</span> <span class='ocrx_word' id='word_1_82' title='bbox 267 1213 516 1282; x_wconf 90' lang='lat' dir='ltr'>inimici,</span> <span class='ocrx_word' id='word_1_83' title='bbox 537 1213 649 1269; x_wconf 91' lang='lat' dir='ltr'>nisi</span> <span class='ocrx_word' id='word_1_84' title='bbox 678 1217 764 1269; x_wconf 92' lang='lat' dir='ltr'>tu.</span> 
     </span>
    </p>
   </div>
   <div class='ocr_carea' id='block_1_12' title="bbox 192 1299 1777 1375">
    <p class='ocr_par' dir='ltr' id='par_1_12' title="bbox 192 1299 1777 1375">
     <span class='ocr_line' id='line_1_12' title="bbox 192 1299 1777 1375; baseline -0.002 -18"><span class='ocrx_word' id='word_1_85' title='bbox 192 1303 329 1358; x_wconf 65' lang='lat' dir='ltr'>Ideo</span> <span class='ocrx_word' id='word_1_86' title='bbox 360 1303 537 1358; x_wconf 87' lang='lat' dir='ltr'>debes</span> <span class='ocrx_word' id='word_1_87' title='bbox 568 1302 796 1359; x_wconf 91' lang='lat' dir='ltr'>salvum</span> <span class='ocrx_word' id='word_1_88' title='bbox 829 1303 1038 1373; x_wconf 87' lang='lat' dir='ltr'>facere,</span> <span class='ocrx_word' id='word_1_89' title='bbox 1053 1302 1194 1375; x_wconf 88' lang='lat' dir='ltr'>quia</span> <span class='ocrx_word' id='word_1_90' title='bbox 1224 1319 1339 1358; x_wconf 90' lang='lat' dir='ltr'>non</span> <span class='ocrx_word' id='word_1_91' title='bbox 1368 1304 1458 1358; x_wconf 90' lang='lat' dir='ltr'>est</span> <span class='ocrx_word' id='word_1_92' title='bbox 1486 1300 1637 1357; x_wconf 91' lang='lat' dir='ltr'>alius</span> <span class='ocrx_word' id='word_1_93' title='bbox 1678 1299 1777 1373; x_wconf 88' lang='lat' dir='ltr'>qui</span> 
     </span>
    </p>
   </div>
   <div class='ocr_carea' id='block_1_13' title="bbox 120 1391 1779 1465">
    <p class='ocr_par' dir='ltr' id='par_1_13' title="bbox 120 1391 1779 1465">
     <span class='ocr_line' id='line_1_13' title="bbox 120 1391 1779 1465; baseline -0.002 -18"><span class='ocrx_word' id='word_1_94' title='bbox 120 1392 333 1449; x_wconf 78' lang='lat' dir='ltr'>faciat:</span> <span class='ocrx_word' id='word_1_95' title='bbox 358 1392 488 1448; x_wconf 88' lang='lat' dir='ltr'>ideo</span> <span class='ocrx_word' id='word_1_96' title='bbox 510 1392 706 1459; x_wconf 88' lang='lat' dir='ltr'>etiam,</span> <span class='ocrx_word' id='word_1_97' title='bbox 733 1391 833 1465; x_wconf 86' lang='lat' dir='ltr'>qui</span> <span class='ocrx_word' id='word_1_98' title='bbox 866 1410 981 1449; x_wconf 90' lang='lat' dir='ltr'>non</span> <span class='ocrx_word' id='word_1_99' title='bbox 1013 1392 1281 1448; x_wconf 84' lang='lat' dir='ltr'>commisi</span> <span class='ocrx_word' id='word_1_100' title='bbox 1307 1409 1485 1465; x_wconf 88' lang='lat' dir='ltr'>quare</span> <span class='ocrx_word' id='word_1_101' title='bbox 1518 1406 1611 1446; x_wconf 92' lang='lat' dir='ltr'>me</span> <span class='ocrx_word' id='word_1_102' title='bbox 1646 1407 1779 1462; x_wconf 89' lang='lat' dir='ltr'>per-</span> 
     </span>
    </p>
   </div>
   <div class='ocr_carea' id='block_1_14' title="bbox 123 1481 1772 1554">
    <p class='ocr_par' dir='ltr' id='par_1_14' title="bbox 123 1481 1772 1554">
     <span class='ocr_line' id='line_1_14' title="bbox 123 1481 1772 1554; baseline -0.002 -17"><span class='ocrx_word' id='word_1_103' title='bbox 123 1484 469 1554; x_wconf 88' lang='lat' dir='ltr'>sequantur.</span> <span class='ocrx_word' id='word_1_104' title='bbox 500 1482 572 1537; x_wconf 90' lang='lat' dir='ltr'>Et</span> <span class='ocrx_word' id='word_1_105' title='bbox 599 1505 619 1531; x_wconf 79' lang='lat'><strong>-</strong></span> <span class='ocrx_word' id='word_1_106' title='bbox 656 1482 713 1538; x_wconf 92' lang='lat' dir='ltr'>Si</span> <span class='ocrx_word' id='word_1_107' title='bbox 747 1499 875 1554; x_wconf 85' lang='lat' dir='ltr'>ego,</span> <span class='ocrx_word' id='word_1_108' title='bbox 911 1483 1151 1537; x_wconf 84' lang='lat' dir='ltr'>Domine</span> <span class='ocrx_word' id='word_1_109' title='bbox 1183 1481 1357 1547; x_wconf 84' lang='lat' dir='ltr'>Deus,</span> <span class='ocrx_word' id='word_1_110' title='bbox 1394 1481 1497 1537; x_wconf 84' lang='lat' dir='ltr'>feci</span> <span class='ocrx_word' id='word_1_111' title='bbox 1532 1481 1711 1547; x_wconf 87' lang='lat' dir='ltr'>istud,</span> <span class='ocrx_word' id='word_1_112' title='bbox 1753 1501 1772 1528; x_wconf 76' lang='grc' dir='ltr'><strong>ιο</strong></span> 
     </span>
    </p>
   </div>
   <div class='ocr_carea' id='block_1_15' title="bbox 123 1568 1783 1642">
    <p class='ocr_par' dir='ltr' id='par_1_15' title="bbox 123 1568 1783 1642">
     <span class='ocr_line' id='line_1_15' title="bbox 123 1568 1783 1642; baseline -0.002 -15"><span class='ocrx_word' id='word_1_113' title='bbox 123 1568 367 1641; x_wconf 85' lang='lat' dir='ltr'>scilicet,</span> <span class='ocrx_word' id='word_1_114' title='bbox 391 1570 437 1626; x_wconf 86' lang='lat' dir='ltr'>si</span> <span class='ocrx_word' id='word_1_115' title='bbox 460 1570 613 1625; x_wconf 90' lang='lat' dir='ltr'>hanc</span> <span class='ocrx_word' id='word_1_116' title='bbox 644 1571 1106 1642; x_wconf 88' lang='lat' dir='ltr'>persecutionem</span> <span class='ocrx_word' id='word_1_117' title='bbox 1137 1570 1373 1626; x_wconf 90' lang='lat' dir='ltr'>illorum</span> <span class='ocrx_word' id='word_1_118' title='bbox 1397 1570 1672 1640; x_wconf 80' lang='lat' dir='ltr'>merui,id</span> <span class='ocrx_word' id='word_1_119' title='bbox 1694 1572 1783 1624; x_wconf 91' lang='lat' dir='ltr'>est</span> 
     </span>
    </p>
   </div>
   <div class='ocr_carea' id='block_1_16' title="bbox 122 1659 1779 1732">
    <p class='ocr_par' dir='ltr' id='par_1_16' title="bbox 122 1659 1779 1732">
     <span class='ocr_line' id='line_1_16' title="bbox 122 1659 1779 1732; baseline -0.002 -16"><span class='ocrx_word' id='word_1_120' title='bbox 122 1661 245 1716; x_wconf 63' lang='lat' dir='ltr'>haec</span> <span class='ocrx_word' id='word_1_121' title='bbox 278 1659 437 1716; x_wconf 88' lang='lat' dir='ltr'>mala</span> <span class='ocrx_word' id='word_1_122' title='bbox 466 1676 595 1732; x_wconf 67' lang='lat' dir='ltr'>qua:</span> <span class='ocrx_word' id='word_1_123' title='bbox 618 1660 729 1732; x_wconf 88' lang='lat' dir='ltr'>ipsi</span> <span class='ocrx_word' id='word_1_124' title='bbox 763 1660 907 1715; x_wconf 90' lang='lat' dir='ltr'>mihi</span> <span class='ocrx_word' id='word_1_125' title='bbox 949 1660 1244 1732; x_wconf 80' lang='lat' dir='ltr'>ingerunt,</span> <span class='ocrx_word' id='word_1_126' title='bbox 1276 1660 1399 1716; x_wconf 78' lang='lat' dir='ltr'>haec</span> <span class='ocrx_word' id='word_1_127' title='bbox 1448 1659 1603 1714; x_wconf 89' lang='lat' dir='ltr'>mala</span> <span class='ocrx_word' id='word_1_128' title='bbox 1653 1672 1779 1725; x_wconf 77' lang='lat' dir='ltr'>quae</span> 
     </span>
    </p>
   </div>
   <div class='ocr_carea' id='block_1_17' title="bbox 113 1745 1781 1823">
    <p class='ocr_par' dir='ltr' id='par_1_17' title="bbox 113 1745 1781 1823">
     <span class='ocr_line' id='line_1_17' title="bbox 113 1745 1781 1823; baseline -0.004 -17"><span class='ocrx_word' id='word_1_129' title='bbox 113 1750 244 1823; x_wconf 84' lang='lat' dir='ltr'>jam</span> <span class='ocrx_word' id='word_1_130' title='bbox 274 1750 471 1805; x_wconf 88' lang='lat' dir='ltr'>dicam</span> <span class='ocrx_word' id='word_1_131' title='bbox 503 1748 649 1804; x_wconf 90' lang='lat' dir='ltr'>mihi</span> <span class='ocrx_word' id='word_1_132' title='bbox 672 1749 1036 1821; x_wconf 88' lang='lat' dir='ltr'>contingant.</span> <span class='ocrx_word' id='word_1_133' title='bbox 1069 1749 1139 1803; x_wconf 89' lang='lat' dir='ltr'>Et</span> <span class='ocrx_word' id='word_1_134' title='bbox 1169 1765 1283 1820; x_wconf 87' lang='lat' dir='ltr'>quo</span> <span class='ocrx_word' id='word_1_135' title='bbox 1316 1749 1462 1803; x_wconf 81' lang='lat' dir='ltr'>dixit</span> <span class='ocrx_word' id='word_1_136' title='bbox 1490 1764 1503 1803; x_wconf 92' lang='lat'>:</span> <span class='ocrx_word' id='word_1_137' title='bbox 1535 1770 1556 1797; x_wconf 81' lang='grc' dir='ltr'>ι</span> <span class='ocrx_word' id='word_1_138' title='bbox 1582 1748 1642 1802; x_wconf 91' lang='lat' dir='ltr'>Si</span> <span class='ocrx_word' id='word_1_139' title='bbox 1673 1745 1781 1801; x_wconf 86' lang='lat' dir='ltr'>feci</span> 
     </span>
    </p>
   </div>
   <div class='ocr_carea' id='block_1_18' title="bbox 121 1833 1781 1908">
    <p class='ocr_par' dir='ltr' id='par_1_18' title="bbox 121 1833 1781 1908">
     <span class='ocr_line' id='line_1_18' title="bbox 121 1833 1781 1908; baseline -0.004 -13"><span class='ocrx_word' id='word_1_140' title='bbox 121 1840 304 1908; x_wconf 76' lang='lat' dir='ltr'>istud,</span> <span class='ocrx_word' id='word_1_141' title='bbox 346 1859 375 1892; x_wconf 74' lang='grc' dir='ltr'><strong><em>α</em></strong></span> <span class='ocrx_word' id='word_1_142' title='bbox 402 1839 756 1894; x_wconf 84' lang='lat' dir='ltr'>determinat</span> <span class='ocrx_word' id='word_1_143' title='bbox 785 1855 919 1893; x_wconf 91' lang='lat' dir='ltr'>cum</span> <span class='ocrx_word' id='word_1_144' title='bbox 955 1839 1191 1893; x_wconf 88' lang='lat' dir='ltr'>subdit:</span> <span class='ocrx_word' id='word_1_145' title='bbox 1220 1859 1248 1887; x_wconf 86' lang='grc'>‹‹</span> <span class='ocrx_word' id='word_1_146' title='bbox 1282 1836 1341 1893; x_wconf 89' lang='lat' dir='ltr'>Si</span> <span class='ocrx_word' id='word_1_147' title='bbox 1381 1840 1471 1892; x_wconf 90' lang='lat' dir='ltr'>est</span> <span class='ocrx_word' id='word_1_148' title='bbox 1499 1833 1781 1907; x_wconf 86' lang='lat' dir='ltr'>iniquitas</span> 
     </span>
    </p>
   </div>
   <div class='ocr_carea' id='block_1_19' title="bbox 1885 674 3539 747">
    <p class='ocr_par' dir='ltr' id='par_1_19' title="bbox 1885 674 3539 747">
     <span class='ocr_line' id='line_1_19' title="bbox 1885 674 3539 747; baseline 0.006 -19"><span class='ocrx_word' id='word_1_149' title='bbox 1885 674 2039 730; x_wconf 88' lang='lat' dir='ltr'>liasti</span> <span class='ocrx_word' id='word_1_150' title='bbox 2076 679 2214 731; x_wconf 90' lang='lat' dir='ltr'>utte</span> <span class='ocrx_word' id='word_1_151' title='bbox 2244 680 2660 747; x_wconf 90' lang='lat' dir='ltr'>cognoscerent</span> <span class='ocrx_word' id='word_1_152' title='bbox 2688 680 3044 733; x_wconf 85' lang='lat' dir='ltr'>assumendo</span> <span class='ocrx_word' id='word_1_153' title='bbox 3075 682 3433 745; x_wconf 90' lang='lat' dir='ltr'>carnem,sic</span> <span class='ocrx_word' id='word_1_154' title='bbox 3483 686 3539 738; x_wconf 90' lang='lat' dir='ltr'>te</span> 
     </span>
    </p>
   </div>
   <div class='ocr_carea' id='block_1_20' title="bbox 1886 765 3540 845">
    <p class='ocr_par' dir='ltr' id='par_1_20' title="bbox 1886 765 3540 845">
     <span class='ocr_line' id='line_1_20' title="bbox 1886 765 3540 845; baseline 0.006 -26"><span class='ocrx_word' id='word_1_155' title='bbox 1886 765 2115 821; x_wconf 89' lang='lat' dir='ltr'>retrahe</span> <span class='ocrx_word' id='word_1_156' title='bbox 2146 765 2205 819; x_wconf 91' lang='lat' dir='ltr'>in</span> <span class='ocrx_word' id='word_1_157' title='bbox 2238 765 2611 822; x_wconf 87' lang='lat' dir='ltr'>altitudinem</span> <span class='ocrx_word' id='word_1_158' title='bbox 2656 768 2716 823; x_wconf 92' lang='lat' dir='ltr'>in</span> <span class='ocrx_word' id='word_1_159' title='bbox 2764 785 2880 841; x_wconf 93' lang='lat' dir='ltr'>qua</span> <span class='ocrx_word' id='word_1_160' title='bbox 2912 769 3093 825; x_wconf 83' lang='lat' dir='ltr'>fuisti.</span> <span class='ocrx_word' id='word_1_161' title='bbox 3116 770 3218 825; x_wconf 86' lang='lat' dir='ltr'>Vel</span> <span class='ocrx_word' id='word_1_162' title='bbox 3255 793 3283 821; x_wconf 86' lang='grc'>‹‹</span> <span class='ocrx_word' id='word_1_163' title='bbox 3312 774 3540 845; x_wconf 84' lang='lat' dir='ltr'>Exurge</span> 
     </span>
    </p>
   </div>
   <div class='ocr_carea' id='block_1_21' title="bbox 1884 853 3535 934">
    <p class='ocr_par' dir='ltr' id='par_1_21' title="bbox 1884 853 3535 934">
     <span class='ocr_line' id='line_1_21' title="bbox 1884 853 3535 934; baseline 0.005 -26"><span class='ocrx_word' id='word_1_164' title='bbox 1884 853 1945 908; x_wconf 86' lang='lat' dir='ltr'>in</span> <span class='ocrx_word' id='word_1_165' title='bbox 1979 860 2263 928; x_wconf 62' lang='lat' dir='ltr'>praecepto</span> <span class='ocrx_word' id='word_1_166' title='bbox 2296 857 2451 928; x_wconf 89' lang='lat' dir='ltr'>quod</span> <span class='ocrx_word' id='word_1_167' title='bbox 2477 858 2768 912; x_wconf 81' lang='lat' dir='ltr'>mandasti</span> <span class='ocrx_word' id='word_1_168' title='bbox 2797 880 2823 907; x_wconf 84' lang='lat'>»</span> <span class='ocrx_word' id='word_1_169' title='bbox 2859 857 2915 913; x_wconf 92' lang='lat' dir='ltr'>id</span> <span class='ocrx_word' id='word_1_170' title='bbox 2949 860 3132 925; x_wconf 88' lang='lat' dir='ltr'>cst,in</span> <span class='ocrx_word' id='word_1_171' title='bbox 3166 860 3290 931; x_wconf 85' lang='lat' dir='ltr'>lege</span> <span class='ocrx_word' id='word_1_172' title='bbox 3322 879 3535 934; x_wconf 60' lang='lat' dir='ltr'>praece-</span> 
     </span>
    </p>
   </div>
   <div class='ocr_carea' id='block_1_22' title="bbox 1886 944 3541 1023">
    <p class='ocr_par' dir='ltr' id='par_1_22' title="bbox 1886 944 3541 1023">
     <span class='ocr_line' id='line_1_22' title="bbox 1886 944 3541 1023; baseline 0.005 -24"><span class='ocrx_word' id='word_1_173' title='bbox 1886 944 2046 1017; x_wconf 90' lang='lat' dir='ltr'>pisti,</span> <span class='ocrx_word' id='word_1_174' title='bbox 2083 950 2146 999; x_wconf 91' lang='lat' dir='ltr'>ut</span> <span class='ocrx_word' id='word_1_175' title='bbox 2171 944 2229 1000; x_wconf 91' lang='lat' dir='ltr'>in</span> <span class='ocrx_word' id='word_1_176' title='bbox 2264 945 2518 1017; x_wconf 88' lang='lat' dir='ltr'>iniquos,</span> <span class='ocrx_word' id='word_1_177' title='bbox 2552 946 3436 1023; x_wconf 85' lang='lat' dir='ltr'>animadvertamus,propterea</span> <span class='ocrx_word' id='word_1_178' title='bbox 3485 956 3541 1007; x_wconf 91' lang='lat' dir='ltr'>et</span> 
     </span>
    </p>
   </div>
   <div class='ocr_carea' id='block_1_23' title="bbox 1886 1036 3540 1111">
    <p class='ocr_par' dir='ltr' id='par_1_23' title="bbox 1886 1036 3540 1111">
     <span class='ocr_line' id='line_1_23' title="bbox 1886 1036 3540 1111; baseline 0.005 -22"><span class='ocrx_word' id='word_1_179' title='bbox 1886 1037 1949 1089; x_wconf 87' lang='lat' dir='ltr'>tu</span> <span class='ocrx_word' id='word_1_180' title='bbox 1973 1036 2145 1106; x_wconf 80' lang='lat' dir='ltr'>juxta</span> <span class='ocrx_word' id='word_1_181' title='bbox 2177 1052 2305 1091; x_wconf 86' lang='lat' dir='ltr'>eam</span> <span class='ocrx_word' id='word_1_182' title='bbox 2336 1036 2522 1106; x_wconf 88' lang='lat' dir='ltr'>legem</span> <span class='ocrx_word' id='word_1_183' title='bbox 2558 1041 2756 1091; x_wconf 88' lang='lat' dir='ltr'>contra</span> <span class='ocrx_word' id='word_1_184' title='bbox 2806 1055 2904 1092; x_wconf 90' lang='lat' dir='ltr'>eos</span> <span class='ocrx_word' id='word_1_185' title='bbox 2952 1038 3189 1111; x_wconf 83' lang='lat' dir='ltr'>insurge</span> <span class='ocrx_word' id='word_1_186' title='bbox 3220 1056 3231 1094; x_wconf 92' lang='lat'>:</span> <span class='ocrx_word' id='word_1_187' title='bbox 3271 1045 3418 1096; x_wconf 66' lang='lat' dir='ltr'>«et»</span> <span class='ocrx_word' id='word_1_188' title='bbox 3456 1043 3540 1097; x_wconf 91' lang='lat' dir='ltr'>sic</span> 
     </span>
    </p>
   </div>
   <div class='ocr_carea' id='block_1_24' title="bbox 1891 1129 3536 1201">
    <p class='ocr_par' dir='ltr' id='par_1_24' title="bbox 1891 1129 3536 1201">
     <span class='ocr_line' id='line_1_24' title="bbox 1891 1129 3536 1201; baseline 0.007 -25"><span class='ocrx_word' id='word_1_189' title='bbox 1891 1145 1919 1173; x_wconf 88' lang='grc'>‹‹</span> <span class='ocrx_word' id='word_1_190' title='bbox 1942 1141 2277 1196; x_wconf 80' lang='lat' dir='ltr'>synagoga»</span> <span class='ocrx_word' id='word_1_191' title='bbox 2294 1141 2422 1196; x_wconf 62' lang='lat' dir='ltr'>quae</span> <span class='ocrx_word' id='word_1_192' title='bbox 2436 1129 2541 1179; x_wconf 89' lang='lat' dir='ltr'>ate</span> <span class='ocrx_word' id='word_1_193' title='bbox 2562 1131 2799 1197; x_wconf 84' lang='lat' dir='ltr'>propter</span> <span class='ocrx_word' id='word_1_194' title='bbox 2818 1133 3065 1184; x_wconf 89' lang='lat' dir='ltr'>mortem</span> <span class='ocrx_word' id='word_1_195' title='bbox 3080 1134 3135 1184; x_wconf 89' lang='lat' dir='ltr'>et</span> <span class='ocrx_word' id='word_1_196' title='bbox 3153 1130 3536 1201; x_wconf 82' lang='lat' dir='ltr'>ignominiam</span> 
     </span>
    </p>
   </div>
   <div class='ocr_carea' id='block_1_25' title="bbox 1884 1212 3545 1287">
    <p class='ocr_par' dir='ltr' id='par_1_25' title="bbox 1884 1212 3545 1287">
     <span class='ocr_line' id='line_1_25' title="bbox 1884 1212 3545 1287; baseline 0.005 -20"><span class='ocrx_word' id='word_1_197' title='bbox 1884 1213 1990 1267; x_wconf 87' lang='lat' dir='ltr'>tibi</span> <span class='ocrx_word' id='word_1_198' title='bbox 2009 1212 2202 1267; x_wconf 82' lang='lat' dir='ltr'>illatas</span> <span class='ocrx_word' id='word_1_199' title='bbox 2224 1213 2536 1269; x_wconf 88' lang='lat' dir='ltr'>declinavit</span> <span class='ocrx_word' id='word_1_200' title='bbox 2563 1234 2584 1260; x_wconf 76' lang='grc' dir='ltr'><em>α</em></span> <span class='ocrx_word' id='word_1_201' title='bbox 2609 1216 2997 1272; x_wconf 85' lang='lat' dir='ltr'>circumdabit</span> <span class='ocrx_word' id='word_1_202' title='bbox 3019 1222 3073 1273; x_wconf 90' lang='lat' dir='ltr'>te</span> <span class='ocrx_word' id='word_1_203' title='bbox 3098 1242 3123 1268; x_wconf 90' lang='grc'><em>‹‹</em></span> <span class='ocrx_word' id='word_1_204' title='bbox 3149 1220 3204 1275; x_wconf 88' lang='lat' dir='ltr'>id</span> <span class='ocrx_word' id='word_1_205' title='bbox 3238 1222 3545 1287; x_wconf 73' lang='lat' dir='ltr'>est,adha:-</span> 
     </span>
    </p>
   </div>
   <div class='ocr_carea' id='block_1_26' title="bbox 1888 1301 3540 1379">
    <p class='ocr_par' dir='ltr' id='par_1_26' title="bbox 1888 1301 3540 1379">
     <span class='ocr_line' id='line_1_26' title="bbox 1888 1301 3540 1379; baseline 0.005 -22"><span class='ocrx_word' id='word_1_206' title='bbox 1888 1302 2069 1357; x_wconf 83' lang='lat' dir='ltr'>renda</span> <span class='ocrx_word' id='word_1_207' title='bbox 2096 1301 2203 1356; x_wconf 87' lang='lat' dir='ltr'>tibi</span> <span class='ocrx_word' id='word_1_208' title='bbox 2236 1302 2626 1358; x_wconf 85' lang='lat' dir='ltr'>circumdabit</span> <span class='ocrx_word' id='word_1_209' title='bbox 2656 1308 2710 1360; x_wconf 92' lang='lat' dir='ltr'>te</span> <span class='ocrx_word' id='word_1_210' title='bbox 2742 1322 2754 1361; x_wconf 93' lang='lat'>:</span> <span class='ocrx_word' id='word_1_211' title='bbox 2788 1310 2847 1361; x_wconf 90' lang='lat' dir='ltr'>et</span> <span class='ocrx_word' id='word_1_212' title='bbox 2884 1311 3121 1379; x_wconf 88' lang='lat' dir='ltr'>propter</span> <span class='ocrx_word' id='word_1_213' title='bbox 3144 1308 3303 1364; x_wconf 90' lang='lat' dir='ltr'>illam</span> <span class='ocrx_word' id='word_1_214' title='bbox 3330 1311 3540 1365; x_wconf 83' lang='lat' dir='ltr'>conﬁr-</span> 
     </span>
    </p>
   </div>
   <div class='ocr_carea' id='block_1_27' title="bbox 1889 1391 3541 1468">
    <p class='ocr_par' dir='ltr' id='par_1_27' title="bbox 1889 1391 3541 1468">
     <span class='ocr_line' id='line_1_27' title="bbox 1889 1391 3541 1468; baseline 0.006 -23"><span class='ocrx_word' id='word_1_215' title='bbox 1889 1391 2166 1445; x_wconf 87' lang='lat' dir='ltr'>mandam</span> <span class='ocrx_word' id='word_1_216' title='bbox 2199 1393 2500 1463; x_wconf 78' lang='lat' dir='ltr'>regredere</span> <span class='ocrx_word' id='word_1_217' title='bbox 2522 1392 2579 1447; x_wconf 90' lang='lat' dir='ltr'>in</span> <span class='ocrx_word' id='word_1_218' title='bbox 2612 1393 2796 1450; x_wconf 86' lang='lat' dir='ltr'>altum</span> <span class='ocrx_word' id='word_1_219' title='bbox 2820 1395 2876 1449; x_wconf 93' lang='lat' dir='ltr'>id</span> <span class='ocrx_word' id='word_1_220' title='bbox 2893 1399 3111 1468; x_wconf 84' lang='lat' dir='ltr'>est.per</span> <span class='ocrx_word' id='word_1_221' title='bbox 3141 1399 3541 1454; x_wconf 89' lang='lat' dir='ltr'>ascensionem</span> 
     </span>
    </p>
   </div>
   <div class='ocr_carea' id='block_1_28' title="bbox 1887 1482 3542 1555">
    <p class='ocr_par' dir='ltr' id='par_1_28' title="bbox 1887 1482 3542 1555">
     <span class='ocr_line' id='line_1_28' title="bbox 1887 1482 3542 1555; baseline 0.006 -21"><span class='ocrx_word' id='word_1_222' title='bbox 1887 1482 1943 1535; x_wconf 86' lang='lat' dir='ltr'>te</span> <span class='ocrx_word' id='word_1_223' title='bbox 1974 1484 2268 1552; x_wconf 87' lang='lat' dir='ltr'>potentem</span> <span class='ocrx_word' id='word_1_224' title='bbox 2302 1483 2544 1537; x_wconf 82' lang='lat' dir='ltr'>ostende</span> <span class='ocrx_word' id='word_1_225' title='bbox 2582 1499 2595 1537; x_wconf 92' lang='lat'>:</span> <span class='ocrx_word' id='word_1_226' title='bbox 2633 1488 2695 1537; x_wconf 91' lang='lat' dir='ltr'>ut</span> <span class='ocrx_word' id='word_1_227' title='bbox 2727 1484 2825 1555; x_wconf 86' lang='lat' dir='ltr'>qui</span> <span class='ocrx_word' id='word_1_228' title='bbox 2857 1483 2961 1540; x_wconf 90' lang='lat' dir='ltr'>tibi</span> <span class='ocrx_word' id='word_1_229' title='bbox 2997 1485 3307 1542; x_wconf 87' lang='lat' dir='ltr'>humiliato</span> <span class='ocrx_word' id='word_1_230' title='bbox 3355 1490 3542 1543; x_wconf 69' lang='lat' dir='ltr'>adhae-</span> 
     </span>
    </p>
   </div>
   <div class='ocr_carea' id='block_1_29' title="bbox 1890 1571 3539 1641">
    <p class='ocr_par' dir='ltr' id='par_1_29' title="bbox 1890 1571 3539 1641">
     <span class='ocr_line' id='line_1_29' title="bbox 1890 1571 3539 1641; baseline 0.004 -16"><span class='ocrx_word' id='word_1_231' title='bbox 1890 1574 2108 1640; x_wconf 84' lang='lat' dir='ltr'>serant,</span> <span class='ocrx_word' id='word_1_232' title='bbox 2138 1571 2219 1624; x_wconf 89' lang='lat' dir='ltr'>sic</span> <span class='ocrx_word' id='word_1_233' title='bbox 2252 1571 2643 1641; x_wconf 81' lang='lat' dir='ltr'>glorificatum</span> <span class='ocrx_word' id='word_1_234' title='bbox 2677 1578 3172 1630; x_wconf 89' lang='lat' dir='ltr'>remuneratorem</span> <span class='ocrx_word' id='word_1_235' title='bbox 3215 1578 3539 1632; x_wconf 87' lang='lat' dir='ltr'>attendant.</span> 
     </span>
    </p>
   </div>
   <div class='ocr_carea' id='block_1_30' title="bbox 1961 1660 3541 1733">
    <p class='ocr_par' dir='ltr' id='par_1_30' title="bbox 1961 1660 3541 1733">
     <span class='ocr_line' id='line_1_30' title="bbox 1961 1660 3541 1733; baseline 0.006 -20"><span class='ocrx_word' id='word_1_236' title='bbox 1961 1660 2041 1714; x_wconf 84' lang='lat' dir='ltr'>Ex</span> <span class='ocrx_word' id='word_1_237' title='bbox 2060 1675 2173 1731; x_wconf 89' lang='lat' dir='ltr'>quo</span> <span class='ocrx_word' id='word_1_238' title='bbox 2187 1660 2384 1725; x_wconf 74' lang='lat' dir='ltr'>dixit,«</span> <span class='ocrx_word' id='word_1_239' title='bbox 2403 1678 2617 1733; x_wconf 80' lang='lat' dir='ltr'>exurge</span> <span class='ocrx_word' id='word_1_240' title='bbox 2631 1662 2896 1733; x_wconf 85' lang='lat' dir='ltr'>Domine,</span> <span class='ocrx_word' id='word_1_241' title='bbox 2914 1687 2934 1715; x_wconf 69' lang='grc' dir='ltr'><strong>ι</strong></span> <span class='ocrx_word' id='word_1_242' title='bbox 2956 1664 3213 1720; x_wconf 87' lang='lat' dir='ltr'>ostendit</span> <span class='ocrx_word' id='word_1_243' title='bbox 3241 1666 3541 1722; x_wconf 84' lang='lat' dir='ltr'>exaltatio-</span> 
     </span>
    </p>
   </div>
   <div class='ocr_carea' id='block_1_31' title="bbox 1891 1747 3543 1822">
    <p class='ocr_par' dir='ltr' id='par_1_31' title="bbox 1891 1747 3543 1822">
     <span class='ocr_line' id='line_1_31' title="bbox 1891 1747 3543 1822; baseline 0.005 -20"><span class='ocrx_word' id='word_1_244' title='bbox 1891 1764 2023 1803; x_wconf 92' lang='lat' dir='ltr'>nem</span> <span class='ocrx_word' id='word_1_245' title='bbox 2039 1747 2601 1815; x_wconf 88' lang='lat' dir='ltr'>divinitatis,dehinc</span> <span class='ocrx_word' id='word_1_246' title='bbox 2632 1752 2887 1806; x_wconf 88' lang='lat' dir='ltr'>ostendit</span> <span class='ocrx_word' id='word_1_247' title='bbox 2909 1753 3204 1822; x_wconf 89' lang='lat' dir='ltr'>judicium</span> <span class='ocrx_word' id='word_1_248' title='bbox 3227 1758 3283 1809; x_wconf 92' lang='lat' dir='ltr'>et</span> <span class='ocrx_word' id='word_1_249' title='bbox 3308 1771 3543 1810; x_wconf 81' lang='lat' dir='ltr'>convcr-</span> 
     </span>
    </p>
   </div>
   <div class='ocr_carea' id='block_1_32' title="bbox 1890 1835 3545 1899">
    <p class='ocr_par' dir='ltr' id='par_1_32' title="bbox 1890 1835 3545 1899">
     <span class='ocr_line' id='line_1_32' title="bbox 1890 1835 3545 1899; baseline 0.006 -10"><span class='ocrx_word' id='word_1_250' title='bbox 1890 1835 1961 1890; x_wconf 89' lang='lat' dir='ltr'>tit</span> <span class='ocrx_word' id='word_1_251' title='bbox 1991 1853 2051 1891; x_wconf 92' lang='lat' dir='ltr'>se</span> <span class='ocrx_word' id='word_1_252' title='bbox 2083 1837 2153 1890; x_wconf 90' lang='lat' dir='ltr'>ad</span> <span class='ocrx_word' id='word_1_253' title='bbox 2176 1853 2315 1891; x_wconf 92' lang='lat' dir='ltr'>nos:</span> <span class='ocrx_word' id='word_1_254' title='bbox 2341 1854 2406 1892; x_wconf 90' lang='lat' dir='ltr'>ac</span> <span class='ocrx_word' id='word_1_255' title='bbox 2445 1837 2492 1891; x_wconf 92' lang='lat' dir='ltr'>si</span> <span class='ocrx_word' id='word_1_256' title='bbox 2532 1838 2784 1894; x_wconf 90' lang='lat' dir='ltr'>diceret:</span> <span class='ocrx_word' id='word_1_257' title='bbox 2811 1840 3096 1896; x_wconf 87' lang='lat' dir='ltr'>Dominus</span> <span class='ocrx_word' id='word_1_258' title='bbox 3128 1842 3212 1897; x_wconf 89' lang='lat' dir='ltr'>sic</span> <span class='ocrx_word' id='word_1_259' title='bbox 3256 1842 3545 1899; x_wconf 84' lang='lat' dir='ltr'>exaltatus</span> 
     </span>
    </p>
   </div>
   <div class='ocr_carea' id='block_1_33' title="bbox 118 1922 3542 2022">
    <p class='ocr_par' dir='ltr' id='par_1_33' title="bbox 118 1922 3542 2022">
     <span class='ocr_line' id='line_1_33' title="bbox 118 1922 3542 2022; baseline 0.001 -39"><span class='ocrx_word' id='word_1_260' title='bbox 118 1927 179 1984; x_wconf 84' lang='lat' dir='ltr'>in</span> <span class='ocrx_word' id='word_1_261' title='bbox 213 1928 495 1984; x_wconf 87' lang='lat' dir='ltr'>manibus</span> <span class='ocrx_word' id='word_1_262' title='bbox 517 1927 685 1995; x_wconf 89' lang='lat' dir='ltr'>meis,</span> <span class='ocrx_word' id='word_1_263' title='bbox 710 1948 739 1977; x_wconf 89' lang='lat'>»</span> <span class='ocrx_word' id='word_1_264' title='bbox 774 1927 832 1981; x_wconf 89' lang='lat' dir='ltr'>id</span> <span class='ocrx_word' id='word_1_265' title='bbox 855 1930 944 1982; x_wconf 91' lang='lat' dir='ltr'>est</span> <span class='ocrx_word' id='word_1_266' title='bbox 973 1927 1034 1980; x_wconf 91' lang='lat' dir='ltr'>in</span> <span class='ocrx_word' id='word_1_267' title='bbox 1056 1925 1331 1997; x_wconf 86' lang='lat' dir='ltr'>operibus</span> <span class='ocrx_word' id='word_1_268' title='bbox 1354 1922 1781 2022; x_wconf 57' lang='lat' dir='ltr'>meis.DeChri-:</span> <span class='ocrx_word' id='word_1_269' title='bbox 1811 1953 1861 2020; x_wconf 83' lang='lat' dir='ltr'><strong>B</strong></span> <span class='ocrx_word' id='word_1_270' title='bbox 1892 1929 1999 1991; x_wconf 91' lang='lat' dir='ltr'>est,</span> <span class='ocrx_word' id='word_1_271' title='bbox 2033 1929 2088 1980; x_wconf 92' lang='lat' dir='ltr'>et</span> <span class='ocrx_word' id='word_1_272' title='bbox 2116 1925 2241 1997; x_wconf 87' lang='lat' dir='ltr'>ipse</span> <span class='ocrx_word' id='word_1_273' title='bbox 2263 1926 2547 1981; x_wconf 88' lang='lat' dir='ltr'>Dominus</span> <span class='ocrx_word' id='word_1_274' title='bbox 2569 1927 2797 1998; x_wconf 89' lang='lat' dir='ltr'>judicat</span> <span class='ocrx_word' id='word_1_275' title='bbox 2828 1928 3109 2000; x_wconf 81' lang='lat' dir='ltr'>populos:</span> <span class='ocrx_word' id='word_1_276' title='bbox 3133 1933 3189 1984; x_wconf 88' lang='lat' dir='ltr'>et</span> <span class='ocrx_word' id='word_1_277' title='bbox 3205 1934 3265 1985; x_wconf 90' lang='lat' dir='ltr'>tu</span> <span class='ocrx_word' id='word_1_278' title='bbox 3298 1954 3319 1980; x_wconf 75' lang='grc' dir='ltr'><strong><em>α</em></strong></span> <span class='ocrx_word' id='word_1_279' title='bbox 3346 1932 3542 1987; x_wconf 82' lang='grc' dir='ltr'>1)οωὶ-</span> 
     </span>
    </p>
   </div>
   <div class='ocr_carea' id='block_1_34' title="bbox 119 2013 1778 2089">
    <p class='ocr_par' dir='ltr' id='par_1_34' title="bbox 119 2013 1778 2089">
     <span class='ocr_line' id='line_1_34' title="bbox 119 2013 1778 2089; baseline -0.005 -17"><span class='ocrx_word' id='word_1_280' title='bbox 119 2019 209 2071; x_wconf 81' lang='lat' dir='ltr'>sto</span> <span class='ocrx_word' id='word_1_281' title='bbox 244 2019 407 2089; x_wconf 87' lang='lat' dir='ltr'>patet</span> <span class='ocrx_word' id='word_1_282' title='bbox 436 2017 590 2088; x_wconf 92' lang='lat' dir='ltr'>quod</span> <span class='ocrx_word' id='word_1_283' title='bbox 623 2014 846 2069; x_wconf 90' lang='lat' dir='ltr'>nullam</span> <span class='ocrx_word' id='word_1_284' title='bbox 890 2014 1098 2068; x_wconf 86' lang='lat' dir='ltr'>habuit</span> <span class='ocrx_word' id='word_1_285' title='bbox 1140 2013 1512 2085; x_wconf 88' lang='lat' dir='ltr'>iniquitatem</span> <span class='ocrx_word' id='word_1_286' title='bbox 1540 2028 1553 2066; x_wconf 91' lang='lat'>:</span> <span class='ocrx_word' id='word_1_287' title='bbox 1588 2013 1778 2065; x_wconf 79' lang='lat' dir='ltr'>caeteri</span> 
     </span>
    </p>
   </div>
   <div class='ocr_carea' id='block_1_35' title="bbox 112 2101 1777 2177">
    <p class='ocr_par' dir='ltr' id='par_1_35' title="bbox 112 2101 1777 2177">
     <span class='ocr_line' id='line_1_35' title="bbox 112 2101 1777 2177; baseline -0.003 -17"><span class='ocrx_word' id='word_1_288' title='bbox 112 2105 364 2176; x_wconf 76' lang='lat' dir='ltr'>justi,et</span> <span class='ocrx_word' id='word_1_289' title='bbox 394 2104 443 2161; x_wconf 90' lang='lat' dir='ltr'>si</span> <span class='ocrx_word' id='word_1_290' title='bbox 465 2103 720 2177; x_wconf 86' lang='lat' dir='ltr'>peccatis</span> <span class='ocrx_word' id='word_1_291' title='bbox 739 2102 905 2158; x_wconf 88' lang='lat' dir='ltr'>vacui</span> <span class='ocrx_word' id='word_1_292' title='bbox 936 2120 1053 2157; x_wconf 90' lang='lat' dir='ltr'>non</span> <span class='ocrx_word' id='word_1_293' title='bbox 1094 2102 1443 2169; x_wconf 84' lang='lat' dir='ltr'>sint,tamen</span> <span class='ocrx_word' id='word_1_294' title='bbox 1490 2101 1548 2155; x_wconf 92' lang='lat' dir='ltr'>in</span> <span class='ocrx_word' id='word_1_295' title='bbox 1583 2116 1777 2172; x_wconf 86' lang='lat' dir='ltr'>perse-</span> 
     </span>
    </p>
   </div>
   <div class='ocr_carea' id='block_1_36' title="bbox 118 2190 1777 2262">
    <p class='ocr_par' dir='ltr' id='par_1_36' title="bbox 118 2190 1777 2262">
     <span class='ocr_line' id='line_1_36' title="bbox 118 2190 1777 2262; baseline -0.003 -14"><span class='ocrx_word' id='word_1_296' title='bbox 118 2192 518 2250; x_wconf 87' lang='lat' dir='ltr'>cutoresnihil</span> <span class='ocrx_word' id='word_1_297' title='bbox 534 2192 932 2248; x_wconf 90' lang='lat' dir='ltr'>committunt.</span> <span class='ocrx_word' id='word_1_298' title='bbox 950 2193 1012 2249; x_wconf 93' lang='lat' dir='ltr'>In</span> <span class='ocrx_word' id='word_1_299' title='bbox 1025 2192 1135 2247; x_wconf 93' lang='lat' dir='ltr'>hoc</span> <span class='ocrx_word' id='word_1_300' title='bbox 1147 2208 1263 2247; x_wconf 90' lang='lat' dir='ltr'>non</span> <span class='ocrx_word' id='word_1_301' title='bbox 1287 2191 1607 2247; x_wconf 87' lang='lat' dir='ltr'>commerui</span> <span class='ocrx_word' id='word_1_302' title='bbox 1622 2190 1777 2262; x_wconf 89' lang='lat' dir='ltr'>quod</span> 
     </span>
    </p>
   </div>
   <div class='ocr_carea' id='block_1_37' title="bbox 118 2279 1780 2356">
    <p class='ocr_par' dir='ltr' id='par_1_37' title="bbox 118 2279 1780 2356">
     <span class='ocr_line' id='line_1_37' title="bbox 118 2279 1780 2356; baseline -0.004 -17"><span class='ocrx_word' id='word_1_303' title='bbox 118 2284 201 2339; x_wconf 85' lang='lat' dir='ltr'>eis</span> <span class='ocrx_word' id='word_1_304' title='bbox 226 2283 397 2356; x_wconf 87' lang='lat' dir='ltr'>prius</span> <span class='ocrx_word' id='word_1_305' title='bbox 418 2282 575 2338; x_wconf 90' lang='lat' dir='ltr'>mala</span> <span class='ocrx_word' id='word_1_306' title='bbox 598 2281 929 2338; x_wconf 90' lang='lat' dir='ltr'>intulissem</span> <span class='ocrx_word' id='word_1_307' title='bbox 956 2298 968 2336; x_wconf 91' lang='lat'>:</span> <span class='ocrx_word' id='word_1_308' title='bbox 992 2299 1097 2337; x_wconf 91' lang='lat' dir='ltr'>nec</span> <span class='ocrx_word' id='word_1_309' title='bbox 1129 2283 1189 2336; x_wconf 89' lang='lat' dir='ltr'>in</span> <span class='ocrx_word' id='word_1_310' title='bbox 1211 2282 1319 2337; x_wconf 93' lang='lat' dir='ltr'>hoc</span> <span class='ocrx_word' id='word_1_311' title='bbox 1342 2282 1496 2354; x_wconf 90' lang='lat' dir='ltr'>quod</span> <span class='ocrx_word' id='word_1_312' title='bbox 1519 2282 1603 2335; x_wconf 91' lang='lat' dir='ltr'>eis</span> <span class='ocrx_word' id='word_1_313' title='bbox 1626 2279 1780 2334; x_wconf 88' lang='lat' dir='ltr'>mala</span> 
     </span>
    </p>
   </div>
   <div class='ocr_carea' id='block_1_38' title="bbox 121 2369 1775 2445">
    <p class='ocr_par' dir='ltr' id='par_1_38' title="bbox 121 2369 1775 2445">
     <span class='ocr_line' id='line_1_38' title="bbox 121 2369 1775 2445; baseline -0.003 -17"><span class='ocrx_word' id='word_1_314' title='bbox 121 2388 223 2445; x_wconf 86' lang='lat' dir='ltr'>pro</span> <span class='ocrx_word' id='word_1_315' title='bbox 256 2371 435 2427; x_wconf 90' lang='lat' dir='ltr'>malis</span> <span class='ocrx_word' id='word_1_316' title='bbox 483 2371 893 2441; x_wconf 89' lang='lat' dir='ltr'>reddidissem,</span> <span class='ocrx_word' id='word_1_317' title='bbox 925 2374 981 2427; x_wconf 88' lang='lat' dir='ltr'>et</span> <span class='ocrx_word' id='word_1_318' title='bbox 1030 2371 1140 2426; x_wconf 90' lang='lat' dir='ltr'>hoc</span> <span class='ocrx_word' id='word_1_319' title='bbox 1189 2375 1279 2426; x_wconf 91' lang='lat' dir='ltr'>est</span> <span class='ocrx_word' id='word_1_320' title='bbox 1326 2371 1479 2442; x_wconf 87' lang='lat' dir='ltr'>quod</span> <span class='ocrx_word' id='word_1_321' title='bbox 1529 2369 1775 2425; x_wconf 84' lang='lat' dir='ltr'>subdit:</span> 
     </span>
    </p>
   </div>
   <div class='ocr_carea' id='block_1_39' title="bbox 126 2456 1780 2516">
    <p class='ocr_par' dir='ltr' id='par_1_39' title="bbox 126 2456 1780 2516">
     <span class='ocr_line' id='line_1_39' title="bbox 126 2456 1780 2516; baseline 0 -3"><span class='ocrx_word' id='word_1_322' title='bbox 126 2479 151 2513; x_wconf 77' lang='grc' dir='ltr'>ι</span> <span class='ocrx_word' id='word_1_323' title='bbox 184 2461 235 2516; x_wconf 90' lang='lat' dir='ltr'>si</span> <span class='ocrx_word' id='word_1_324' title='bbox 268 2460 498 2516; x_wconf 87' lang='lat' dir='ltr'>reddidi</span> <span class='ocrx_word' id='word_1_325' title='bbox 526 2460 988 2515; x_wconf 89' lang='lat' dir='ltr'>retribuentibus</span> <span class='ocrx_word' id='word_1_326' title='bbox 1018 2459 1165 2515; x_wconf 89' lang='lat' dir='ltr'>mihi</span> <span class='ocrx_word' id='word_1_327' title='bbox 1201 2459 1375 2515; x_wconf 86' lang='lat' dir='ltr'>mala.</span> <span class='ocrx_word' id='word_1_328' title='bbox 1405 2484 1425 2511; x_wconf 67' lang='grc' dir='ltr'><strong>υ</strong></span> <span class='ocrx_word' id='word_1_329' title='bbox 1459 2460 1603 2514; x_wconf 89' lang='lat' dir='ltr'>Cum</span> <span class='ocrx_word' id='word_1_330' title='bbox 1638 2456 1780 2514; x_wconf 89' lang='lat' dir='ltr'>dicit</span> 
     </span>
    </p>
   </div>
   <div class='ocr_carea' id='block_1_40' title="bbox 124 2547 1781 2620">
    <p class='ocr_par' dir='ltr' id='par_1_40' title="bbox 124 2547 1781 2620">
     <span class='ocr_line' id='line_1_40' title="bbox 124 2547 1781 2620; baseline -0.004 -13"><span class='ocrx_word' id='word_1_331' title='bbox 124 2549 611 2615; x_wconf 85' lang='lat' dir='ltr'>retribuentibus,</span> <span class='ocrx_word' id='word_1_332' title='bbox 638 2553 809 2604; x_wconf 90' lang='lat' dir='ltr'>notat</span> <span class='ocrx_word' id='word_1_333' title='bbox 838 2566 898 2604; x_wconf 91' lang='lat' dir='ltr'>se</span> <span class='ocrx_word' id='word_1_334' title='bbox 930 2550 1003 2604; x_wconf 92' lang='lat' dir='ltr'>ab</span> <span class='ocrx_word' id='word_1_335' title='bbox 1035 2548 1153 2604; x_wconf 90' lang='lat' dir='ltr'>illis</span> <span class='ocrx_word' id='word_1_336' title='bbox 1175 2547 1332 2604; x_wconf 80' lang='lat' dir='ltr'>mala</span> <span class='ocrx_word' id='word_1_337' title='bbox 1354 2549 1628 2620; x_wconf 82' lang='lat' dir='ltr'>recipere,</span> <span class='ocrx_word' id='word_1_338' title='bbox 1657 2547 1781 2620; x_wconf 90' lang='lat' dir='ltr'>qui-</span> 
     </span>
    </p>
   </div>
   <div class='ocr_carea' id='block_1_41' title="bbox 125 2637 1782 2711">
    <p class='ocr_par' dir='ltr' id='par_1_41' title="bbox 125 2637 1782 2711">
     <span class='ocr_line' id='line_1_41' title="bbox 125 2637 1782 2711; baseline -0.002 -16"><span class='ocrx_word' id='word_1_339' title='bbox 125 2640 235 2695; x_wconf 84' lang='lat' dir='ltr'>bus</span> <span class='ocrx_word' id='word_1_340' title='bbox 267 2637 504 2711; x_wconf 89' lang='lat' dir='ltr'>pietatis</span> <span class='ocrx_word' id='word_1_341' title='bbox 535 2637 795 2693; x_wconf 82' lang='lat' dir='ltr'>ofﬁcium</span> <span class='ocrx_word' id='word_1_342' title='bbox 827 2638 1211 2711; x_wconf 89' lang='lat' dir='ltr'>impenderat.</span> <span class='ocrx_word' id='word_1_343' title='bbox 1229 2638 1334 2691; x_wconf 90' lang='lat' dir='ltr'>Per</span> <span class='ocrx_word' id='word_1_344' title='bbox 1348 2638 1468 2692; x_wconf 76' lang='lat' dir='ltr'>haec</span> <span class='ocrx_word' id='word_1_345' title='bbox 1490 2637 1782 2705; x_wconf 90' lang='lat' dir='ltr'>omnia,ct</span> 
     </span>
    </p>
   </div>
   <div class='ocr_carea' id='block_1_42' title="bbox 125 2726 1780 2799">
    <p class='ocr_par' dir='ltr' id='par_1_42' title="bbox 125 2726 1780 2799">
     <span class='ocr_line' id='line_1_42' title="bbox 125 2726 1780 2799; baseline -0.001 -16"><span class='ocrx_word' id='word_1_346' title='bbox 125 2728 219 2784; x_wconf 88' lang='lat' dir='ltr'>hic</span> <span class='ocrx_word' id='word_1_347' title='bbox 239 2727 496 2783; x_wconf 81' lang='lat' dir='ltr'>maxime</span> <span class='ocrx_word' id='word_1_348' title='bbox 512 2743 680 2783; x_wconf 89' lang='lat' dir='ltr'>suam</span> <span class='ocrx_word' id='word_1_349' title='bbox 696 2728 1067 2782; x_wconf 86' lang='lat' dir='ltr'>commendat</span> <span class='ocrx_word' id='word_1_350' title='bbox 1088 2726 1451 2799; x_wconf 87' lang='lat' dir='ltr'>patientiam.</span> <span class='ocrx_word' id='word_1_351' title='bbox 1472 2749 1496 2776; x_wconf 87' lang='grc'>‹‹</span> <span class='ocrx_word' id='word_1_352' title='bbox 1524 2727 1582 2783; x_wconf 93' lang='lat' dir='ltr'>Si</span> <span class='ocrx_word' id='word_1_353' title='bbox 1612 2749 1631 2775; x_wconf 68' lang='grc' dir='ltr'><strong><em>η</em></strong></span> <span class='ocrx_word' id='word_1_354' title='bbox 1658 2727 1780 2782; x_wconf 67' lang='lat' dir='ltr'>haec</span> 
     </span>
    </p>
   </div>
   <div class='ocr_carea' id='block_1_43' title="bbox 130 2814 1782 2883">
    <p class='ocr_par' dir='ltr' id='par_1_43' title="bbox 130 2814 1782 2883">
     <span class='ocr_line' id='line_1_43' title="bbox 130 2814 1782 2883; baseline 0 -13"><span class='ocrx_word' id='word_1_355' title='bbox 130 2838 158 2867; x_wconf 76' lang='grc' dir='ltr'><strong>α</strong></span> <span class='ocrx_word' id='word_1_356' title='bbox 187 2817 318 2882; x_wconf 82' lang='lat' dir='ltr'>feci,</span> <span class='ocrx_word' id='word_1_357' title='bbox 343 2815 609 2871; x_wconf 90' lang='lat' dir='ltr'>decidam</span> <span class='ocrx_word' id='word_1_358' title='bbox 633 2815 905 2883; x_wconf 90' lang='lat' dir='ltr'>merito,»</span> <span class='ocrx_word' id='word_1_359' title='bbox 938 2815 996 2871; x_wconf 93' lang='lat' dir='ltr'>id</span> <span class='ocrx_word' id='word_1_360' title='bbox 1019 2819 1108 2870; x_wconf 91' lang='lat' dir='ltr'>est</span> <span class='ocrx_word' id='word_1_361' title='bbox 1135 2814 1336 2871; x_wconf 87' lang='lat' dir='ltr'>vincar</span> <span class='ocrx_word' id='word_1_362' title='bbox 1370 2839 1396 2867; x_wconf 86' lang='grc'><strong>‹‹</strong></span> <span class='ocrx_word' id='word_1_363' title='bbox 1421 2816 1493 2870; x_wconf 86' lang='lat' dir='ltr'>ab</span> <span class='ocrx_word' id='word_1_364' title='bbox 1525 2815 1782 2871; x_wconf 91' lang='lat' dir='ltr'>inimicis</span> 
     </span>
    </p>
   </div>
   <div class='ocr_carea' id='block_1_44' title="bbox 131 2905 1784 2978">
    <p class='ocr_par' dir='ltr' id='par_1_44' title="bbox 131 2905 1784 2978">
     <span class='ocr_line' id='line_1_44' title="bbox 131 2905 1784 2978; baseline 0 -17"><span class='ocrx_word' id='word_1_365' title='bbox 131 2906 274 2962; x_wconf 86' lang='lat' dir='ltr'>meis</span> <span class='ocrx_word' id='word_1_366' title='bbox 304 2905 571 2973; x_wconf 91' lang='lat' dir='ltr'>inanis,»</span> <span class='ocrx_word' id='word_1_367' title='bbox 604 2906 664 2960; x_wconf 92' lang='lat' dir='ltr'>id</span> <span class='ocrx_word' id='word_1_368' title='bbox 695 2910 784 2961; x_wconf 91' lang='lat' dir='ltr'>est</span> <span class='ocrx_word' id='word_1_369' title='bbox 816 2905 1049 2961; x_wconf 91' lang='lat' dir='ltr'>nullum</span> <span class='ocrx_word' id='word_1_370' title='bbox 1081 2905 1368 2978; x_wconf 85' lang='lat' dir='ltr'>recipiens</span> <span class='ocrx_word' id='word_1_371' title='bbox 1399 2906 1654 2960; x_wconf 88' lang='lat' dir='ltr'>fructum</span> <span class='ocrx_word' id='word_1_372' title='bbox 1688 2923 1784 2978; x_wconf 90' lang='lat' dir='ltr'>pa-</span> 
     </span>
    </p>
   </div>
   <div class='ocr_carea' id='block_1_45' title="bbox 130 2995 1783 3068">
    <p class='ocr_par' dir='ltr' id='par_1_45' title="bbox 130 2995 1783 3068">
     <span class='ocr_line' id='line_1_45' title="bbox 130 2995 1783 3068; baseline -0.001 -17"><span class='ocrx_word' id='word_1_373' title='bbox 130 2996 365 3063; x_wconf 74' lang='lat' dir='ltr'>tientize,</span> <span class='ocrx_word' id='word_1_374' title='bbox 400 2996 556 3068; x_wconf 89' lang='lat' dir='ltr'>quod</span> <span class='ocrx_word' id='word_1_375' title='bbox 590 2996 798 3051; x_wconf 90' lang='lat' dir='ltr'>merito</span> <span class='ocrx_word' id='word_1_376' title='bbox 848 2995 991 3050; x_wconf 93' lang='lat' dir='ltr'>mihi</span> <span class='ocrx_word' id='word_1_377' title='bbox 1043 2996 1283 3051; x_wconf 86' lang='lat' dir='ltr'>eveniet.</span> <span class='ocrx_word' id='word_1_378' title='bbox 1320 2995 1421 3050; x_wconf 89' lang='lat' dir='ltr'>Vel</span> <span class='ocrx_word' id='word_1_379' title='bbox 1467 2995 1661 3050; x_wconf 89' lang='lat' dir='ltr'>inanis</span> <span class='ocrx_word' id='word_1_380' title='bbox 1710 2995 1783 3049; x_wconf 90' lang='lat' dir='ltr'>ab</span> 
     </span>
    </p>
   </div>
   <div class='ocr_carea' id='block_1_46' title="bbox 130 3083 1785 3156">
    <p class='ocr_par' dir='ltr' id='par_1_46' title="bbox 130 3083 1785 3156">
     <span class='ocr_line' id='line_1_46' title="bbox 130 3083 1785 3156; baseline 0 -18"><span class='ocrx_word' id='word_1_381' title='bbox 130 3083 409 3156; x_wconf 90' lang='lat' dir='ltr'>inimicis,</span> <span class='ocrx_word' id='word_1_382' title='bbox 442 3084 501 3139; x_wconf 91' lang='lat' dir='ltr'>id</span> <span class='ocrx_word' id='word_1_383' title='bbox 547 3088 637 3141; x_wconf 88' lang='lat' dir='ltr'>est</span> <span class='ocrx_word' id='word_1_384' title='bbox 684 3085 1024 3152; x_wconf 90' lang='lat' dir='ltr'>frustratus,</span> <span class='ocrx_word' id='word_1_385' title='bbox 1078 3083 1308 3139; x_wconf 90' lang='lat' dir='ltr'>nullum</span> <span class='ocrx_word' id='word_1_386' title='bbox 1358 3083 1667 3156; x_wconf 89' lang='lat' dir='ltr'>acquirens</span> <span class='ocrx_word' id='word_1_387' title='bbox 1713 3083 1785 3138; x_wconf 92' lang='lat' dir='ltr'>de</span> 
     </span>
    </p>
   </div>
   <div class='ocr_carea' id='block_1_47' title="bbox 128 3170 406 3227">
    <p class='ocr_par' dir='ltr' id='par_1_47' title="bbox 128 3170 406 3227">
     <span class='ocr_line' id='line_1_47' title="bbox 128 3170 406 3227; baseline 0.007 -3"><span class='ocrx_word' id='word_1_388' title='bbox 128 3170 406 3227; x_wconf 87' lang='lat' dir='ltr'>inimicis.</span> 
     </span>
    </p>
   </div>
   <div class='ocr_carea' id='block_1_48' title="bbox 197 3260 1780 3331">
    <p class='ocr_par' dir='ltr' id='par_1_48' title="bbox 197 3260 1780 3331">
     <span class='ocr_line' id='line_1_48' title="bbox 197 3260 1780 3331; baseline 0.001 -15"><span class='ocrx_word' id='word_1_389' title='bbox 197 3261 414 3316; x_wconf 71' lang='lat' dir='ltr'>Praeter</span> <span class='ocrx_word' id='word_1_390' title='bbox 441 3261 551 3317; x_wconf 97' lang='grc'>1100</span> <span class='ocrx_word' id='word_1_391' title='bbox 582 3262 954 3331; x_wconf 89' lang='lat' dir='ltr'>malum,hoc</span> <span class='ocrx_word' id='word_1_392' title='bbox 986 3262 1162 3317; x_wconf 88' lang='lat' dir='ltr'>etiam</span> <span class='ocrx_word' id='word_1_393' title='bbox 1196 3261 1339 3316; x_wconf 89' lang='lat' dir='ltr'>mihi</span> <span class='ocrx_word' id='word_1_394' title='bbox 1360 3260 1519 3316; x_wconf 87' lang='lat' dir='ltr'>aliud</span> <span class='ocrx_word' id='word_1_395' title='bbox 1536 3262 1780 3330; x_wconf 87' lang='lat' dir='ltr'>eveniat,</span> 
     </span>
    </p>
   </div>
   <div class='ocr_carea' id='block_1_49' title="bbox 1892 2014 3541 2085">
    <p class='ocr_par' dir='ltr' id='par_1_49' title="bbox 1892 2014 3541 2085">
     <span class='ocr_line' id='line_1_49' title="bbox 1892 2014 3541 2085; baseline 0.005 -18"><span class='ocrx_word' id='word_1_396' title='bbox 1892 2014 2204 2085; x_wconf 90' lang='lat' dir='ltr'>ne.judica</span> <span class='ocrx_word' id='word_1_397' title='bbox 2234 2032 2328 2070; x_wconf 92' lang='lat' dir='ltr'>me</span> <span class='ocrx_word' id='word_1_398' title='bbox 2368 2017 2693 2072; x_wconf 89' lang='lat' dir='ltr'>secundum</span> <span class='ocrx_word' id='word_1_399' title='bbox 2724 2016 3120 2074; x_wconf 87' lang='lat' dir='ltr'>innocentiam</span> <span class='ocrx_word' id='word_1_400' title='bbox 3172 2037 3384 2085; x_wconf 88' lang='lat' dir='ltr'>meam,</span> <span class='ocrx_word' id='word_1_401' title='bbox 3420 2041 3445 2072; x_wconf 84' lang='grc'>1)</span> <span class='ocrx_word' id='word_1_402' title='bbox 3483 2022 3541 2076; x_wconf 93' lang='lat' dir='ltr'>id</span> 
     </span>
    </p>
   </div>
   <div class='ocr_carea' id='block_1_50' title="bbox 1887 2105 3547 2178">
    <p class='ocr_par' dir='ltr' id='par_1_50' title="bbox 1887 2105 3547 2178">
     <span class='ocr_line' id='line_1_50' title="bbox 1887 2105 3547 2178; baseline 0.005 -21"><span class='ocrx_word' id='word_1_403' title='bbox 1887 2106 1997 2168; x_wconf 86' lang='lat' dir='ltr'>est,</span> <span class='ocrx_word' id='word_1_404' title='bbox 2019 2105 2344 2159; x_wconf 89' lang='lat' dir='ltr'>secundum</span> <span class='ocrx_word' id='word_1_405' title='bbox 2368 2106 2521 2160; x_wconf 90' lang='lat' dir='ltr'>bona</span> <span class='ocrx_word' id='word_1_406' title='bbox 2541 2123 2717 2178; x_wconf 86' lang='lat' dir='ltr'>opera</span> <span class='ocrx_word' id='word_1_407' title='bbox 2748 2123 2879 2161; x_wconf 87' lang='lat' dir='ltr'>mea</span> <span class='ocrx_word' id='word_1_408' title='bbox 2903 2130 2927 2160; x_wconf 79' lang='grc' dir='ltr'>(ι</span> <span class='ocrx_word' id='word_1_409' title='bbox 2951 2112 3007 2163; x_wconf 84' lang='grc'>01</span> <span class='ocrx_word' id='word_1_410' title='bbox 3038 2110 3364 2164; x_wconf 92' lang='lat' dir='ltr'>secundum</span> <span class='ocrx_word' id='word_1_411' title='bbox 3385 2110 3547 2166; x_wconf 91' lang='lat' dir='ltr'>inno-</span> 
     </span>
    </p>
   </div>
   <div class='ocr_carea' id='block_1_51' title="bbox 1890 2192 3548 2271">
    <p class='ocr_par' dir='ltr' id='par_1_51' title="bbox 1890 2192 3548 2271">
     <span class='ocr_line' id='line_1_51' title="bbox 1890 2192 3548 2271; baseline 0.005 -25"><span class='ocrx_word' id='word_1_412' title='bbox 1890 2192 2164 2258; x_wconf 87' lang='lat' dir='ltr'>centiam,</span> <span class='ocrx_word' id='word_1_413' title='bbox 2194 2213 2220 2243; x_wconf 73' lang='grc'><strong>»</strong></span> <span class='ocrx_word' id='word_1_414' title='bbox 2263 2194 2503 2259; x_wconf 88' lang='lat' dir='ltr'>scilicet,</span> <span class='ocrx_word' id='word_1_415' title='bbox 2538 2196 2693 2267; x_wconf 90' lang='lat' dir='ltr'>quod</span> <span class='ocrx_word' id='word_1_416' title='bbox 2744 2195 2876 2251; x_wconf 88' lang='lat' dir='ltr'>aliis</span> <span class='ocrx_word' id='word_1_417' title='bbox 2927 2213 3043 2252; x_wconf 89' lang='lat' dir='ltr'>non</span> <span class='ocrx_word' id='word_1_418' title='bbox 3076 2198 3271 2261; x_wconf 87' lang='lat' dir='ltr'>nocui,</span> <span class='ocrx_word' id='word_1_419' title='bbox 3311 2220 3337 2251; x_wconf 77' lang='grc' dir='ltr'>α</span> <span class='ocrx_word' id='word_1_420' title='bbox 3369 2216 3548 2271; x_wconf 87' lang='lat' dir='ltr'>super</span> 
     </span>
    </p>
   </div>
   <div class='ocr_carea' id='block_1_52' title="bbox 1890 2282 3041 2355">
    <p class='ocr_par' dir='ltr' id='par_1_52' title="bbox 1890 2282 3041 2355">
     <span class='ocr_line' id='line_1_52' title="bbox 1890 2282 3041 2355; baseline 0.005 -20"><span class='ocrx_word' id='word_1_421' title='bbox 1890 2297 2002 2349; x_wconf 89' lang='lat' dir='ltr'>me,</span> <span class='ocrx_word' id='word_1_422' title='bbox 2036 2302 2061 2332; x_wconf 76' lang='grc' dir='ltr'><strong><em>η</em></strong></span> <span class='ocrx_word' id='word_1_423' title='bbox 2102 2282 2158 2338; x_wconf 88' lang='lat' dir='ltr'>id</span> <span class='ocrx_word' id='word_1_424' title='bbox 2192 2289 2299 2350; x_wconf 85' lang='lat' dir='ltr'>est,</span> <span class='ocrx_word' id='word_1_425' title='bbox 2337 2303 2371 2339; x_wconf 89' lang='lat' dir='ltr'>a</span> <span class='ocrx_word' id='word_1_426' title='bbox 2402 2284 2673 2355; x_wconf 88' lang='lat' dir='ltr'>supernis</span> <span class='ocrx_word' id='word_1_427' title='bbox 2706 2285 2852 2339; x_wconf 89' lang='lat' dir='ltr'>mihi</span> <span class='ocrx_word' id='word_1_428' title='bbox 2885 2286 3041 2342; x_wconf 88' lang='lat' dir='ltr'>data.</span> 
     </span>
    </p>
   </div>
   <div class='ocr_carea' id='block_1_53' title="bbox 1964 2371 3548 2450">
    <p class='ocr_par' dir='ltr' id='par_1_53' title="bbox 1964 2371 3548 2450">
     <span class='ocr_line' id='line_1_53' title="bbox 1964 2371 3548 2450; baseline 0.003 -23"><span class='ocrx_word' id='word_1_429' title='bbox 1964 2392 1990 2420; x_wconf 86' lang='grc'>‹‹</span> <span class='ocrx_word' id='word_1_430' title='bbox 2022 2371 2232 2427; x_wconf 87' lang='lat' dir='ltr'>Judica</span> <span class='ocrx_word' id='word_1_431' title='bbox 2262 2389 2355 2428; x_wconf 91' lang='lat' dir='ltr'>me</span> <span class='ocrx_word' id='word_1_432' title='bbox 2379 2392 2403 2423; x_wconf 72' lang='grc' dir='ltr'><strong><em>η</em></strong></span> <span class='ocrx_word' id='word_1_433' title='bbox 2434 2373 2655 2439; x_wconf 91' lang='lat' dir='ltr'>dico,et</span> <span class='ocrx_word' id='word_1_434' title='bbox 2693 2378 3091 2444; x_wconf 86' lang='lat' dir='ltr'>consumetur,</span> <span class='ocrx_word' id='word_1_435' title='bbox 3112 2396 3138 2426; x_wconf 76' lang='grc'>11</span> <span class='ocrx_word' id='word_1_436' title='bbox 3165 2376 3224 2431; x_wconf 92' lang='lat' dir='ltr'>id</span> <span class='ocrx_word' id='word_1_437' title='bbox 3247 2380 3355 2443; x_wconf 91' lang='grc'>081,</span> <span class='ocrx_word' id='word_1_438' title='bbox 3382 2378 3548 2450; x_wconf 82' lang='lat' dir='ltr'>perfl-</span> 
     </span>
    </p>
   </div>
   <div class='ocr_carea' id='block_1_54' title="bbox 1889 2452 3550 2538">
    <p class='ocr_par' dir='ltr' id='par_1_54' title="bbox 1889 2452 3550 2538">
     <span class='ocr_line' id='line_1_54' title="bbox 1889 2452 3550 2538; baseline 0.006 -26"><span class='ocrx_word' id='word_1_439' title='bbox 1889 2458 2074 2514; x_wconf 89' lang='lat' dir='ltr'>cietur</span> <span class='ocrx_word' id='word_1_440' title='bbox 2088 2459 2144 2514; x_wconf 91' lang='lat' dir='ltr'>in</span> <span class='ocrx_word' id='word_1_441' title='bbox 2162 2462 2515 2532; x_wconf 87' lang='lat' dir='ltr'>mejusto,ut</span> <span class='ocrx_word' id='word_1_442' title='bbox 2528 2480 2619 2518; x_wconf 91' lang='lat' dir='ltr'>me</span> <span class='ocrx_word' id='word_1_443' title='bbox 2634 2465 2959 2519; x_wconf 87' lang='lat' dir='ltr'>secundum</span> <span class='ocrx_word' id='word_1_444' title='bbox 2974 2452 3550 2538; x_wconf 31' lang='lat' dir='ltr'>voluntatem‘nequi.</span> 
     </span>
    </p>
   </div>
   <div class='ocr_carea' id='block_1_55' title="bbox 1889 2548 3547 2628">
    <p class='ocr_par' dir='ltr' id='par_1_55' title="bbox 1889 2548 3547 2628">
     <span class='ocr_line' id='line_1_55' title="bbox 1889 2548 3547 2628; baseline 0.005 -26"><span class='ocrx_word' id='word_1_445' title='bbox 1889 2548 1983 2602; x_wconf 62' lang='lat' dir='ltr'>tia;</span> <span class='ocrx_word' id='word_1_446' title='bbox 2006 2566 2123 2604; x_wconf 64' lang='lat' dir='ltr'>sure</span> <span class='ocrx_word' id='word_1_447' title='bbox 2145 2551 2405 2606; x_wconf 90' lang='lat' dir='ltr'>crucient</span> <span class='ocrx_word' id='word_1_448' title='bbox 2433 2571 2459 2603; x_wconf 71' lang='grc' dir='ltr'>α</span> <span class='ocrx_word' id='word_1_449' title='bbox 2478 2551 2742 2624; x_wconf 84' lang='lat' dir='ltr'>nequitia</span> <span class='ocrx_word' id='word_1_450' title='bbox 2764 2558 3134 2624; x_wconf 85' lang='lat' dir='ltr'>peccatorum</span> <span class='ocrx_word' id='word_1_451' title='bbox 3163 2578 3184 2604; x_wconf 72' lang='grc'>11</span> <span class='ocrx_word' id='word_1_452' title='bbox 3212 2560 3269 2611; x_wconf 84' lang='grc'>01</span> <span class='ocrx_word' id='word_1_453' title='bbox 3303 2573 3405 2628; x_wconf 91' lang='lat' dir='ltr'>per</span> <span class='ocrx_word' id='word_1_454' title='bbox 3438 2556 3547 2611; x_wconf 90' lang='lat' dir='ltr'>hoc</span> 
     </span>
    </p>
   </div>
   <div class='ocr_carea' id='block_1_56' title="bbox 1894 2637 3551 2716">
    <p class='ocr_par' dir='ltr' id='par_1_56' title="bbox 1894 2637 3551 2716">
     <span class='ocr_line' id='line_1_56' title="bbox 1894 2637 3551 2716; baseline 0.008 -29"><span class='ocrx_word' id='word_1_455' title='bbox 1894 2658 1922 2687; x_wconf 85' lang='lat'><strong><em>«</em></strong></span> <span class='ocrx_word' id='word_1_456' title='bbox 1954 2637 2171 2709; x_wconf 83' lang='lat' dir='ltr'>diriges</span> <span class='ocrx_word' id='word_1_457' title='bbox 2195 2640 2426 2710; x_wconf 89' lang='lat' dir='ltr'>justum</span> <span class='ocrx_word' id='word_1_458' title='bbox 2460 2663 2487 2691; x_wconf 90' lang='lat'>»</span> <span class='ocrx_word' id='word_1_459' title='bbox 2523 2643 2594 2695; x_wconf 91' lang='lat' dir='ltr'>ad</span> <span class='ocrx_word' id='word_1_460' title='bbox 2620 2646 2696 2696; x_wconf 89' lang='lat' dir='ltr'>te.</span> <span class='ocrx_word' id='word_1_461' title='bbox 2724 2644 2788 2697; x_wconf 82' lang='lat' dir='ltr'>In</span> <span class='ocrx_word' id='word_1_462' title='bbox 2812 2642 2919 2697; x_wconf 87' lang='lat' dir='ltr'>hoc</span> <span class='ocrx_word' id='word_1_463' title='bbox 2940 2660 3110 2697; x_wconf 85' lang='lat' dir='ltr'>versu</span> <span class='ocrx_word' id='word_1_464' title='bbox 3136 2647 3372 2699; x_wconf 86' lang='lat' dir='ltr'>notatur</span> <span class='ocrx_word' id='word_1_465' title='bbox 3390 2645 3551 2716; x_wconf 83' lang='lat' dir='ltr'>judi-</span> 
     </span>
    </p>
   </div>
   <div class='ocr_carea' id='block_1_57' title="bbox 1891 2727 3547 2803">
    <p class='ocr_par' dir='ltr' id='par_1_57' title="bbox 1891 2727 3547 2803">
     <span class='ocr_line' id='line_1_57' title="bbox 1891 2727 3547 2803; baseline 0.004 -22"><span class='ocrx_word' id='word_1_466' title='bbox 1891 2727 2049 2782; x_wconf 90' lang='lat' dir='ltr'>cium</span> <span class='ocrx_word' id='word_1_467' title='bbox 2072 2729 2220 2797; x_wconf 87' lang='lat' dir='ltr'>justi</span> <span class='ocrx_word' id='word_1_468' title='bbox 2256 2733 2312 2783; x_wconf 89' lang='lat' dir='ltr'>et</span> <span class='ocrx_word' id='word_1_469' title='bbox 2342 2728 2707 2801; x_wconf 89' lang='lat' dir='ltr'>impii.Quod</span> <span class='ocrx_word' id='word_1_470' title='bbox 2739 2731 2896 2786; x_wconf 90' lang='lat' dir='ltr'>enim</span> <span class='ocrx_word' id='word_1_471' title='bbox 2923 2731 3084 2799; x_wconf 89' lang='lat' dir='ltr'>dicit,</span> <span class='ocrx_word' id='word_1_472' title='bbox 3111 2734 3177 2787; x_wconf 87' lang='lat' dir='ltr'>ut</span> <span class='ocrx_word' id='word_1_473' title='bbox 3212 2736 3547 2803; x_wconf 88' lang='lat' dir='ltr'>peccatores</span> 
     </span>
    </p>
   </div>
   <div class='ocr_carea' id='block_1_58' title="bbox 1893 2818 3545 2892">
    <p class='ocr_par' dir='ltr' id='par_1_58' title="bbox 1893 2818 3545 2892">
     <span class='ocr_line' id='line_1_58' title="bbox 1893 2818 3545 2892; baseline 0.003 -21"><span class='ocrx_word' id='word_1_474' title='bbox 1893 2820 2245 2872; x_wconf 88' lang='lat' dir='ltr'>consumant</span> <span class='ocrx_word' id='word_1_475' title='bbox 2264 2818 2588 2890; x_wconf 86' lang='lat' dir='ltr'>nequitiam</span> <span class='ocrx_word' id='word_1_476' title='bbox 2621 2837 2811 2885; x_wconf 90' lang='lat' dir='ltr'>suam,</span> <span class='ocrx_word' id='word_1_477' title='bbox 2836 2818 2893 2873; x_wconf 91' lang='lat' dir='ltr'>in</span> <span class='ocrx_word' id='word_1_478' title='bbox 2930 2819 3306 2890; x_wconf 88' lang='lat' dir='ltr'>eojudicium</span> <span class='ocrx_word' id='word_1_479' title='bbox 3338 2838 3545 2892; x_wconf 90' lang='lat' dir='ltr'>pecca—</span> 
     </span>
    </p>
   </div>
   <div class='ocr_carea' id='block_1_59' title="bbox 1890 2905 3545 2978">
    <p class='ocr_par' dir='ltr' id='par_1_59' title="bbox 1890 2905 3545 2978">
     <span class='ocr_line' id='line_1_59' title="bbox 1890 2905 3545 2978; baseline 0.001 -18"><span class='ocrx_word' id='word_1_480' title='bbox 1890 2908 2085 2960; x_wconf 88' lang='lat' dir='ltr'>torum</span> <span class='ocrx_word' id='word_1_481' title='bbox 2118 2905 2466 2960; x_wconf 89' lang='lat' dir='ltr'>ostenditur.</span> <span class='ocrx_word' id='word_1_482' title='bbox 2497 2906 2733 2961; x_wconf 89' lang='lat' dir='ltr'>Justum</span> <span class='ocrx_word' id='word_1_483' title='bbox 2765 2905 2921 2961; x_wconf 91' lang='lat' dir='ltr'>enim</span> <span class='ocrx_word' id='word_1_484' title='bbox 2944 2910 3124 2973; x_wconf 86' lang='lat' dir='ltr'>est,ut</span> <span class='ocrx_word' id='word_1_485' title='bbox 3150 2930 3170 2955; x_wconf 82' lang='grc'>‹‹</span> <span class='ocrx_word' id='word_1_486' title='bbox 3197 2907 3295 2978; x_wconf 88' lang='lat' dir='ltr'>qui</span> <span class='ocrx_word' id='word_1_487' title='bbox 3330 2907 3388 2961; x_wconf 91' lang='lat' dir='ltr'>in</span> <span class='ocrx_word' id='word_1_488' title='bbox 3421 2924 3545 2962; x_wconf 89' lang='lat' dir='ltr'>sor-</span> 
     </span>
    </p>
   </div>
   <div class='ocr_carea' id='block_1_60' title="bbox 1894 2993 3549 3064">
    <p class='ocr_par' dir='ltr' id='par_1_60' title="bbox 1894 2993 3549 3064">
     <span class='ocr_line' id='line_1_60' title="bbox 1894 2993 3549 3064; baseline 0.001 -16"><span class='ocrx_word' id='word_1_489' title='bbox 1894 2993 2068 3049; x_wconf 91' lang='lat' dir='ltr'>dibus</span> <span class='ocrx_word' id='word_1_490' title='bbox 2090 2995 2504 3059; x_wconf 86' lang='lat' dir='ltr'>cst,sordescat</span> <span class='ocrx_word' id='word_1_491' title='bbox 2532 2994 2743 3049; x_wconf 91' lang='lat' dir='ltr'>adhuc.</span> <span class='ocrx_word' id='word_1_492' title='bbox 2767 2995 2947 3064; x_wconf 81' lang='lat' dir='ltr'>(Apoc.</span> <span class='ocrx_word' id='word_1_493' title='bbox 2984 2998 3142 3062; x_wconf 79' lang='lat' dir='ltr'>xm).</span> <span class='ocrx_word' id='word_1_494' title='bbox 3163 3016 3190 3045; x_wconf 92' lang='lat'>»</span> <span class='ocrx_word' id='word_1_495' title='bbox 3217 2997 3362 3049; x_wconf 91' lang='lat' dir='ltr'>Cum</span> <span class='ocrx_word' id='word_1_496' title='bbox 3407 2995 3549 3050; x_wconf 89' lang='lat' dir='ltr'>dicit</span> 
     </span>
    </p>
   </div>
   <div class='ocr_carea' id='block_1_61' title="bbox 1895 3082 3543 3155">
    <p class='ocr_par' dir='ltr' id='par_1_61' title="bbox 1895 3082 3543 3155">
     <span class='ocr_line' id='line_1_61' title="bbox 1895 3082 3543 3155; baseline 0.001 -19"><span class='ocrx_word' id='word_1_497' title='bbox 1895 3086 2027 3154; x_wconf 91' lang='lat' dir='ltr'>post</span> <span class='ocrx_word' id='word_1_498' title='bbox 2048 3082 2367 3153; x_wconf 86' lang='lat' dir='ltr'>nequitiam</span> <span class='ocrx_word' id='word_1_499' title='bbox 2390 3086 2760 3154; x_wconf 79' lang='lat' dir='ltr'>peccatorum</span> <span class='ocrx_word' id='word_1_500' title='bbox 2773 3087 3244 3138; x_wconf 88' lang='lat' dir='ltr'>consummatam</span> <span class='ocrx_word' id='word_1_501' title='bbox 3266 3082 3325 3137; x_wconf 91' lang='lat' dir='ltr'>in</span> <span class='ocrx_word' id='word_1_502' title='bbox 3340 3083 3543 3155; x_wconf 88' lang='lat' dir='ltr'>justis,</span> 
     </span>
    </p>
   </div>
   <div class='ocr_carea' id='block_1_62' title="bbox 1896 3171 3553 3244">
    <p class='ocr_par' dir='ltr' id='par_1_62' title="bbox 1896 3171 3553 3244">
     <span class='ocr_line' id='line_1_62' title="bbox 1896 3171 3553 3244; baseline 0.001 -18"><span class='ocrx_word' id='word_1_503' title='bbox 1896 3172 2055 3244; x_wconf 91' lang='lat' dir='ltr'>ipsos</span> <span class='ocrx_word' id='word_1_504' title='bbox 2073 3172 2269 3243; x_wconf 89' lang='lat' dir='ltr'>justos</span> <span class='ocrx_word' id='word_1_505' title='bbox 2291 3171 3553 3244; x_wconf 66' lang='lat' dir='ltr'>dirigi,ponitjudiciumjustorumJudicat}</span> 
     </span>
    </p>
   </div>
   <div class='ocr_carea' id='block_1_63' title="bbox 1897 3259 3547 3332">
    <p class='ocr_par' dir='ltr' id='par_1_63' title="bbox 1897 3259 3547 3332">
     <span class='ocr_line' id='line_1_63' title="bbox 1897 3259 3547 3332; baseline 0.001 -17"><span class='ocrx_word' id='word_1_506' title='bbox 1897 3259 2053 3315; x_wconf 89' lang='lat' dir='ltr'>enim</span> <span class='ocrx_word' id='word_1_507' title='bbox 2074 3260 2226 3315; x_wconf 83' lang='lat' dir='ltr'>Deus</span> <span class='ocrx_word' id='word_1_508' title='bbox 2250 3277 2409 3327; x_wconf 87' lang='lat' dir='ltr'>suos,</span> <span class='ocrx_word' id='word_1_509' title='bbox 2436 3261 2735 3331; x_wconf 88' lang='lat' dir='ltr'>probando</span> <span class='ocrx_word' id='word_1_510' title='bbox 2777 3260 3201 3332; x_wconf 88' lang='lat' dir='ltr'>persecutione.</span> <span class='ocrx_word' id='word_1_511' title='bbox 3233 3262 3295 3317; x_wconf 91' lang='lat' dir='ltr'>In</span> <span class='ocrx_word' id='word_1_512' title='bbox 3318 3261 3547 3317; x_wconf 86' lang='lat' dir='ltr'>Christo</span> 
     </span>
    </p>
   </div>
   <div class='ocr_carea' id='block_1_64' title="bbox 133 3321 3550 3424">
    <p class='ocr_par' dir='ltr' id='par_1_64' title="bbox 133 3321 3550 3424">
     <span class='ocr_line' id='line_1_64' title="bbox 133 3321 3550 3424; baseline 0 -21"><span class='ocrx_word' id='word_1_513' title='bbox 133 3348 353 3405; x_wconf 87' lang='lat' dir='ltr'>scilicet</span> <span class='ocrx_word' id='word_1_514' title='bbox 390 3370 419 3401; x_wconf 85' lang='grc'>‹‹</span> <span class='ocrx_word' id='word_1_515' title='bbox 440 3356 827 3423; x_wconf 79' lang='lat' dir='ltr'>persequatur</span> <span class='ocrx_word' id='word_1_516' title='bbox 846 3374 873 3400; x_wconf 84' lang='lat'><strong>))</strong></span> <span class='ocrx_word' id='word_1_517' title='bbox 908 3351 965 3406; x_wconf 83' lang='lat' dir='ltr'>id</span> <span class='ocrx_word' id='word_1_518' title='bbox 988 3356 1097 3415; x_wconf 81' lang='lat' dir='ltr'>est,</span> <span class='ocrx_word' id='word_1_519' title='bbox 1124 3351 1435 3424; x_wconf 82' lang='lat' dir='ltr'>impugnet</span> <span class='ocrx_word' id='word_1_520' title='bbox 1459 3350 1783 3407; x_wconf 85' lang='lat' dir='ltr'>«inimicus</span> <span class='ocrx_word' id='word_1_521' title='bbox 1815 3321 1857 3388; x_wconf 67' lang='grc' dir='ltr'>Ο</span> <span class='ocrx_word' id='word_1_522' title='bbox 1900 3347 2008 3403; x_wconf 87' lang='lat' dir='ltr'>fuit</span> <span class='ocrx_word' id='word_1_523' title='bbox 2025 3352 2437 3404; x_wconf 86' lang='lat' dir='ltr'>consummata</span> <span class='ocrx_word' id='word_1_524' title='bbox 2460 3348 2723 3421; x_wconf 88' lang='lat' dir='ltr'>nequitia</span> <span class='ocrx_word' id='word_1_525' title='bbox 2743 3349 3349 3422; x_wconf 72' lang='lat' dir='ltr'>Judzeorum,quando</span> <span class='ocrx_word' id='word_1_526' title='bbox 3370 3350 3550 3407; x_wconf 90' lang='lat' dir='ltr'>cruci-</span> 
     </span>
    </p>
   </div>
   <div class='ocr_carea' id='block_1_65' title="bbox 133 3439 1781 3509">
    <p class='ocr_par' dir='ltr' id='par_1_65' title="bbox 133 3439 1781 3509">
     <span class='ocr_line' id='line_1_65' title="bbox 133 3439 1781 3509; baseline 0.002 -16"><span class='ocrx_word' id='word_1_527' title='bbox 133 3439 393 3494; x_wconf 84' lang='lat' dir='ltr'>animam</span> <span class='ocrx_word' id='word_1_528' title='bbox 426 3456 616 3495; x_wconf 89' lang='lat' dir='ltr'>meam</span> <span class='ocrx_word' id='word_1_529' title='bbox 640 3461 667 3490; x_wconf 93' lang='lat'>»</span> <span class='ocrx_word' id='word_1_530' title='bbox 703 3440 946 3507; x_wconf 89' lang='lat' dir='ltr'>scilicet,</span> <span class='ocrx_word' id='word_1_531' title='bbox 965 3440 1233 3495; x_wconf 88' lang='lat' dir='ltr'>diabolus</span> <span class='ocrx_word' id='word_1_532' title='bbox 1265 3444 1322 3495; x_wconf 91' lang='lat' dir='ltr'>et</span> <span class='ocrx_word' id='word_1_533' title='bbox 1349 3441 1614 3496; x_wconf 90' lang='lat' dir='ltr'>membra</span> <span class='ocrx_word' id='word_1_534' title='bbox 1632 3441 1781 3509; x_wconf 78' lang='lat' dir='ltr'>ejus,</span> 
     </span>
    </p>
   </div>
   <div class='ocr_carea' id='block_1_66' title="bbox 137 3528 1787 3600">
    <p class='ocr_par' dir='ltr' id='par_1_66' title="bbox 137 3528 1787 3600">
     <span class='ocr_line' id='line_1_66' title="bbox 137 3528 1787 3600; baseline 0.001 -18"><span class='ocrx_word' id='word_1_535' title='bbox 137 3549 162 3577; x_wconf 82' lang='grc'><em>‹‹</em></span> <span class='ocrx_word' id='word_1_536' title='bbox 192 3531 249 3583; x_wconf 83' lang='grc'>01</span> <span class='ocrx_word' id='word_1_537' title='bbox 276 3528 736 3600; x_wconf 85' lang='lat' dir='ltr'>comprehendat</span> <span class='ocrx_word' id='word_1_538' title='bbox 766 3549 794 3578; x_wconf 92' lang='lat'>»</span> <span class='ocrx_word' id='word_1_539' title='bbox 829 3528 887 3584; x_wconf 92' lang='lat' dir='ltr'>id</span> <span class='ocrx_word' id='word_1_540' title='bbox 919 3532 1028 3596; x_wconf 90' lang='lat' dir='ltr'>est,</span> <span class='ocrx_word' id='word_1_541' title='bbox 1055 3529 1167 3583; x_wconf 90' lang='lat' dir='ltr'>sibi</span> <span class='ocrx_word' id='word_1_542' title='bbox 1199 3530 1580 3585; x_wconf 85' lang='lat' dir='ltr'>succumbere</span> <span class='ocrx_word' id='word_1_543' title='bbox 1614 3529 1787 3584; x_wconf 87' lang='lat' dir='ltr'>faciat</span> 
     </span>
    </p>
   </div>
   <div class='ocr_carea' id='block_1_67' title="bbox 136 3615 1784 3691">
    <p class='ocr_par' dir='ltr' id='par_1_67' title="bbox 136 3615 1784 3691">
     <span class='ocr_line' id='line_1_67' title="bbox 136 3615 1784 3691; baseline 0.002 -21"><span class='ocrx_word' id='word_1_544' title='bbox 136 3635 163 3665; x_wconf 74' lang='grc' dir='ltr'>κ</span> <span class='ocrx_word' id='word_1_545' title='bbox 190 3617 371 3673; x_wconf 85' lang='lat' dir='ltr'>vitam</span> <span class='ocrx_word' id='word_1_546' title='bbox 404 3632 597 3673; x_wconf 87' lang='lat' dir='ltr'>meam</span> <span class='ocrx_word' id='word_1_547' title='bbox 628 3638 657 3667; x_wconf 92' lang='lat'>»</span> <span class='ocrx_word' id='word_1_548' title='bbox 690 3615 750 3672; x_wconf 90' lang='lat' dir='ltr'>id</span> <span class='ocrx_word' id='word_1_549' title='bbox 790 3621 900 3685; x_wconf 91' lang='lat' dir='ltr'>est,</span> <span class='ocrx_word' id='word_1_550' title='bbox 934 3618 1192 3673; x_wconf 89' lang='lat' dir='ltr'>animam</span> <span class='ocrx_word' id='word_1_551' title='bbox 1227 3636 1330 3691; x_wconf 91' lang='lat' dir='ltr'>per</span> <span class='ocrx_word' id='word_1_552' title='bbox 1368 3635 1545 3690; x_wconf 89' lang='lat' dir='ltr'>quam</span> <span class='ocrx_word' id='word_1_553' title='bbox 1594 3618 1784 3674; x_wconf 88' lang='lat' dir='ltr'>vivere</span> 
     </span>
    </p>
   </div>
   <div class='ocr_carea' id='block_1_68' title="bbox 134 3704 1785 3779">
    <p class='ocr_par' dir='ltr' id='par_1_68' title="bbox 134 3704 1785 3779">
     <span class='ocr_line' id='line_1_68' title="bbox 134 3704 1785 3779; baseline 0.003 -20"><span class='ocrx_word' id='word_1_554' title='bbox 134 3704 308 3761; x_wconf 90' lang='lat' dir='ltr'>debeo</span> <span class='ocrx_word' id='word_1_555' title='bbox 343 3727 375 3756; x_wconf 87' lang='grc'>‹‹</span> <span class='ocrx_word' id='word_1_556' title='bbox 395 3710 455 3762; x_wconf 86' lang='grc'>01</span> <span class='ocrx_word' id='word_1_557' title='bbox 483 3706 785 3762; x_wconf 89' lang='lat' dir='ltr'>conculcet</span> <span class='ocrx_word' id='word_1_558' title='bbox 810 3729 838 3758; x_wconf 92' lang='lat'>»</span> <span class='ocrx_word' id='word_1_559' title='bbox 872 3706 931 3762; x_wconf 92' lang='lat' dir='ltr'>id</span> <span class='ocrx_word' id='word_1_560' title='bbox 965 3707 1293 3775; x_wconf 89' lang='lat' dir='ltr'>est,multis</span> <span class='ocrx_word' id='word_1_561' title='bbox 1314 3708 1785 3779; x_wconf 89' lang='lat' dir='ltr'>turpitudinibus</span> 
     </span>
    </p>
   </div>
   <div class='ocr_carea' id='block_1_69' title="bbox 134 3795 1787 3867">
    <p class='ocr_par' dir='ltr' id='par_1_69' title="bbox 134 3795 1787 3867">
     <span class='ocr_line' id='line_1_69' title="bbox 134 3795 1787 3867; baseline 0.003 -20"><span class='ocrx_word' id='word_1_562' title='bbox 134 3807 227 3849; x_wconf 85' lang='lat' dir='ltr'>me</span> <span class='ocrx_word' id='word_1_563' title='bbox 249 3795 753 3867; x_wconf 87' lang='lat' dir='ltr'>contemptibilem</span> <span class='ocrx_word' id='word_1_564' title='bbox 777 3796 1000 3863; x_wconf 88' lang='lat' dir='ltr'>reddat,</span> <span class='ocrx_word' id='word_1_565' title='bbox 1021 3795 1081 3851; x_wconf 92' lang='lat' dir='ltr'>in</span> <span class='ocrx_word' id='word_1_566' title='bbox 1107 3800 1336 3851; x_wconf 89' lang='lat' dir='ltr'>tantum</span> <span class='ocrx_word' id='word_1_567' title='bbox 1362 3800 1426 3851; x_wconf 91' lang='lat' dir='ltr'>ut</span> <span class='ocrx_word' id='word_1_568' title='bbox 1446 3797 1522 3851; x_wconf 90' lang='lat' dir='ltr'>sit</span> <span class='ocrx_word' id='word_1_569' title='bbox 1540 3797 1600 3851; x_wconf 91' lang='lat' dir='ltr'>in</span> <span class='ocrx_word' id='word_1_570' title='bbox 1630 3802 1787 3853; x_wconf 88' lang='lat' dir='ltr'>terra</span> 
     </span>
    </p>
   </div>
   <div class='ocr_carea' id='block_1_70' title="bbox 135 3883 1785 3957">
    <p class='ocr_par' dir='ltr' id='par_1_70' title="bbox 135 3883 1785 3957">
     <span class='ocr_line' id='line_1_70' title="bbox 135 3883 1785 3957; baseline 0.002 -19"><span class='ocrx_word' id='word_1_571' title='bbox 135 3897 389 3953; x_wconf 82' lang='lat' dir='ltr'>prorsus,</span> <span class='ocrx_word' id='word_1_572' title='bbox 415 3883 476 3939; x_wconf 91' lang='lat' dir='ltr'>id</span> <span class='ocrx_word' id='word_1_573' title='bbox 507 3889 598 3940; x_wconf 90' lang='lat' dir='ltr'>est</span> <span class='ocrx_word' id='word_1_574' title='bbox 626 3884 824 3940; x_wconf 88' lang='lat' dir='ltr'>dedita</span> <span class='ocrx_word' id='word_1_575' title='bbox 845 3884 1231 3956; x_wconf 89' lang='lat' dir='ltr'>terrenis,per</span> <span class='ocrx_word' id='word_1_576' title='bbox 1260 3886 1413 3957; x_wconf 90' lang='lat' dir='ltr'>quod</span> <span class='ocrx_word' id='word_1_577' title='bbox 1460 3885 1569 3941; x_wconf 89' lang='lat' dir='ltr'>erit</span> <span class='ocrx_word' id='word_1_578' title='bbox 1617 3886 1785 3941; x_wconf 90' lang='lat' dir='ltr'>cibus</span> 
     </span>
    </p>
   </div>
   <div class='ocr_carea' id='block_1_71' title="bbox 134 3969 1782 4046">
    <p class='ocr_par' dir='ltr' id='par_1_71' title="bbox 134 3969 1782 4046">
     <span class='ocr_line' id='line_1_71' title="bbox 134 3969 1782 4046; baseline 0.003 -21"><span class='ocrx_word' id='word_1_579' title='bbox 134 3969 343 4028; x_wconf 83' lang='lat' dir='ltr'>diaboli</span> <span class='ocrx_word' id='word_1_580' title='bbox 365 3996 395 4024; x_wconf 78' lang='grc' dir='ltr'>κ</span> <span class='ocrx_word' id='word_1_581' title='bbox 413 3978 471 4029; x_wconf 87' lang='grc'>01</span> <span class='ocrx_word' id='word_1_582' title='bbox 490 3973 741 4046; x_wconf 85' lang='lat' dir='ltr'>gloriam</span> <span class='ocrx_word' id='word_1_583' title='bbox 758 3988 1003 4028; x_wconf 84' lang='lat' dir='ltr'>meam»</span> <span class='ocrx_word' id='word_1_584' title='bbox 1038 3974 1096 4029; x_wconf 91' lang='lat' dir='ltr'>id</span> <span class='ocrx_word' id='word_1_585' title='bbox 1116 3979 1225 4041; x_wconf 89' lang='lat' dir='ltr'>est,</span> <span class='ocrx_word' id='word_1_586' title='bbox 1241 3975 1526 4030; x_wconf 87' lang='lat' dir='ltr'>rationem</span> <span class='ocrx_word' id='word_1_587' title='bbox 1551 3991 1742 4030; x_wconf 90' lang='lat' dir='ltr'>meam</span> <span class='ocrx_word' id='word_1_588' title='bbox 1769 3990 1782 4030; x_wconf 89' lang='lat'>:</span> 
     </span>
    </p>
   </div>
   <div class='ocr_carea' id='block_1_72' title="bbox 134 4062 1784 4136">
    <p class='ocr_par' dir='ltr' id='par_1_72' title="bbox 134 4062 1784 4136">
     <span class='ocr_line' id='line_1_72' title="bbox 134 4062 1784 4136; baseline 0.002 -21"><span class='ocrx_word' id='word_1_589' title='bbox 134 4077 255 4132; x_wconf 64' lang='lat' dir='ltr'>qua;</span> <span class='ocrx_word' id='word_1_590' title='bbox 286 4062 417 4118; x_wconf 91' lang='lat' dir='ltr'>ideo</span> <span class='ocrx_word' id='word_1_591' title='bbox 449 4062 667 4117; x_wconf 89' lang='lat' dir='ltr'>dicitur</span> <span class='ocrx_word' id='word_1_592' title='bbox 687 4062 832 4117; x_wconf 82' lang='lat' dir='ltr'>mihi</span> <span class='ocrx_word' id='word_1_593' title='bbox 864 4062 1068 4135; x_wconf 90' lang='lat' dir='ltr'>gloria,</span> <span class='ocrx_word' id='word_1_594' title='bbox 1086 4063 1226 4136; x_wconf 88' lang='lat' dir='ltr'>quia</span> <span class='ocrx_word' id='word_1_595' title='bbox 1254 4081 1356 4136; x_wconf 90' lang='lat' dir='ltr'>per</span> <span class='ocrx_word' id='word_1_596' title='bbox 1386 4080 1515 4119; x_wconf 89' lang='lat' dir='ltr'>eam</span> <span class='ocrx_word' id='word_1_597' title='bbox 1540 4080 1672 4119; x_wconf 90' lang='lat' dir='ltr'>sum</span> <span class='ocrx_word' id='word_1_598' title='bbox 1707 4064 1784 4119; x_wconf 89' lang='lat' dir='ltr'>si-</span> 
     </span>
    </p>
   </div>
   <div class='ocr_carea' id='block_1_73' title="bbox 134 4148 1783 4224">
    <p class='ocr_par' dir='ltr' id='par_1_73' title="bbox 134 4148 1783 4224">
     <span class='ocr_line' id='line_1_73' title="bbox 134 4148 1783 4224; baseline 0.002 -21"><span class='ocrx_word' id='word_1_599' title='bbox 134 4148 283 4205; x_wconf 86' lang='lat' dir='ltr'>milis</span> <span class='ocrx_word' id='word_1_600' title='bbox 304 4151 423 4206; x_wconf 85' lang='lat' dir='ltr'>Deo</span> <span class='ocrx_word' id='word_1_601' title='bbox 454 4172 483 4201; x_wconf 84' lang='lat'><strong>«</strong></span> <span class='ocrx_word' id='word_1_602' title='bbox 513 4152 767 4207; x_wconf 88' lang='lat' dir='ltr'>deducat</span> <span class='ocrx_word' id='word_1_603' title='bbox 796 4152 856 4205; x_wconf 91' lang='lat' dir='ltr'>in</span> <span class='ocrx_word' id='word_1_604' title='bbox 888 4151 1185 4224; x_wconf 88' lang='lat' dir='ltr'>pulverem</span> <span class='ocrx_word' id='word_1_605' title='bbox 1222 4175 1244 4202; x_wconf 73' lang='grc' dir='ltr'>ι»</span> <span class='ocrx_word' id='word_1_606' title='bbox 1280 4153 1337 4207; x_wconf 94' lang='lat' dir='ltr'>id</span> <span class='ocrx_word' id='word_1_607' title='bbox 1385 4157 1494 4220; x_wconf 90' lang='lat' dir='ltr'>est,</span> <span class='ocrx_word' id='word_1_608' title='bbox 1530 4152 1783 4208; x_wconf 90' lang='lat' dir='ltr'>similem</span> 
     </span>
    </p>
   </div>
   <div class='ocr_carea' id='block_1_74' title="bbox 137 4237 1786 4314">
    <p class='ocr_par' dir='ltr' id='par_1_74' title="bbox 137 4237 1786 4314">
     <span class='ocr_line' id='line_1_74' title="bbox 137 4237 1786 4314; baseline 0.002 -21"><span class='ocrx_word' id='word_1_609' title='bbox 137 4237 301 4295; x_wconf 75' lang='lat' dir='ltr'>faciat</span> <span class='ocrx_word' id='word_1_610' title='bbox 320 4239 569 4314; x_wconf 87' lang='lat' dir='ltr'>pulveri,</span> <span class='ocrx_word' id='word_1_611' title='bbox 595 4239 837 4310; x_wconf 89' lang='lat' dir='ltr'>scilicet,</span> <span class='ocrx_word' id='word_1_612' title='bbox 853 4242 1007 4313; x_wconf 90' lang='lat' dir='ltr'>quod</span> <span class='ocrx_word' id='word_1_613' title='bbox 1031 4242 1183 4297; x_wconf 89' lang='lat' dir='ltr'>sicut</span> <span class='ocrx_word' id='word_1_614' title='bbox 1202 4240 1394 4312; x_wconf 88' lang='lat' dir='ltr'>pulvis</span> <span class='ocrx_word' id='word_1_615' title='bbox 1417 4258 1532 4295; x_wconf 92' lang='lat' dir='ltr'>non</span> <span class='ocrx_word' id='word_1_616' title='bbox 1566 4240 1786 4298; x_wconf 88' lang='lat' dir='ltr'>resistit</span> 
     </span>
    </p>
   </div>
   <div class='ocr_carea' id='block_1_75' title="bbox 136 4329 1451 4397">
    <p class='ocr_par' dir='ltr' id='par_1_75' title="bbox 136 4329 1451 4397">
     <span class='ocr_line' id='line_1_75' title="bbox 136 4329 1451 4397; baseline 0.002 -17"><span class='ocrx_word' id='word_1_617' title='bbox 136 4332 315 4397; x_wconf 84' lang='lat' dir='ltr'>vento,</span> <span class='ocrx_word' id='word_1_618' title='bbox 348 4330 432 4385; x_wconf 88' lang='lat' dir='ltr'>ita</span> <span class='ocrx_word' id='word_1_619' title='bbox 463 4346 570 4385; x_wconf 90' lang='lat' dir='ltr'>nec</span> <span class='ocrx_word' id='word_1_620' title='bbox 600 4330 749 4386; x_wconf 89' lang='lat' dir='ltr'>ratio</span> <span class='ocrx_word' id='word_1_621' title='bbox 773 4346 903 4386; x_wconf 89' lang='lat' dir='ltr'>mea</span> <span class='ocrx_word' id='word_1_622' title='bbox 934 4330 1169 4386; x_wconf 88' lang='lat' dir='ltr'>resistat</span> <span class='ocrx_word' id='word_1_623' title='bbox 1200 4329 1451 4385; x_wconf 90' lang='lat' dir='ltr'>diabolo.</span> 
     </span>
    </p>
   </div>
   <div class='ocr_carea' id='block_1_76' title="bbox 208 4418 1781 4491">
    <p class='ocr_par' dir='ltr' id='par_1_76' title="bbox 208 4418 1781 4491">
     <span class='ocr_line' id='line_1_76' title="bbox 208 4418 1781 4491; baseline 0.001 -17"><span class='ocrx_word' id='word_1_624' title='bbox 208 4439 231 4468; x_wconf 73' lang='grc' dir='ltr'>ι</span> <span class='ocrx_word' id='word_1_625' title='bbox 254 4418 311 4474; x_wconf 88' lang='lat' dir='ltr'>Si</span> <span class='ocrx_word' id='word_1_626' title='bbox 337 4418 445 4475; x_wconf 88' lang='lat' dir='ltr'>feci</span> <span class='ocrx_word' id='word_1_627' title='bbox 470 4419 684 4486; x_wconf 80' lang='lat' dir='ltr'>istud,»</span> <span class='ocrx_word' id='word_1_628' title='bbox 710 4418 832 4475; x_wconf 62' lang='lat' dir='ltr'>haec</span> <span class='ocrx_word' id='word_1_629' title='bbox 854 4419 1131 4491; x_wconf 64' lang='lat' dir='ltr'>praedicta</span> <span class='ocrx_word' id='word_1_630' title='bbox 1153 4419 1462 4474; x_wconf 89' lang='lat' dir='ltr'>malamihi</span> <span class='ocrx_word' id='word_1_631' title='bbox 1477 4419 1781 4475; x_wconf 87' lang='lat' dir='ltr'>eveniant:</span> 
     </span>
    </p>
   </div>
   <div class='ocr_carea' id='block_1_77' title="bbox 140 4507 1783 4583">
    <p class='ocr_par' dir='ltr' id='par_1_77' title="bbox 140 4507 1783 4583">
     <span class='ocr_line' id='line_1_77' title="bbox 140 4507 1783 4583; baseline 0.002 -22"><span class='ocrx_word' id='word_1_632' title='bbox 140 4507 515 4583; x_wconf 80' lang='lat' dir='ltr'>sedquianon</span> <span class='ocrx_word' id='word_1_633' title='bbox 528 4508 635 4564; x_wconf 89' lang='lat' dir='ltr'>feci</span> <span class='ocrx_word' id='word_1_634' title='bbox 659 4524 938 4581; x_wconf 83' lang='lat' dir='ltr'>«exurge,</span> <span class='ocrx_word' id='word_1_635' title='bbox 960 4509 1224 4576; x_wconf 90' lang='lat' dir='ltr'>Domine,</span> <span class='ocrx_word' id='word_1_636' title='bbox 1242 4509 1301 4563; x_wconf 89' lang='lat' dir='ltr'>in</span> <span class='ocrx_word' id='word_1_637' title='bbox 1317 4509 1403 4564; x_wconf 89' lang='lat' dir='ltr'>ira</span> <span class='ocrx_word' id='word_1_638' title='bbox 1416 4512 1515 4564; x_wconf 91' lang='lat' dir='ltr'>tua</span> <span class='ocrx_word' id='word_1_639' title='bbox 1532 4531 1558 4559; x_wconf 91' lang='lat'>»</span> <span class='ocrx_word' id='word_1_640' title='bbox 1584 4509 1640 4564; x_wconf 91' lang='lat' dir='ltr'>id</span> <span class='ocrx_word' id='word_1_641' title='bbox 1674 4512 1783 4578; x_wconf 90' lang='lat' dir='ltr'>est,</span> 
     </span>
    </p>
   </div>
   <div class='ocr_carea' id='block_1_78' title="bbox 141 4594 1788 4669">
    <p class='ocr_par' dir='ltr' id='par_1_78' title="bbox 141 4594 1788 4669">
     <span class='ocr_line' id='line_1_78' title="bbox 141 4594 1788 4669; baseline 0.003 -21"><span class='ocrx_word' id='word_1_642' title='bbox 141 4594 196 4649; x_wconf 89' lang='lat' dir='ltr'>in</span> <span class='ocrx_word' id='word_1_643' title='bbox 224 4597 482 4652; x_wconf 88' lang='lat' dir='ltr'>vindicta</span> <span class='ocrx_word' id='word_1_644' title='bbox 517 4601 639 4661; x_wconf 85' lang='lat' dir='ltr'>tua.</span> <span class='ocrx_word' id='word_1_645' title='bbox 673 4601 741 4652; x_wconf 91' lang='lat' dir='ltr'>ut</span> <span class='ocrx_word' id='word_1_646' title='bbox 787 4595 1059 4653; x_wconf 89' lang='lat' dir='ltr'>homines</span> <span class='ocrx_word' id='word_1_647' title='bbox 1105 4598 1319 4669; x_wconf 89' lang='lat' dir='ltr'>eripias</span> <span class='ocrx_word' id='word_1_648' title='bbox 1351 4615 1385 4653; x_wconf 91' lang='lat' dir='ltr'>a</span> <span class='ocrx_word' id='word_1_649' title='bbox 1410 4598 1641 4654; x_wconf 89' lang='lat' dir='ltr'>diabolo</span> <span class='ocrx_word' id='word_1_650' title='bbox 1670 4620 1699 4649; x_wconf 85' lang='lat'><strong>«</strong></span> <span class='ocrx_word' id='word_1_651' title='bbox 1731 4602 1788 4653; x_wconf 92' lang='lat' dir='ltr'>et</span> 
     </span>
    </p>
   </div>
   <div class='ocr_carea' id='block_1_79' title="bbox 1895 3432 3550 3511">
    <p class='ocr_par' dir='ltr' id='par_1_79' title="bbox 1895 3432 3550 3511">
     <span class='ocr_line' id='line_1_79' title="bbox 1895 3432 3550 3511; baseline 0.001 -20"><span class='ocrx_word' id='word_1_652' title='bbox 1895 3432 2047 3492; x_wconf 78' lang='lat' dir='ltr'>fixus</span> <span class='ocrx_word' id='word_1_653' title='bbox 2079 3442 2169 3491; x_wconf 87' lang='lat' dir='ltr'>est</span> <span class='ocrx_word' id='word_1_654' title='bbox 2201 3453 2213 3492; x_wconf 91' lang='lat'>:</span> <span class='ocrx_word' id='word_1_655' title='bbox 2249 3436 2507 3493; x_wconf 88' lang='lat' dir='ltr'>directus</span> <span class='ocrx_word' id='word_1_656' title='bbox 2540 3442 2627 3493; x_wconf 89' lang='lat' dir='ltr'>est</span> <span class='ocrx_word' id='word_1_657' title='bbox 2658 3438 2782 3510; x_wconf 90' lang='lat' dir='ltr'>ipse</span> <span class='ocrx_word' id='word_1_658' title='bbox 2807 3439 3015 3510; x_wconf 90' lang='lat' dir='ltr'>justus</span> <span class='ocrx_word' id='word_1_659' title='bbox 3065 3440 3300 3511; x_wconf 88' lang='lat' dir='ltr'>quando</span> <span class='ocrx_word' id='word_1_660' title='bbox 3331 3456 3365 3494; x_wconf 91' lang='lat' dir='ltr'>a</span> <span class='ocrx_word' id='word_1_661' title='bbox 3395 3456 3550 3493; x_wconf 89' lang='lat' dir='ltr'>mor-</span> 
     </span>
    </p>
   </div>
   <div class='ocr_carea' id='block_1_80' title="bbox 1893 3526 3556 3599">
    <p class='ocr_par' dir='ltr' id='par_1_80' title="bbox 1893 3526 3556 3599">
     <span class='ocr_line' id='line_1_80' title="bbox 1893 3526 3556 3599; baseline 0.002 -17"><span class='ocrx_word' id='word_1_662' title='bbox 1893 3526 2013 3582; x_wconf 89' lang='lat' dir='ltr'>tuis</span> <span class='ocrx_word' id='word_1_663' title='bbox 2035 3526 2471 3582; x_wconf 83' lang='lat' dir='ltr'>surrexit.Decii</span> <span class='ocrx_word' id='word_1_664' title='bbox 2494 3527 2757 3599; x_wconf 87' lang='lat' dir='ltr'>nequitia</span> <span class='ocrx_word' id='word_1_665' title='bbox 2773 3532 3184 3584; x_wconf 88' lang='lat' dir='ltr'>consummata</span> <span class='ocrx_word' id='word_1_666' title='bbox 3201 3528 3312 3583; x_wconf 78' lang='lat' dir='ltr'>fuit</span> <span class='ocrx_word' id='word_1_667' title='bbox 3329 3528 3388 3583; x_wconf 89' lang='lat' dir='ltr'>in</span> <span class='ocrx_word' id='word_1_668' title='bbox 3409 3528 3556 3587; x_wconf 85' lang='lat' dir='ltr'>Lau.</span> 
     </span>
    </p>
   </div>
   <div class='ocr_carea' id='block_1_81' title="bbox 1895 3615 3554 3688">
    <p class='ocr_par' dir='ltr' id='par_1_81' title="bbox 1895 3615 3554 3688">
     <span class='ocr_line' id='line_1_81' title="bbox 1895 3615 3554 3688; baseline 0.001 -17"><span class='ocrx_word' id='word_1_669' title='bbox 1895 3615 2244 3683; x_wconf 87' lang='lat' dir='ltr'>rentio,cum</span> <span class='ocrx_word' id='word_1_670' title='bbox 2271 3633 2404 3670; x_wconf 89' lang='lat' dir='ltr'>eum</span> <span class='ocrx_word' id='word_1_671' title='bbox 2429 3633 2531 3688; x_wconf 87' lang='lat' dir='ltr'>per</span> <span class='ocrx_word' id='word_1_672' title='bbox 2553 3616 2747 3688; x_wconf 83' lang='lat' dir='ltr'>ignem</span> <span class='ocrx_word' id='word_1_673' title='bbox 2775 3615 3007 3671; x_wconf 88' lang='lat' dir='ltr'>occidit.</span> <span class='ocrx_word' id='word_1_674' title='bbox 3035 3616 3397 3673; x_wconf 92' lang='lat' dir='ltr'>Similiterde</span> <span class='ocrx_word' id='word_1_675' title='bbox 3421 3617 3554 3673; x_wconf 88' lang='lat' dir='ltr'>aliis</span> 
     </span>
    </p>
   </div>
   <div class='ocr_carea' id='block_1_82' title="bbox 1886 3703 3554 3777">
    <p class='ocr_par' dir='ltr' id='par_1_82' title="bbox 1886 3703 3554 3777">
     <span class='ocr_line' id='line_1_82' title="bbox 1886 3703 3554 3777; baseline 0.002 -19"><span class='ocrx_word' id='word_1_676' title='bbox 1886 3703 2069 3777; x_wconf 88' lang='lat' dir='ltr'>justis</span> <span class='ocrx_word' id='word_1_677' title='bbox 2098 3707 2275 3775; x_wconf 89' lang='lat' dir='ltr'>atque</span> <span class='ocrx_word' id='word_1_678' title='bbox 2308 3704 2507 3776; x_wconf 90' lang='lat' dir='ltr'>impiis</span> <span class='ocrx_word' id='word_1_679' title='bbox 2531 3704 2736 3776; x_wconf 88' lang='lat' dir='ltr'>judica</span> <span class='ocrx_word' id='word_1_680' title='bbox 2764 3707 3088 3761; x_wconf 87' lang='lat' dir='ltr'>secundum</span> <span class='ocrx_word' id='word_1_681' title='bbox 3121 3706 3414 3776; x_wconf 86' lang='lat' dir='ltr'>jastitiam</span> <span class='ocrx_word' id='word_1_682' title='bbox 3451 3723 3463 3761; x_wconf 90' lang='lat'>:</span> <span class='ocrx_word' id='word_1_683' title='bbox 3489 3710 3554 3761; x_wconf 90' lang='lat' dir='ltr'>tu</span> 
     </span>
    </p>
   </div>
   <div class='ocr_carea' id='block_1_83' title="bbox 1894 3794 3555 3867">
    <p class='ocr_par' dir='ltr' id='par_1_83' title="bbox 1894 3794 3555 3867">
     <span class='ocr_line' id='line_1_83' title="bbox 1894 3794 3555 3867; baseline 0 -18"><span class='ocrx_word' id='word_1_684' title='bbox 1894 3794 2024 3849; x_wconf 91' lang='lat' dir='ltr'>dico</span> <span class='ocrx_word' id='word_1_685' title='bbox 2056 3815 2081 3847; x_wconf 81' lang='grc' dir='ltr'><strong><em>α</em></strong></span> <span class='ocrx_word' id='word_1_686' title='bbox 2102 3798 2374 3849; x_wconf 89' lang='lat' dir='ltr'>scrutans</span> <span class='ocrx_word' id='word_1_687' title='bbox 2396 3794 2636 3861; x_wconf 88' lang='lat' dir='ltr'>corda,»</span> <span class='ocrx_word' id='word_1_688' title='bbox 2667 3795 2723 3849; x_wconf 91' lang='lat' dir='ltr'>id</span> <span class='ocrx_word' id='word_1_689' title='bbox 2755 3798 2868 3862; x_wconf 88' lang='lat' dir='ltr'>est,</span> <span class='ocrx_word' id='word_1_690' title='bbox 2885 3795 3135 3866; x_wconf 85' lang='lat' dir='ltr'>perfecte</span> <span class='ocrx_word' id='word_1_691' title='bbox 3160 3794 3366 3849; x_wconf 88' lang='lat' dir='ltr'>videns</span> <span class='ocrx_word' id='word_1_692' title='bbox 3394 3794 3555 3867; x_wconf 87' lang='lat' dir='ltr'>cogi-</span> 
     </span>
    </p>
   </div>
   <div class='ocr_carea' id='block_1_84' title="bbox 1894 3881 3550 3949">
    <p class='ocr_par' dir='ltr' id='par_1_84' title="bbox 1894 3881 3550 3949">
     <span class='ocr_line' id='line_1_84' title="bbox 1894 3881 3550 3949; baseline -0.001 -12"><span class='ocrx_word' id='word_1_693' title='bbox 1894 3882 2166 3949; x_wconf 87' lang='lat' dir='ltr'>tationes,</span> <span class='ocrx_word' id='word_1_694' title='bbox 2195 3904 2223 3930; x_wconf 85' lang='grc'>‹‹</span> <span class='ocrx_word' id='word_1_695' title='bbox 2242 3886 2298 3937; x_wconf 86' lang='grc'>01</span> <span class='ocrx_word' id='word_1_696' title='bbox 2328 3898 2516 3948; x_wconf 88' lang='lat' dir='ltr'>renes,</span> <span class='ocrx_word' id='word_1_697' title='bbox 2549 3902 2575 3931; x_wconf 75' lang='lat' dir='ltr'><strong>n</strong></span> <span class='ocrx_word' id='word_1_698' title='bbox 2604 3882 2659 3936; x_wconf 91' lang='lat' dir='ltr'>id</span> <span class='ocrx_word' id='word_1_699' title='bbox 2694 3886 2784 3938; x_wconf 91' lang='lat' dir='ltr'>est</span> <span class='ocrx_word' id='word_1_700' title='bbox 2810 3882 3074 3937; x_wconf 87' lang='lat' dir='ltr'>carnales</span> <span class='ocrx_word' id='word_1_701' title='bbox 3096 3881 3511 3937; x_wconf 87' lang='lat' dir='ltr'>delectationes</span> <span class='ocrx_word' id='word_1_702' title='bbox 3538 3899 3550 3936; x_wconf 94' lang='lat'>:</span> 
     </span>
    </p>
   </div>
   <div class='ocr_carea' id='block_1_85' title="bbox 1894 3968 3558 4041">
    <p class='ocr_par' dir='ltr' id='par_1_85' title="bbox 1894 3968 3558 4041">
     <span class='ocr_line' id='line_1_85' title="bbox 1894 3968 3558 4041; baseline -0.001 -15"><span class='ocrx_word' id='word_1_703' title='bbox 1894 3971 1952 4026; x_wconf 87' lang='lat' dir='ltr'>in</span> <span class='ocrx_word' id='word_1_704' title='bbox 1987 3972 2228 4026; x_wconf 89' lang='lat' dir='ltr'>renibus</span> <span class='ocrx_word' id='word_1_705' title='bbox 2250 3970 2406 4025; x_wconf 89' lang='lat' dir='ltr'>enim</span> <span class='ocrx_word' id='word_1_706' title='bbox 2432 3971 2598 4025; x_wconf 90' lang='lat' dir='ltr'>sedes</span> <span class='ocrx_word' id='word_1_707' title='bbox 2620 3973 2709 4025; x_wconf 89' lang='lat' dir='ltr'>est</span> <span class='ocrx_word' id='word_1_708' title='bbox 2730 3968 3012 4024; x_wconf 89' lang='lat' dir='ltr'>libidinis.</span> <span class='ocrx_word' id='word_1_709' title='bbox 3028 3969 3132 4023; x_wconf 88' lang='lat' dir='ltr'>Vel</span> <span class='ocrx_word' id='word_1_710' title='bbox 3156 3986 3258 4041; x_wconf 91' lang='lat' dir='ltr'>per</span> <span class='ocrx_word' id='word_1_711' title='bbox 3275 3986 3443 4024; x_wconf 88' lang='lat' dir='ltr'>renes</span> <span class='ocrx_word' id='word_1_712' title='bbox 3467 3986 3558 4025; x_wconf 90' lang='lat' dir='ltr'>ac-</span> 
     </span>
    </p>
   </div>
   <div class='ocr_carea' id='block_1_86' title="bbox 1894 4056 3554 4131">
    <p class='ocr_par' dir='ltr' id='par_1_86' title="bbox 1894 4056 3554 4131">
     <span class='ocr_line' id='line_1_86' title="bbox 1894 4056 3554 4131; baseline 0.001 -18"><span class='ocrx_word' id='word_1_713' title='bbox 1894 4059 2186 4131; x_wconf 88' lang='lat' dir='ltr'>cipiamus</span> <span class='ocrx_word' id='word_1_714' title='bbox 2218 4058 2507 4113; x_wconf 82' lang='lat' dir='ltr'>firmiores</span> <span class='ocrx_word' id='word_1_715' title='bbox 2539 4057 2923 4130; x_wconf 88' lang='lat' dir='ltr'>cogitationes</span> <span class='ocrx_word' id='word_1_716' title='bbox 2958 4072 2971 4110; x_wconf 92' lang='lat'>:</span> <span class='ocrx_word' id='word_1_717' title='bbox 3007 4056 3168 4112; x_wconf 91' lang='lat' dir='ltr'>solus</span> <span class='ocrx_word' id='word_1_718' title='bbox 3200 4056 3356 4112; x_wconf 91' lang='lat' dir='ltr'>enim</span> <span class='ocrx_word' id='word_1_719' title='bbox 3399 4058 3554 4114; x_wconf 91' lang='lat' dir='ltr'>Deus</span> 
     </span>
    </p>
   </div>
   <div class='ocr_carea' id='block_1_87' title="bbox 1895 4146 2693 4219">
    <p class='ocr_par' dir='ltr' id='par_1_87' title="bbox 1895 4146 2693 4219">
     <span class='ocr_line' id='line_1_87' title="bbox 1895 4146 2693 4219; baseline -0.003 -17"><span class='ocrx_word' id='word_1_720' title='bbox 1895 4150 2118 4202; x_wconf 89' lang='lat' dir='ltr'>secreta</span> <span class='ocrx_word' id='word_1_721' title='bbox 2148 4146 2340 4201; x_wconf 89' lang='lat' dir='ltr'>cordis</span> <span class='ocrx_word' id='word_1_722' title='bbox 2371 4146 2693 4219; x_wconf 87' lang='lat' dir='ltr'>cognoscit.</span> 
     </span>
    </p>
   </div>
   <div class='ocr_carea' id='block_1_88' title="bbox 1967 4234 3556 4307">
    <p class='ocr_par' dir='ltr' id='par_1_88' title="bbox 1967 4234 3556 4307">
     <span class='ocr_line' id='line_1_88' title="bbox 1967 4234 3556 4307; baseline 0.002 -18"><span class='ocrx_word' id='word_1_723' title='bbox 1967 4234 2094 4290; x_wconf 85' lang='lat' dir='ltr'>Dixi</span> <span class='ocrx_word' id='word_1_724' title='bbox 2116 4234 2810 4307; x_wconf 83' lang='lat' dir='ltr'>«consumeturnequitia</span> <span class='ocrx_word' id='word_1_725' title='bbox 2831 4238 3259 4307; x_wconf 78' lang='lat' dir='ltr'>peccatorum,»</span> <span class='ocrx_word' id='word_1_726' title='bbox 3288 4239 3344 4292; x_wconf 89' lang='lat' dir='ltr'>et</span> <span class='ocrx_word' id='word_1_727' title='bbox 3355 4240 3556 4292; x_wconf 88' lang='lat' dir='ltr'>contra</span> 
     </span>
    </p>
   </div>
   <div class='ocr_carea' id='block_1_89' title="bbox 1893 4324 3554 4397">
    <p class='ocr_par' dir='ltr' id='par_1_89' title="bbox 1893 4324 3554 4397">
     <span class='ocr_line' id='line_1_89' title="bbox 1893 4324 3554 4397; baseline 0.001 -18"><span class='ocrx_word' id='word_1_728' title='bbox 1893 4325 2056 4380; x_wconf 88' lang='lat' dir='ltr'>illam</span> <span class='ocrx_word' id='word_1_729' title='bbox 2086 4325 2413 4396; x_wconf 88' lang='lat' dir='ltr'>nequitiam</span> <span class='ocrx_word' id='word_1_730' title='bbox 2446 4324 2524 4379; x_wconf 90' lang='lat' dir='ltr'>sit</span> <span class='ocrx_word' id='word_1_731' title='bbox 2550 4324 2695 4380; x_wconf 89' lang='lat' dir='ltr'>mihi</span> <span class='ocrx_word' id='word_1_732' title='bbox 2739 4346 2764 4378; x_wconf 72' lang='grc' dir='ltr'><strong><em>α</em></strong></span> <span class='ocrx_word' id='word_1_733' title='bbox 2787 4324 3147 4397; x_wconf 87' lang='lat' dir='ltr'>adjutorium</span> <span class='ocrx_word' id='word_1_734' title='bbox 3182 4344 3216 4382; x_wconf 89' lang='lat' dir='ltr'>a</span> <span class='ocrx_word' id='word_1_735' title='bbox 3247 4326 3499 4382; x_wconf 90' lang='lat' dir='ltr'>Domino</span> <span class='ocrx_word' id='word_1_736' title='bbox 3527 4347 3554 4375; x_wconf 85' lang='lat'>»</span> 
     </span>
    </p>
   </div>
   <div class='ocr_carea' id='block_1_90' title="bbox 1895 4412 3554 4486">
    <p class='ocr_par' dir='ltr' id='par_1_90' title="bbox 1895 4412 3554 4486">
     <span class='ocr_line' id='line_1_90' title="bbox 1895 4412 3554 4486; baseline -0.001 -17"><span class='ocrx_word' id='word_1_737' title='bbox 1895 4431 1968 4469; x_wconf 89' lang='lat' dir='ltr'>ne</span> <span class='ocrx_word' id='word_1_738' title='bbox 2000 4414 2130 4486; x_wconf 88' lang='lat' dir='ltr'>ipsa</span> <span class='ocrx_word' id='word_1_739' title='bbox 2161 4412 2305 4469; x_wconf 90' lang='lat' dir='ltr'>mihi</span> <span class='ocrx_word' id='word_1_740' title='bbox 2338 4413 2827 4486; x_wconf 70' lang='lat' dir='ltr'>przcvaleat,quod</span> <span class='ocrx_word' id='word_1_741' title='bbox 2844 4416 3079 4486; x_wconf 88' lang='lat' dir='ltr'>justum</span> <span class='ocrx_word' id='word_1_742' title='bbox 3110 4420 3199 4472; x_wconf 89' lang='lat' dir='ltr'>est</span> <span class='ocrx_word' id='word_1_743' title='bbox 3230 4416 3554 4471; x_wconf 89' lang='lat' dir='ltr'>secundum</span> 
     </span>
    </p>
   </div>
   <div class='ocr_carea' id='block_1_91' title="bbox 1896 4501 3558 4575">
    <p class='ocr_par' dir='ltr' id='par_1_91' title="bbox 1896 4501 3558 4575">
     <span class='ocr_line' id='line_1_91' title="bbox 1896 4501 3558 4575; baseline -0.001 -17"><span class='ocrx_word' id='word_1_744' title='bbox 1896 4502 2240 4575; x_wconf 88' lang='lat' dir='ltr'>patientiam</span> <span class='ocrx_word' id='word_1_745' title='bbox 2282 4507 2340 4558; x_wconf 92' lang='lat' dir='ltr'>et</span> <span class='ocrx_word' id='word_1_746' title='bbox 2362 4501 2659 4574; x_wconf 86' lang='lat' dir='ltr'>justitiam</span> <span class='ocrx_word' id='word_1_747' title='bbox 2691 4520 2884 4559; x_wconf 87' lang='lat' dir='ltr'>meam</span> <span class='ocrx_word' id='word_1_748' title='bbox 2920 4524 2948 4553; x_wconf 86' lang='lat'><strong>«</strong></span> <span class='ocrx_word' id='word_1_749' title='bbox 2974 4505 3130 4575; x_wconf 90' lang='lat' dir='ltr'>quod</span> <span class='ocrx_word' id='word_1_750' title='bbox 3180 4503 3371 4559; x_wconf 90' lang='lat' dir='ltr'>salvos</span> <span class='ocrx_word' id='word_1_751' title='bbox 3418 4502 3558 4558; x_wconf 85' lang='lat' dir='ltr'>facit</span> 
     </span>
    </p>
   </div>
   <div class='ocr_carea' id='block_1_92' title="bbox 1898 4590 3557 4664">
    <p class='ocr_par' dir='ltr' id='par_1_92' title="bbox 1898 4590 3557 4664">
     <span class='ocr_line' id='line_1_92' title="bbox 1898 4590 3557 4664; baseline 0.001 -18"><span class='ocrx_word' id='word_1_752' title='bbox 1898 4596 2086 4647; x_wconf 90' lang='lat' dir='ltr'>rectos</span> <span class='ocrx_word' id='word_1_753' title='bbox 2107 4592 2299 4661; x_wconf 89' lang='lat' dir='ltr'>corde,</span> <span class='ocrx_word' id='word_1_754' title='bbox 2342 4613 2368 4645; x_wconf 84' lang='lat'><strong>«</strong></span> <span class='ocrx_word' id='word_1_755' title='bbox 2399 4591 2540 4664; x_wconf 85' lang='lat' dir='ltr'>quia</span> <span class='ocrx_word' id='word_1_756' title='bbox 2569 4596 2851 4664; x_wconf 90' lang='lat' dir='ltr'>superant</span> <span class='ocrx_word' id='word_1_757' title='bbox 2906 4608 3142 4647; x_wconf 90' lang='lat' dir='ltr'>omnem</span> <span class='ocrx_word' id='word_1_758' title='bbox 3182 4590 3405 4646; x_wconf 89' lang='lat' dir='ltr'>inimici</span> <span class='ocrx_word' id='word_1_759' title='bbox 3436 4595 3557 4647; x_wconf 84' lang='lat' dir='ltr'>ten-</span> 
     </span>
    </p>
   </div>
   <div class='ocr_carea' id='block_1_93' title="bbox 140 4682 2202 4759">
    <p class='ocr_par' dir='ltr' id='par_1_93' title="bbox 140 4682 2202 4759">
     <span class='ocr_line' id='line_1_93' title="bbox 140 4682 2202 4759; baseline 0.002 -21"><span class='ocrx_word' id='word_1_760' title='bbox 140 4685 382 4742; x_wconf 83' lang='lat' dir='ltr'>exaltare</span> <span class='ocrx_word' id='word_1_761' title='bbox 441 4687 500 4742; x_wconf 87' lang='lat' dir='ltr'>in</span> <span class='ocrx_word' id='word_1_762' title='bbox 555 4686 794 4755; x_wconf 79' lang='lat' dir='ltr'>finibus,</span> <span class='ocrx_word' id='word_1_763' title='bbox 829 4708 858 4735; x_wconf 88' lang='lat'>»</span> <span class='ocrx_word' id='word_1_764' title='bbox 909 4686 968 4741; x_wconf 92' lang='lat' dir='ltr'>id</span> <span class='ocrx_word' id='word_1_765' title='bbox 1031 4690 1140 4755; x_wconf 90' lang='lat' dir='ltr'>est,</span> <span class='ocrx_word' id='word_1_766' title='bbox 1194 4687 1253 4741; x_wconf 93' lang='lat' dir='ltr'>in</span> <span class='ocrx_word' id='word_1_767' title='bbox 1314 4688 1790 4759; x_wconf 88' lang='lat' dir='ltr'>possessionibus</span> <span class='ocrx_word' id='word_1_768' title='bbox 1819 4688 1877 4756; x_wconf 57' lang='lat' dir='ltr'>D‘</span> <span class='ocrx_word' id='word_1_769' title='bbox 1898 4682 2202 4737; x_wconf 72' lang='lat' dir='ltr'>tationem.</span> 
     </span>
    </p>
   </div>
   <div class='ocr_carea' id='block_1_94' title="bbox 145 4773 1787 4846">
    <p class='ocr_par' dir='ltr' id='par_1_94' title="bbox 145 4773 1787 4846">
     <span class='ocr_line' id='line_1_94' title="bbox 145 4773 1787 4846; baseline 0.004 -19"><span class='ocrx_word' id='word_1_770' title='bbox 145 4792 172 4821; x_wconf 80' lang='grc' dir='ltr'><strong><em>α</em></strong></span> <span class='ocrx_word' id='word_1_771' title='bbox 199 4773 566 4832; x_wconf 81' lang='lat' dir='ltr'>inimicorum</span> <span class='ocrx_word' id='word_1_772' title='bbox 597 4779 837 4831; x_wconf 88' lang='lat' dir='ltr'>tuorum</span> <span class='ocrx_word' id='word_1_773' title='bbox 870 4797 898 4827; x_wconf 96' lang='lat'>»</span> <span class='ocrx_word' id='word_1_774' title='bbox 923 4776 981 4830; x_wconf 91' lang='lat' dir='ltr'>id</span> <span class='ocrx_word' id='word_1_775' title='bbox 1013 4780 1122 4843; x_wconf 89' lang='lat' dir='ltr'>est,</span> <span class='ocrx_word' id='word_1_776' title='bbox 1157 4775 1512 4844; x_wconf 83' lang='lat' dir='ltr'>daemonum,</span> <span class='ocrx_word' id='word_1_777' title='bbox 1544 4775 1787 4846; x_wconf 87' lang='lat' dir='ltr'>scilicet,</span> 
     </span>
    </p>
   </div>
   <div class='ocr_carea' id='block_1_95' title="bbox 143 4863 1791 4938">
    <p class='ocr_par' dir='ltr' id='par_1_95' title="bbox 143 4863 1791 4938">
     <span class='ocr_line' id='line_1_95' title="bbox 143 4863 1791 4938; baseline 0.002 -21"><span class='ocrx_word' id='word_1_778' title='bbox 143 4863 488 4932; x_wconf 88' lang='lat' dir='ltr'>possidendo</span> <span class='ocrx_word' id='word_1_779' title='bbox 508 4881 795 4938; x_wconf 89' lang='lat' dir='ltr'>eos,quos</span> <span class='ocrx_word' id='word_1_780' title='bbox 818 4866 992 4921; x_wconf 89' lang='lat' dir='ltr'>modo</span> <span class='ocrx_word' id='word_1_781' title='bbox 1023 4865 1281 4938; x_wconf 90' lang='lat' dir='ltr'>possidet</span> <span class='ocrx_word' id='word_1_782' title='bbox 1304 4864 1595 4920; x_wconf 88' lang='lat' dir='ltr'>diabolus.</span> <span class='ocrx_word' id='word_1_783' title='bbox 1626 4866 1791 4921; x_wconf 89' lang='lat' dir='ltr'>Tune</span> 
     </span>
    </p>
   </div>
   <div class='ocr_carea' id='block_1_96' title="bbox 143 4942 1793 5027">
    <p class='ocr_par' dir='ltr' id='par_1_96' title="bbox 143 4942 1793 5027">
     <span class='ocr_line' id='line_1_96' title="bbox 143 4942 1793 5027; baseline 0.003 -22"><span class='ocrx_word' id='word_1_784' title='bbox 143 4951 422 5008; x_wconf 82' lang='lat' dir='ltr'>exaltatur</span> <span class='ocrx_word' id='word_1_785' title='bbox 440 4953 727 5010; x_wconf 89' lang='lat' dir='ltr'>Dominus</span> <span class='ocrx_word' id='word_1_786' title='bbox 749 4954 809 5010; x_wconf 92' lang='lat' dir='ltr'>in</span> <span class='ocrx_word' id='word_1_787' title='bbox 842 4954 1448 5027; x_wconf 89' lang='lat' dir='ltr'>pectoribus,quando</span> <span class='ocrx_word' id='word_1_788' title='bbox 1471 4953 1555 5008; x_wconf 91' lang='lat' dir='ltr'>illi</span> <span class='ocrx_word' id='word_1_789' title='bbox 1584 4971 1618 5010; x_wconf 89' lang='lat' dir='ltr'>a</span> <span class='ocrx_word' id='word_1_790' title='bbox 1663 4942 1793 5010; x_wconf 84' lang='lat' dir='ltr'>con-</span> 
     </span>
    </p>
   </div>
   <div class='ocr_carea' id='block_1_97' title="bbox 143 5039 1795 5115">
    <p class='ocr_par' dir='ltr' id='par_1_97' title="bbox 143 5039 1795 5115">
     <span class='ocr_line' id='line_1_97' title="bbox 143 5039 1795 5115; baseline 0.004 -22"><span class='ocrx_word' id='word_1_791' title='bbox 143 5039 315 5097; x_wconf 82' lang='lat' dir='ltr'>versis</span> <span class='ocrx_word' id='word_1_792' title='bbox 331 5043 621 5099; x_wconf 88' lang='lat' dir='ltr'>confessio</span> <span class='ocrx_word' id='word_1_793' title='bbox 638 5043 832 5099; x_wconf 89' lang='lat' dir='ltr'>laudis</span> <span class='ocrx_word' id='word_1_794' title='bbox 859 5045 1116 5099; x_wconf 74' lang='lat' dir='ltr'>offertur.</span> <span class='ocrx_word' id='word_1_795' title='bbox 1133 5044 1216 5099; x_wconf 89' lang='lat' dir='ltr'>Ab</span> <span class='ocrx_word' id='word_1_796' title='bbox 1241 5043 1349 5098; x_wconf 90' lang='lat' dir='ltr'>hoc</span> <span class='ocrx_word' id='word_1_797' title='bbox 1369 5059 1539 5098; x_wconf 90' lang='lat' dir='ltr'>versu</span> <span class='ocrx_word' id='word_1_798' title='bbox 1585 5044 1795 5115; x_wconf 87' lang='lat' dir='ltr'>incipit</span> 
     </span>
    </p>
   </div>
   <div class='ocr_carea' id='block_1_98' title="bbox 147 5129 1256 5188">
    <p class='ocr_par' dir='ltr' id='par_1_98' title="bbox 147 5129 1256 5188">
     <span class='ocr_line' id='line_1_98' title="bbox 147 5129 1256 5188; baseline 0.005 -7"><span class='ocrx_word' id='word_1_799' title='bbox 147 5129 438 5187; x_wconf 84' lang='lat' dir='ltr'>ostendere</span> <span class='ocrx_word' id='word_1_800' title='bbox 467 5132 880 5188; x_wconf 73' lang='lat' dir='ltr'>exultationem</span> <span class='ocrx_word' id='word_1_801' title='bbox 912 5132 1256 5188; x_wconf 88' lang='lat' dir='ltr'>divinitatis.</span> 
     </span>
    </p>
   </div>
   <div class='ocr_carea' id='block_1_99' title="bbox 216 5219 1796 5295">
    <p class='ocr_par' dir='ltr' id='par_1_99' title="bbox 216 5219 1796 5295">
     <span class='ocr_line' id='line_1_99' title="bbox 216 5219 1796 5295; baseline 0.003 -22"><span class='ocrx_word' id='word_1_802' title='bbox 216 5219 558 5293; x_wconf 80' lang='lat' dir='ltr'>«Exsurge»</span> <span class='ocrx_word' id='word_1_803' title='bbox 586 5222 809 5291; x_wconf 89' lang='lat' dir='ltr'>dico,ut</span> <span class='ocrx_word' id='word_1_804' title='bbox 831 5222 964 5278; x_wconf 80' lang='lat' dir='ltr'>finis</span> <span class='ocrx_word' id='word_1_805' title='bbox 983 5222 1356 5277; x_wconf 90' lang='lat' dir='ltr'>inimicorum</span> <span class='ocrx_word' id='word_1_806' title='bbox 1370 5223 1673 5295; x_wconf 88' lang='lat' dir='ltr'>possideas</span> <span class='ocrx_word' id='word_1_807' title='bbox 1698 5245 1724 5272; x_wconf 86' lang='grc'><strong>‹‹</strong></span> <span class='ocrx_word' id='word_1_808' title='bbox 1739 5227 1796 5278; x_wconf 85' lang='grc'>01</span> 
     </span>
    </p>
   </div>
   <div class='ocr_carea' id='block_1_100' title="bbox 150 5311 1797 5383">
    <p class='ocr_par' dir='ltr' id='par_1_100' title="bbox 150 5311 1797 5383">
     <span class='ocr_line' id='line_1_100' title="bbox 150 5311 1797 5383; baseline 0.005 -25"><span class='ocrx_word' id='word_1_809' title='bbox 150 5316 382 5382; x_wconf 80' lang='lat' dir='ltr'>exsurge</span> <span class='ocrx_word' id='word_1_810' title='bbox 412 5311 471 5365; x_wconf 88' lang='lat' dir='ltr'>in</span> <span class='ocrx_word' id='word_1_811' title='bbox 504 5315 790 5383; x_wconf 83' lang='lat' dir='ltr'>praecepto</span> <span class='ocrx_word' id='word_1_812' title='bbox 823 5312 978 5383; x_wconf 91' lang='lat' dir='ltr'>quod</span> <span class='ocrx_word' id='word_1_813' title='bbox 1012 5312 1306 5367; x_wconf 89' lang='lat' dir='ltr'>mandasti</span> <span class='ocrx_word' id='word_1_814' title='bbox 1338 5334 1366 5361; x_wconf 87' lang='lat'>»</span> <span class='ocrx_word' id='word_1_815' title='bbox 1400 5312 1459 5366; x_wconf 92' lang='lat' dir='ltr'>id</span> <span class='ocrx_word' id='word_1_816' title='bbox 1505 5316 1612 5378; x_wconf 97' lang='grc'>081,</span> <span class='ocrx_word' id='word_1_817' title='bbox 1647 5328 1797 5383; x_wconf 91' lang='lat' dir='ltr'>pone</span> 
     </span>
    </p>
   </div>
   <div class='ocr_carea' id='block_1_101' title="bbox 152 5395 1798 5473">
    <p class='ocr_par' dir='ltr' id='par_1_101' title="bbox 152 5395 1798 5473">
     <span class='ocr_line' id='line_1_101' title="bbox 152 5395 1798 5473; baseline 0.005 -26"><span class='ocrx_word' id='word_1_818' title='bbox 152 5397 205 5448; x_wconf 85' lang='lat' dir='ltr'>et</span> <span class='ocrx_word' id='word_1_819' title='bbox 226 5395 403 5470; x_wconf 89' lang='lat' dir='ltr'>imple</span> <span class='ocrx_word' id='word_1_820' title='bbox 433 5398 592 5473; x_wconf 87' lang='lat' dir='ltr'>leges</span> <span class='ocrx_word' id='word_1_821' title='bbox 622 5404 756 5457; x_wconf 91' lang='lat' dir='ltr'>tuas</span> <span class='ocrx_word' id='word_1_822' title='bbox 787 5400 849 5455; x_wconf 90' lang='lat' dir='ltr'>in</span> <span class='ocrx_word' id='word_1_823' title='bbox 882 5401 1157 5458; x_wconf 89' lang='lat' dir='ltr'>omnibus</span> <span class='ocrx_word' id='word_1_824' title='bbox 1180 5400 1490 5472; x_wconf 88' lang='lat' dir='ltr'>possessis,</span> <span class='ocrx_word' id='word_1_825' title='bbox 1516 5404 1572 5455; x_wconf 91' lang='lat' dir='ltr'>et</span> <span class='ocrx_word' id='word_1_826' title='bbox 1603 5400 1686 5456; x_wconf 90' lang='lat' dir='ltr'>sic</span> <span class='ocrx_word' id='word_1_827' title='bbox 1710 5417 1798 5472; x_wconf 85' lang='lat' dir='ltr'>sy-</span> 
     </span>
    </p>
   </div>
   <div class='ocr_carea' id='block_1_102' title="bbox 152 5490 1797 5563">
    <p class='ocr_par' dir='ltr' id='par_1_102' title="bbox 152 5490 1797 5563">
     <span class='ocr_line' id='line_1_102' title="bbox 152 5490 1797 5563; baseline 0.001 -20"><span class='ocrx_word' id='word_1_828' title='bbox 152 5499 367 5560; x_wconf 85' lang='lat' dir='ltr'>nagoga</span> <span class='ocrx_word' id='word_1_829' title='bbox 394 5490 747 5563; x_wconf 89' lang='lat' dir='ltr'>populorum</span> <span class='ocrx_word' id='word_1_830' title='bbox 777 5490 1165 5547; x_wconf 88' lang='lat' dir='ltr'>circumdabit</span> <span class='ocrx_word' id='word_1_831' title='bbox 1203 5494 1278 5558; x_wconf 90' lang='lat' dir='ltr'>te,</span> <span class='ocrx_word' id='word_1_832' title='bbox 1304 5490 1708 5563; x_wconf 79' lang='lat' dir='ltr'>impugnanda</span> <span class='ocrx_word' id='word_1_833' title='bbox 1739 5494 1797 5546; x_wconf 89' lang='lat' dir='ltr'>et</span> 
     </span>
    </p>
   </div>
   <div class='ocr_carea' id='block_1_103' title="bbox 152 5572 944 5652">
    <p class='ocr_par' dir='ltr' id='par_1_103' title="bbox 152 5572 944 5652">
     <span class='ocr_line' id='line_1_103' title="bbox 152 5572 944 5652; baseline 0.009 -25"><span class='ocrx_word' id='word_1_834' title='bbox 152 5572 438 5634; x_wconf 76' lang='lat' dir='ltr'>Christum</span> <span class='ocrx_word' id='word_1_835' title='bbox 467 5583 526 5636; x_wconf 90' lang='lat' dir='ltr'>et</span> <span class='ocrx_word' id='word_1_836' title='bbox 556 5580 703 5636; x_wconf 90' lang='lat' dir='ltr'>alios</span> <span class='ocrx_word' id='word_1_837' title='bbox 727 5581 944 5652; x_wconf 90' lang='lat' dir='ltr'>justos.</span> 
     </span>
    </p>
   </div>
   <div class='ocr_carea' id='block_1_104' title="bbox 219 5664 1794 5741">
    <p class='ocr_par' dir='ltr' id='par_1_104' title="bbox 219 5664 1794 5741">
     <span class='ocr_line' id='line_1_104' title="bbox 219 5664 1794 5741; baseline 0.002 -21"><span class='ocrx_word' id='word_1_838' title='bbox 219 5664 343 5720; x_wconf 77' lang='lat' dir='ltr'>«Et</span> <span class='ocrx_word' id='word_1_839' title='bbox 396 5672 633 5741; x_wconf 89' lang='lat' dir='ltr'>propter</span> <span class='ocrx_word' id='word_1_840' title='bbox 690 5668 844 5723; x_wconf 90' lang='lat' dir='ltr'>hanc</span> <span class='ocrx_word' id='word_1_841' title='bbox 873 5690 903 5718; x_wconf 90' lang='lat'>»</span> <span class='ocrx_word' id='word_1_842' title='bbox 937 5668 1021 5723; x_wconf 90' lang='lat' dir='ltr'>sic</span> <span class='ocrx_word' id='word_1_843' title='bbox 1077 5669 1433 5724; x_wconf 90' lang='lat' dir='ltr'>obstinatam</span> <span class='ocrx_word' id='word_1_844' title='bbox 1483 5671 1688 5722; x_wconf 90' lang='lat' dir='ltr'>contra</span> <span class='ocrx_word' id='word_1_845' title='bbox 1738 5672 1794 5723; x_wconf 89' lang='lat' dir='ltr'>te</span> 
     </span>
    </p>
   </div>
   <div class='ocr_carea' id='block_1_105' title="bbox 158 5755 1791 5827">
    <p class='ocr_par' dir='ltr' id='par_1_105' title="bbox 158 5755 1791 5827">
     <span class='ocr_line' id='line_1_105' title="bbox 158 5755 1791 5827; baseline 0.002 -19"><span class='ocrx_word' id='word_1_846' title='bbox 158 5766 185 5797; x_wconf 72' lang='grc' dir='ltr'><strong><em>α</em></strong></span> <span class='ocrx_word' id='word_1_847' title='bbox 211 5756 506 5825; x_wconf 83' lang='lat' dir='ltr'>regredere</span> <span class='ocrx_word' id='word_1_848' title='bbox 527 5756 587 5812; x_wconf 90' lang='lat' dir='ltr'>in</span> <span class='ocrx_word' id='word_1_849' title='bbox 610 5756 797 5813; x_wconf 88' lang='lat' dir='ltr'>altum</span> <span class='ocrx_word' id='word_1_850' title='bbox 821 5779 853 5807; x_wconf 87' lang='lat'>»</span> <span class='ocrx_word' id='word_1_851' title='bbox 883 5756 940 5811; x_wconf 84' lang='lat' dir='ltr'>id</span> <span class='ocrx_word' id='word_1_852' title='bbox 965 5755 1368 5827; x_wconf 88' lang='lat' dir='ltr'>est,subtrahe</span> <span class='ocrx_word' id='word_1_853' title='bbox 1390 5760 1447 5811; x_wconf 87' lang='lat' dir='ltr'>te</span> <span class='ocrx_word' id='word_1_854' title='bbox 1478 5756 1550 5811; x_wconf 90' lang='lat' dir='ltr'>ab</span> <span class='ocrx_word' id='word_1_855' title='bbox 1589 5772 1791 5812; x_wconf 86' lang='lat' dir='ltr'>eorum</span> 
     </span>
    </p>
   </div>
   <div class='ocr_carea' id='block_1_106' title="bbox 1971 4768 3554 4843">
    <p class='ocr_par' dir='ltr' id='par_1_106' title="bbox 1971 4768 3554 4843">
     <span class='ocr_line' id='line_1_106' title="bbox 1971 4768 3554 4843; baseline -0.001 -18"><span class='ocrx_word' id='word_1_856' title='bbox 1971 4772 2042 4825; x_wconf 88' lang='lat' dir='ltr'>Et</span> <span class='ocrx_word' id='word_1_857' title='bbox 2074 4770 2211 4843; x_wconf 88' lang='lat' dir='ltr'>quia</span> <span class='ocrx_word' id='word_1_858' title='bbox 2243 4770 2527 4826; x_wconf 90' lang='lat' dir='ltr'>Dominus</span> <span class='ocrx_word' id='word_1_859' title='bbox 2560 4769 2694 4825; x_wconf 89' lang='lat' dir='ltr'>talis</span> <span class='ocrx_word' id='word_1_860' title='bbox 2726 4770 2976 4838; x_wconf 91' lang='lat' dir='ltr'>est,ideo</span> <span class='ocrx_word' id='word_1_861' title='bbox 2997 4785 3099 4823; x_wconf 89' lang='lat' dir='ltr'>vos</span> <span class='ocrx_word' id='word_1_862' title='bbox 3132 4768 3554 4840; x_wconf 86' lang='lat' dir='ltr'>impiiconvcr-</span> 
     </span>
    </p>
   </div>
   <div class='ocr_carea' id='block_1_107' title="bbox 1899 4857 3557 4932">
    <p class='ocr_par' dir='ltr' id='par_1_107' title="bbox 1899 4857 3557 4932">
     <span class='ocr_line' id='line_1_107' title="bbox 1899 4857 3557 4932; baseline -0.001 -17"><span class='ocrx_word' id='word_1_863' title='bbox 1899 4859 2094 4915; x_wconf 89' lang='lat' dir='ltr'>timini</span> <span class='ocrx_word' id='word_1_864' title='bbox 2144 4861 2216 4915; x_wconf 88' lang='lat' dir='ltr'>ad</span> <span class='ocrx_word' id='word_1_865' title='bbox 2257 4876 2415 4925; x_wconf 90' lang='lat' dir='ltr'>eum,</span> <span class='ocrx_word' id='word_1_866' title='bbox 2448 4859 2589 4932; x_wconf 81' lang='lat' dir='ltr'>quia</span> <span class='ocrx_word' id='word_1_867' title='bbox 2620 4881 2648 4909; x_wconf 89' lang='grc'>‹‹</span> <span class='ocrx_word' id='word_1_868' title='bbox 2681 4858 2793 4914; x_wconf 86' lang='lat' dir='ltr'>nisi</span> <span class='ocrx_word' id='word_1_869' title='bbox 2843 4858 3104 4913; x_wconf 89' lang='lat' dir='ltr'>conversi</span> <span class='ocrx_word' id='word_1_870' title='bbox 3149 4857 3395 4925; x_wconf 86' lang='lat' dir='ltr'>fueritis,</span> <span class='ocrx_word' id='word_1_871' title='bbox 3428 4858 3557 4932; x_wconf 91' lang='lat' dir='ltr'>gla-</span> 
     </span>
    </p>
   </div>
   <div class='ocr_carea' id='block_1_108' title="bbox 1901 4947 3557 5021">
    <p class='ocr_par' dir='ltr' id='par_1_108' title="bbox 1901 4947 3557 5021">
     <span class='ocr_line' id='line_1_108' title="bbox 1901 4947 3557 5021; baseline -0.001 -16"><span class='ocrx_word' id='word_1_872' title='bbox 1901 4949 2064 5005; x_wconf 90' lang='lat' dir='ltr'>dium</span> <span class='ocrx_word' id='word_1_873' title='bbox 2112 4965 2286 5003; x_wconf 90' lang='lat' dir='ltr'>suum</span> <span class='ocrx_word' id='word_1_874' title='bbox 2338 4949 2592 5004; x_wconf 88' lang='lat' dir='ltr'>vibrabit</span> <span class='ocrx_word' id='word_1_875' title='bbox 2623 4970 2650 4999; x_wconf 89' lang='lat'>»</span> <span class='ocrx_word' id='word_1_876' title='bbox 2703 4966 2882 5021; x_wconf 89' lang='lat' dir='ltr'>super</span> <span class='ocrx_word' id='word_1_877' title='bbox 2926 4965 3048 5015; x_wconf 90' lang='lat' dir='ltr'>vos,</span> <span class='ocrx_word' id='word_1_878' title='bbox 3110 4947 3390 5020; x_wconf 89' lang='lat' dir='ltr'>quoniam</span> <span class='ocrx_word' id='word_1_879' title='bbox 3432 4948 3557 5020; x_wconf 89' lang='lat' dir='ltr'>ipse</span> 
     </span>
    </p>
   </div>
   <div class='ocr_carea' id='block_1_109' title="bbox 1902 5036 3556 5109">
    <p class='ocr_par' dir='ltr' id='par_1_109' title="bbox 1902 5036 3556 5109">
     <span class='ocr_line' id='line_1_109' title="bbox 1902 5036 3556 5109; baseline -0.003 -14"><span class='ocrx_word' id='word_1_880' title='bbox 1902 5040 2057 5095; x_wconf 90' lang='lat' dir='ltr'>Deus</span> <span class='ocrx_word' id='word_1_881' title='bbox 2095 5042 2186 5094; x_wconf 88' lang='lat' dir='ltr'>est</span> <span class='ocrx_word' id='word_1_882' title='bbox 2225 5039 2427 5109; x_wconf 85' lang='lat' dir='ltr'>judex,</span> <span class='ocrx_word' id='word_1_883' title='bbox 2467 5038 2524 5093; x_wconf 91' lang='lat' dir='ltr'>id</span> <span class='ocrx_word' id='word_1_884' title='bbox 2583 5042 2695 5109; x_wconf 85' lang='lat' dir='ltr'>est,</span> <span class='ocrx_word' id='word_1_885' title='bbox 2748 5038 3030 5092; x_wconf 89' lang='lat' dir='ltr'>retribuet</span> <span class='ocrx_word' id='word_1_886' title='bbox 3078 5036 3394 5109; x_wconf 90' lang='lat' dir='ltr'>unicuique</span> <span class='ocrx_word' id='word_1_887' title='bbox 3452 5054 3556 5109; x_wconf 89' lang='lat' dir='ltr'>pro</span> 
     </span>
    </p>
   </div>
   <div class='ocr_carea' id='block_1_110' title="bbox 1904 5126 3556 5199">
    <p class='ocr_par' dir='ltr' id='par_1_110' title="bbox 1904 5126 3556 5199">
     <span class='ocr_line' id='line_1_110' title="bbox 1904 5126 3556 5199; baseline -0.001 -16"><span class='ocrx_word' id='word_1_888' title='bbox 1904 5129 2134 5183; x_wconf 90' lang='lat' dir='ltr'>merito.</span> <span class='ocrx_word' id='word_1_889' title='bbox 2188 5128 2296 5183; x_wconf 91' lang='lat' dir='ltr'>Per</span> <span class='ocrx_word' id='word_1_890' title='bbox 2342 5127 2453 5183; x_wconf 91' lang='lat' dir='ltr'>hoc</span> <span class='ocrx_word' id='word_1_891' title='bbox 2501 5127 2759 5182; x_wconf 86' lang='lat' dir='ltr'>ostendit</span> <span class='ocrx_word' id='word_1_892' title='bbox 2800 5130 3143 5199; x_wconf 88' lang='lat' dir='ltr'>potestatem</span> <span class='ocrx_word' id='word_1_893' title='bbox 3190 5126 3405 5181; x_wconf 87' lang='lat' dir='ltr'>habere</span> <span class='ocrx_word' id='word_1_894' title='bbox 3444 5142 3556 5197; x_wconf 89' lang='lat' dir='ltr'>pu-</span> 
     </span>
    </p>
   </div>
   <div class='ocr_carea' id='block_1_111' title="bbox 1905 5213 3559 5287">
    <p class='ocr_par' dir='ltr' id='par_1_111' title="bbox 1905 5213 3559 5287">
     <span class='ocr_line' id='line_1_111' title="bbox 1905 5213 3559 5287; baseline -0.002 -15"><span class='ocrx_word' id='word_1_895' title='bbox 1905 5218 2101 5272; x_wconf 88' lang='lat' dir='ltr'>niendi</span> <span class='ocrx_word' id='word_1_896' title='bbox 2139 5234 2152 5273; x_wconf 91' lang='lat'>:</span> <span class='ocrx_word' id='word_1_897' title='bbox 2188 5223 2245 5272; x_wconf 91' lang='lat' dir='ltr'>et</span> <span class='ocrx_word' id='word_1_898' title='bbox 2276 5234 2347 5271; x_wconf 92' lang='lat' dir='ltr'>ne</span> <span class='ocrx_word' id='word_1_899' title='bbox 2376 5221 2657 5271; x_wconf 79' lang='lat' dir='ltr'>excusent</span> <span class='ocrx_word' id='word_1_900' title='bbox 2689 5233 2750 5271; x_wconf 91' lang='lat' dir='ltr'>se</span> <span class='ocrx_word' id='word_1_901' title='bbox 2777 5233 2880 5287; x_wconf 88' lang='lat' dir='ltr'>per</span> <span class='ocrx_word' id='word_1_902' title='bbox 2906 5215 3093 5287; x_wconf 89' lang='lat' dir='ltr'>ipsius</span> <span class='ocrx_word' id='word_1_903' title='bbox 3116 5213 3338 5286; x_wconf 86' lang='lat' dir='ltr'>judicis</span> <span class='ocrx_word' id='word_1_904' title='bbox 3379 5214 3559 5285; x_wconf 89' lang='lat' dir='ltr'>impo-</span> 
     </span>
    </p>
   </div>
   <div class='ocr_carea' id='block_1_112' title="bbox 1905 5300 3557 5374">
    <p class='ocr_par' dir='ltr' id='par_1_112' title="bbox 1905 5300 3557 5374">
     <span class='ocr_line' id='line_1_112' title="bbox 1905 5300 3557 5374; baseline -0.005 -12"><span class='ocrx_word' id='word_1_905' title='bbox 1905 5306 2175 5374; x_wconf 87' lang='lat' dir='ltr'>tentiam,</span> <span class='ocrx_word' id='word_1_906' title='bbox 2200 5306 2401 5361; x_wconf 91' lang='lat' dir='ltr'>subdit</span> <span class='ocrx_word' id='word_1_907' title='bbox 2444 5327 2472 5355; x_wconf 83' lang='lat'><strong>«</strong></span> <span class='ocrx_word' id='word_1_908' title='bbox 2502 5305 2692 5372; x_wconf 89' lang='lat' dir='ltr'>fortis,</span> <span class='ocrx_word' id='word_1_909' title='bbox 2728 5327 2755 5355; x_wconf 86' lang='lat'>»</span> <span class='ocrx_word' id='word_1_910' title='bbox 2785 5305 2841 5359; x_wconf 93' lang='lat' dir='ltr'>id</span> <span class='ocrx_word' id='word_1_911' title='bbox 2895 5307 3006 5372; x_wconf 87' lang='lat' dir='ltr'>est,</span> <span class='ocrx_word' id='word_1_912' title='bbox 3054 5303 3224 5374; x_wconf 88' lang='lat' dir='ltr'>cujus</span> <span class='ocrx_word' id='word_1_913' title='bbox 3268 5300 3557 5357; x_wconf 83' lang='lat' dir='ltr'>voluntati</span> 
     </span>
    </p>
   </div>
   <div class='ocr_carea' id='block_1_113' title="bbox 1906 5391 3557 5467">
    <p class='ocr_par' dir='ltr' id='par_1_113' title="bbox 1906 5391 3557 5467">
     <span class='ocr_line' id='line_1_113' title="bbox 1906 5391 3557 5467; baseline -0.004 -16"><span class='ocrx_word' id='word_1_914' title='bbox 1906 5412 2079 5451; x_wconf 90' lang='lat' dir='ltr'>nemo</span> <span class='ocrx_word' id='word_1_915' title='bbox 2111 5396 2298 5467; x_wconf 90' lang='lat' dir='ltr'>possit</span> <span class='ocrx_word' id='word_1_916' title='bbox 2320 5394 2695 5450; x_wconf 88' lang='lat' dir='ltr'>resistere.Et</span> <span class='ocrx_word' id='word_1_917' title='bbox 2716 5409 2787 5448; x_wconf 90' lang='lat' dir='ltr'>ne</span> <span class='ocrx_word' id='word_1_918' title='bbox 2811 5392 2894 5446; x_wconf 90' lang='lat' dir='ltr'>illi</span> <span class='ocrx_word' id='word_1_919' title='bbox 2919 5392 3179 5447; x_wconf 90' lang='lat' dir='ltr'>dicerent</span> <span class='ocrx_word' id='word_1_920' title='bbox 3212 5408 3224 5445; x_wconf 92' lang='lat'>:</span> <span class='ocrx_word' id='word_1_921' title='bbox 3260 5391 3318 5445; x_wconf 91' lang='lat' dir='ltr'>Si</span> <span class='ocrx_word' id='word_1_922' title='bbox 3352 5394 3557 5462; x_wconf 86' lang='lat' dir='ltr'>potens</span> 
     </span>
    </p>
   </div>
   <div class='ocr_carea' id='block_1_114' title="bbox 1903 5479 3558 5556">
    <p class='ocr_par' dir='ltr' id='par_1_114' title="bbox 1903 5479 3558 5556">
     <span class='ocr_line' id='line_1_114' title="bbox 1903 5479 3558 5556; baseline -0.005 -16"><span class='ocrx_word' id='word_1_923' title='bbox 1903 5490 2079 5551; x_wconf 88' lang='lat' dir='ltr'>esset,</span> <span class='ocrx_word' id='word_1_924' title='bbox 2104 5486 2230 5556; x_wconf 87' lang='lat' dir='ltr'>jam</span> <span class='ocrx_word' id='word_1_925' title='bbox 2264 5483 2552 5555; x_wconf 88' lang='lat' dir='ltr'>punisset,</span> <span class='ocrx_word' id='word_1_926' title='bbox 2585 5481 2788 5537; x_wconf 87' lang='lat' dir='ltr'>subdit</span> <span class='ocrx_word' id='word_1_927' title='bbox 2822 5502 2850 5532; x_wconf 85' lang='lat'><strong>«</strong></span> <span class='ocrx_word' id='word_1_928' title='bbox 2880 5481 3129 5553; x_wconf 89' lang='lat' dir='ltr'>patiens,</span> <span class='ocrx_word' id='word_1_929' title='bbox 3172 5502 3193 5529; x_wconf 70' lang='grc' dir='ltr'><strong>ι</strong></span> <span class='ocrx_word' id='word_1_930' title='bbox 3219 5479 3276 5534; x_wconf 92' lang='lat' dir='ltr'>id</span> <span class='ocrx_word' id='word_1_931' title='bbox 3308 5484 3414 5546; x_wconf 91' lang='lat' dir='ltr'>est,</span> <span class='ocrx_word' id='word_1_932' title='bbox 3441 5494 3558 5533; x_wconf 90' lang='lat' dir='ltr'>non</span> 
     </span>
    </p>
   </div>
   <div class='ocr_carea' id='block_1_115' title="bbox 1904 5568 3557 5645">
    <p class='ocr_par' dir='ltr' id='par_1_115' title="bbox 1904 5568 3557 5645">
     <span class='ocr_line' id='line_1_115' title="bbox 1904 5568 3557 5645; baseline -0.005 -15"><span class='ocrx_word' id='word_1_933' title='bbox 1904 5573 2104 5630; x_wconf 89' lang='lat' dir='ltr'>statim</span> <span class='ocrx_word' id='word_1_934' title='bbox 2120 5573 2501 5645; x_wconf 87' lang='lat' dir='ltr'>puniens,sed</span> <span class='ocrx_word' id='word_1_935' title='bbox 2515 5574 2858 5643; x_wconf 78' lang='lat' dir='ltr'>exspectans</span> <span class='ocrx_word' id='word_1_936' title='bbox 2886 5574 3257 5641; x_wconf 88' lang='lat' dir='ltr'>peccatorum</span> <span class='ocrx_word' id='word_1_937' title='bbox 3271 5568 3557 5640; x_wconf 56' lang='lat' dir='ltr'>paeniten-</span> 
     </span>
    </p>
   </div>
   <div class='ocr_carea' id='block_1_116' title="bbox 1902 5657 3559 5735">
    <p class='ocr_par' dir='ltr' id='par_1_116' title="bbox 1902 5657 3559 5735">
     <span class='ocr_line' id='line_1_116' title="bbox 1902 5657 3559 5735; baseline -0.005 -16"><span class='ocrx_word' id='word_1_938' title='bbox 1902 5664 2043 5719; x_wconf 87' lang='lat' dir='ltr'>tiam</span> <span class='ocrx_word' id='word_1_939' title='bbox 2062 5679 2074 5719; x_wconf 92' lang='lat'>:</span> <span class='ocrx_word' id='word_1_940' title='bbox 2090 5662 2267 5719; x_wconf 88' lang='lat' dir='ltr'>ethoc</span> <span class='ocrx_word' id='word_1_941' title='bbox 2286 5663 2493 5734; x_wconf 85' lang='lat' dir='ltr'>probat</span> <span class='ocrx_word' id='word_1_942' title='bbox 2521 5660 2675 5735; x_wconf 88' lang='lat' dir='ltr'>quod</span> <span class='ocrx_word' id='word_1_943' title='bbox 2698 5659 2927 5731; x_wconf 87' lang='lat' dir='ltr'>patiens</span> <span class='ocrx_word' id='word_1_944' title='bbox 2950 5658 3192 5732; x_wconf 89' lang='lat' dir='ltr'>sit,quia</span> <span class='ocrx_word' id='word_1_945' title='bbox 3215 5676 3329 5713; x_wconf 89' lang='lat' dir='ltr'>non</span> <span class='ocrx_word' id='word_1_946' title='bbox 3357 5657 3559 5714; x_wconf 90' lang='lat' dir='ltr'>statim</span> 
     </span>
    </p>
   </div>
   <div class='ocr_carea' id='block_1_117' title="bbox 1904 5746 3561 5825">
    <p class='ocr_par' dir='ltr' id='par_1_117' title="bbox 1904 5746 3561 5825">
     <span class='ocr_line' id='line_1_117' title="bbox 1904 5746 3561 5825; baseline -0.005 -17"><span class='ocrx_word' id='word_1_947' title='bbox 1904 5752 2074 5825; x_wconf 90' lang='lat' dir='ltr'>punit</span> <span class='ocrx_word' id='word_1_948' title='bbox 2107 5755 2454 5824; x_wconf 83' lang='lat' dir='ltr'>peccata:et</span> <span class='ocrx_word' id='word_1_949' title='bbox 2482 5752 2591 5806; x_wconf 90' lang='lat' dir='ltr'>hoc</span> <span class='ocrx_word' id='word_1_950' title='bbox 2613 5754 2719 5817; x_wconf 87' lang='lat' dir='ltr'>est,</span> <span class='ocrx_word' id='word_1_951' title='bbox 2743 5771 2771 5800; x_wconf 83' lang='lat'><strong>«</strong></span> <span class='ocrx_word' id='word_1_952' title='bbox 2803 5748 3071 5822; x_wconf 91' lang='lat' dir='ltr'>nunquid</span> <span class='ocrx_word' id='word_1_953' title='bbox 3110 5747 3406 5820; x_wconf 87' lang='lat' dir='ltr'>irascitur,</span> <span class='ocrx_word' id='word_1_954' title='bbox 3439 5767 3465 5799; x_wconf 79' lang='grc'>11</span> <span class='ocrx_word' id='word_1_955' title='bbox 3500 5746 3561 5801; x_wconf 84' lang='lat' dir='ltr'>id</span> 
     </span>
    </p>
   </div>
  </div>
