3914 6360
346 397 466 462 219

770 391 1184 457 HAYMONIS
1214 389 1760 486 HALBER'STAT.
1795 384 2042 450 EPISC.
2076 387 2248 450 OPP.
2282 392 2484 456 PARS
2515 395 2566 456 Ι.
2598 430 2676 441 -
2705 397 3117 464 COMMENT.
3147 400 3348 468 BIBL.

3646 403 3766 468 220

347 533 636 607 est,punit
655 525 1244 604 «pcrsingulosdies?
1269 527 1392 580 Non
1422 545 1447 576 ι)
1473 523 1879 596 thuiajudex
1891 527 1999 592 est,
2029 519 2088 590 Α
2116 527 2257 582 dum
2290 527 2572 585 honorem
2595 531 2828 588 Domini
2851 561 2875 586 ιι
2894 533 3216 590 altissimi»
3242 537 3414 608 cujus
3435 537 3658 594 nomini
3679 541 3768 595 est

348 629 405 681 et
428 629 632 696 potens
664 624 771 686 est,
793 619 922 672 ideo
963 637 988 668 α
1015 615 1126 672 nisi
1161 615 1423 670 conversi
1479 613 1709 670 fueritis
1741 615 1812 670 ad
1845 631 2002 682 eum,

349 713 611 788 gladium
643 725 818 764 suum
849 705 1132 773 vibrabit;
1168 728 1194 756 »
1232 705 1360 760 ideo
1405 705 1692 760 mittendo
1739 705 1810 760 ad
1848 704 2008 775 judi-

347 799 709 870 ciumjustis
731 796 999 852 ostendet
1023 812 1355 861 coruscum,
1372 793 1574 866 impiis
1605 795 2001 850 tenebrosum.

347 889 589 948 Gladius
611 887 769 942 enim
791 885 1055 940 vibratus
1079 885 1252 938 modo
1283 884 1575 948 tenebras,
1601 885 1774 939 modo
1809 883 2004 955 splen-

343 982 546 1035 dorem
579 975 858 1032 ostendit.
887 973 1211 1045 Injudicio,
1239 975 1393 1045 quod
1425 972 1677 1028 vibrabit
1696 972 1999 1044 gladium:

341 1069 538 1140 ctjam
564 1087 584 1115 ι
609 1083 811 1122 arcum
845 1081 1021 1120 suum
1057 1063 1322 1130 tetendit,
1353 1087 1372 1114 ι
1411 1062 1469 1117 id
1502 1066 1610 1130 est,
1627 1080 1761 1118 cum
1805 1063 2006 1119 divina

341 1157 646 1229 Scriptura
675 1153 844 1210 nobis
895 1153 1087 1208 minus
1135 1151 1361 1208 incutit.
1401 1152 1507 1207 Per
1547 1151 1775 1224 lignum
1808 1170 2002 1222 arcus,

338 1248 524 1303 Vetus
556 1247 1000 1301 Testamentum
1033 1241 1319 1313 accipitur
1353 1258 1366 1296 :
1401 1241 1544 1314 quia
1572 1241 1726 1296 sicut
1750 1240 2000 1314 lignum,

338 1356 446 1412 per
477 1352 538 1392 se
571 1338 695 1392 erat
726 1333 937 1390 inutile
969 1337 1027 1388 et
1057 1329 1372 1386 inﬂexibile
1405 1347 1418 1385 :
1453 1347 1557 1402 per
1585 1330 1864 1398 chordarn
1897 1331 2006 1387 No-

336 1446 478 1484 vum
504 1422 1143 1493 Testamentum,quod
1162 1426 1331 1477 vetus
1359 1420 1778 1486 intenditur,et
1797 1421 1867 1476 ad
1895 1421 2006 1476 uti-

338 1519 568 1574 litatem
601 1514 934 1570 intellectus
965 1511 1267 1567 reducitur
1304 1529 1325 1558 σ
1351 1513 1408 1565 et
1437 1509 1661 1582 paravit
1682 1508 1919 1578 illum,»
1942 1510 2001 1566 id

338 1614 431 1665 est
461 1606 631 1662 nobis
663 1623 766 1677 per
798 1602 1087 1676 quosdam
1119 1601 1387 1656 doctores
1416 1598 1846 1672 intelligibilem
1880 1601 2004 1656 red-

339 1698 512 1756 didit.

419 1809 441 1838 ι
475 1789 545 1844 Et
575 1786 634 1842 in
659 1804 724 1842 eo
754 1803 780 1836 ι»
821 1801 984 1849 arcu,
1011 1780 1234 1837 scilicet
1265 1779 1462 1835 divina
1491 1779 1814 1851 Scriptura,
1854 1800 1876 1828 ι
1898 1797 1999 1853 pa-

333 1879 489 1940 ravit
515 1895 656 1934 vasa
705 1874 936 1942 mortis,
969 1895 997 1923 ››

331 1970 707 2034 doctores,ex
736 1965 954 2037 quibus
999 1978 1159 2017 mors
1205 1959 1568 2032 propinatur.
1589 1959 1852 2025 Quibus?
1884 1977 1996 2014 non

333 2056 757 2130 recipientibus
780 2051 1106 2108 doctrinam
1137 2066 1361 2116 eorum,
1385 2048 1772 2104 «ardentibus
1795 2073 1815 2098 ι
1841 2067 1994 2117 vero,

335 2145 395 2218 'gd
424 2150 533 2214 est,
567 2142 1044 2200 desiderantibus
1093 2139 1302 2203 Deum,
1343 2162 1363 2187 ι
1401 2138 1646 2211 sagittas
1679 2156 1838 2206 suas,
1878 2162 1898 2189 ι
1939 2140 1996 2195 id

335 2241 428 2292 est
458 2234 866 2308 przedicatores
897 2231 1080 2302 ipsos,
1109 2228 1197 2282 vel
1229 2227 1456 2282 divinas
1501 2227 1822 2284 sententias
1868 2247 1996 2301 quae

335 2325 517 2386 ::orda
544 2321 856 2378 vulnerant
887 2317 1195 2382 «effecit,»
1231 2316 1285 2370 id
1313 2321 1402 2371 est
1432 2315 1658 2371 habiles
1690 2321 1755 2372 ut
1784 2319 1998 2390 recipe-

333 2415 543 2469 rentur
572 2414 629 2466 et
661 2407 1128 2479 intclligerentur
1166 2402 1410 2475 paravit.
1442 2403 1604 2458 Unde
1633 2405 1946 2476 Apostolus
1979 2423 1992 2461 :

337 2493 371 2554 ἆ
403 2503 624 2558 Sumus
655 2499 799 2553 odor
829 2494 1036 2550 mortis
1067 2493 1127 2548 in
1153 2496 1424 2560 mortem,
1451 2491 1582 2548 aliis
1613 2493 1757 2548 odor
1783 2493 1910 2549 vitae
1935 2495 1995 2550 in

337 2591 517 2646 vitam
546 2589 620 2657 (II
643 2590 768 2646 Cor.
802 2587 886 2652 11).
917 2603 944 2634 υ

410 2679 572 2734 Licet
597 2678 750 2733 Deus
782 2673 866 2729 sic
895 2671 1084 2728 vibret
1113 2669 1399 2744 gladium,
1430 2669 1515 2726 sic
1565 2675 1730 2742 paret
1767 2689 1991 2742 arcum,

337 2771 536 2824 tamen
569 2765 731 2838 impii
767 2781 881 2818 non
915 2759 1228 2826 desistunt,
1255 2759 1355 2814 sed
1385 2776 1516 2814 ecce
1547 2759 1766 2832 impius
1803 2781 1830 2814 tt
1861 2779 1994 2834 par-

337 2857 522 2924 iuriit,
549 2877 576 2906 η
613 2855 668 2910 id
697 2857 788 2908 est
817 2855 1063 2906 conatur
1081 2849 1345 2904 emittere
1375 2871 1401 2898 ‹‹
1421 2847 1796 2920 injustitiam,
1823 2874 1850 2901 ››
1878 2870 1992 2908 non

337 2947 452 3002 alio
483 2948 726 3017 cogente
758 2958 894 2996 eum
917 2940 988 2995 ad
1025 2937 1272 3005 hoc,sed
1305 2936 1445 3008 quia
1465 2937 1590 3008 ipse
1620 2959 1645 2990 α
1666 2940 1930 3012 concepit
1959 2961 1984 2992 »ι

339 3033 686 3110 cogitatione
703 3030 1070 3088 etvoluntate
1095 3055 1117 3078 ‹‹
1143 3025 1400 3082 dolorem
1427 3050 1450 3073 »
1471 3027 1527 3081 id
1552 3032 1641 3083 est
1663 3034 1990 3100 peccatum,

340 3143 439 3202 pro
461 3141 576 3198 quo
605 3123 656 3178 ei
690 3118 942 3177 maxime
989 3121 1079 3172 est
1109 3115 1446 3176 dolendum.
1480 3138 1503 3162 «
1537 3119 1593 3171 et
1620 3117 1845 3189 peperit
1879 3140 1900 3163 υ
1935 3119 1992 3175 id

341 3220 423 3272 {st
452 3230 624 3286 opere
651 3208 961 3281 complevit
992 3233 1016 3256 α
1048 3205 1443 3278 iniquitatem.
1479 3227 1502 3250 ι)

1035 1871 1090 1926 id
1141 1875 1248 1936 est,
1302 1868 1595 1941 apostolos
1646 1873 2000 1960 cmterosque
2031 1897 2078 1960 Β

2117 617 2515 690 psallendum,
2550 620 2828 692 quoniam
2862 623 2987 695 ipse
3017 624 3346 682 altissimus
3376 630 3485 682 est.
3520 626 3769 684 Psallere

2115 725 2251 762 vero
2284 711 2392 773 est,
2412 708 2646 764 Domini
2677 712 2976 782 mandata,
2995 716 3053 768 et
3081 715 3358 786 operibus
3395 732 3688 788 peragere,
3713 721 3772 773 et

2115 794 2370 868 hymnos
2412 801 2469 853 et
2496 797 2758 870 psalmos
2807 805 2866 857 et
2895 801 3126 858 cantica
3151 819 3289 860 voce
3313 809 3373 860 et
3417 807 3589 862 corde
3633 823 3769 863 can-

2114 888 2256 939 tare.

2633 1013 2705 1069 IN
2749 1014 3094 1072 PSALMUM
3132 1017 3262 1074 VIII

2113 1117 2375 1174 TITULUS
2411 1136 2424 1174 :
2461 1121 2518 1174 In
2552 1121 2716 1192 ﬁncm
2743 1123 2992 1194 psalmus
3036 1124 3210 1180 David
3253 1141 3356 1198 pro
3386 1125 3770 1183 torcularibus.

2187 1272 2210 1296 ‹‹
2242 1243 2488 1300 Domine
2518 1243 2795 1302 dominus
2816 1251 3034 1315 noster,
3069 1268 3094 1294 »
3125 1249 3391 1322 psalmus
3425 1250 3535 1308 iste
3565 1268 3773 1309 conve-

2113 1331 2199 1386 nit
2220 1331 2398 1388 David
2432 1333 2812 1407 prophetaa,et
2836 1337 3114 1394 omnibus
3143 1339 3215 1394 de
3234 1339 3494 1397 Ecclesia
3511 1357 3638 1414 qua:
3659 1341 3776 1397 fuit

2111 1425 2249 1477 ante
2281 1423 2595 1478 adventum
2628 1423 2862 1481 Christi.
2895 1426 3166 1484 Psalmus
3192 1429 3343 1498 dico,
3377 1447 3482 1502 pro
3514 1429 3773 1487 torcula-

2111 1509 2276 1567 ribus
2309 1528 2512 1584 agens,
2546 1512 2604 1568 id
2637 1518 2744 1581 est,
2761 1531 2865 1586 pro
2894 1515 3186 1586 Ecclesiae,
3205 1535 3333 1590 quae
3355 1518 3484 1575 ideo
3513 1518 3773 1575 torcular

2111 1597 2484 1673 intelligitur,
2513 1601 2654 1674 quia
2690 1603 2750 1658 in
2809 1617 2878 1660 ea
2919 1609 3060 1660 sunt
3105 1609 3164 1662 et
3193 1605 3494 1678 rejiciendi
3537 1611 3597 1664 et
3625 1607 3770 1663 reci-

2109 1689 2308 1760 piendi
2343 1707 2357 1746 :
2391 1689 2546 1746 sicut
2579 1690 2636 1746 in
2668 1691 2944 1749 torculari
2972 1693 3175 1750 vinum
3219 1694 3588 1768 exprimitur,
3613 1699 3767 1769 quod

2110 1778 2396 1834 retinetur
2428 1796 2442 1834 :
2477 1786 2534 1835 et
2583 1780 2789 1836 acinus
2825 1787 3108 1851 remanet,
3142 1784 3243 1856 qui
3287 1784 3563 1856 ejicitur:
3599 1787 3772 1858 cujus

2110 1867 2384 1924 universa
2415 1885 2694 1940 pressura
2723 1871 2789 1924 ﬁt
2818 1870 3030 1926 Christi
3061 1871 3470 1944 permissione.
3497 1873 3771 1933 Psalmus

2110 1974 2218 2012 nos
2250 1957 2308 2012 in
2341 1956 2640 2013 Christum
2673 1957 2876 2031 dirigit
2907 1976 2920 2014 :
2955 1963 3010 2014 et
3043 1959 3153 2016 hoc
3185 1963 3274 2016 est
3316 1962 3473 2033 quod
3521 1963 3684 2031 dicit,
3707 1963 3767 2020 in

2108 2046 2309 2112 ﬁnem,
2335 2045 2392 2100 id
2425 2051 2536 2113 est,
2569 2047 2846 2130 admonet
2875 2065 2982 2104 nos
3033 2047 3301 2105 inﬁdeles
3347 2054 3415 2106 ut
3441 2050 3768 2109 voluntarie

2108 2134 2223 2189 Deo
2257 2133 2666 2206 subjiciamur.
2702 2135 2944 2192 Materia
2989 2141 3081 2192 est
3127 2138 3417 2196 Christus.
3446 2140 3527 2196 De
3566 2157 3633 2196 eo
3678 2142 3768 2198 sic

2107 2224 2261 2295 agit:
2288 2224 2545 2278 ostendit
2565 2224 2940 2280 excellentem
2964 2227 3286 2298 potentiam
3307 2227 3629 2286 divinitatis
3663 2247 3770 2302 per

2107 2313 2425 2385 magnifica
2451 2329 2560 2367 sua
2589 2329 2764 2384 opera
2810 2313 3068 2369 ostendit
3115 2316 3294 2372 etiam
3337 2316 3766 2375 humanitatem

2105 2403 2235 2474 ejus
2268 2400 2795 2468 humilem,deinde
2816 2401 3131 2458 exaltatam
3153 2421 3333 2478 super
3349 2422 3583 2463 omnem
3605 2423 3766 2464 crea-

2104 2495 2320 2546 turam.
2349 2489 2596 2545 Intentio
2627 2506 2760 2546 vero
2791 2494 2900 2558 est,
2934 2492 3249 2548 admonere
3274 2492 3640 2562 inﬁdeles,ut
3657 2497 3761 2552 tali

2105 2578 2352 2634 Domino
2400 2577 2815 2649 subjiciuntur.
2867 2579 3154 2652 Loquitur
3200 2581 3296 2637 hic
3342 2583 3625 2656 propheta
3671 2585 3760 2641 vel

2105 2665 2434 2739 quilibetdo
2458 2665 2718 2722 Ecclesia
2746 2683 2874 2738 quae
2894 2667 3008 2722 fuit
3028 2673 3163 2726 ante
3186 2671 3502 2727 adventum
3524 2673 3759 2742 Christi,

2103 2761 2161 2812 et
2189 2773 2222 2810 a
2255 2755 2727 2827 magnificatione
2759 2754 3080 2813 divinitatis
3101 2757 3311 2830 incipit
3333 2775 3346 2815 :
3367 2763 3423 2815 et
3441 2759 3537 2816 hic
3554 2778 3761 2834 quam-

2104 2846 2240 2901 dam
2293 2843 2744 2899 exsultationem
2795 2845 3102 2900 attendens
3164 2847 3491 2904 secundum
3547 2849 3762 2906 Christi

2103 2934 2480 3008 dignitatem,
2502 2933 2809 3005 praemittit
2836 2933 3036 2991 dicens
3063 2952 3076 2990 :
3113 2958 3137 2982 «
3159 2935 3469 3006 Domine,»
3502 2939 3602 3011 qui
3625 2957 3762 2995 cum

2104 3023 2383 3080 omnibus
2415 3022 2738 3078 domineris
2771 3042 2793 3065 ‹‹
2827 3022 3112 3080 Dominus
3158 3030 3357 3081 noster
3382 3047 3405 3070 υ
3433 3027 3766 3099 specialiter

2102 3131 2185 3182 es,
2219 3111 2360 3186 quia
2391 3115 2625 3167 tuorum
2662 3111 2949 3168 bonorum
2984 3111 3297 3186 participes
3343 3115 3479 3170 facti
3528 3133 3760 3189 sumus,

2109 3226 2130 3254 α
2157 3219 2357 3274 quam,
2384 3225 2407 3248 »
2442 3200 2501 3257 id
2533 3205 2622 3256 est
2651 3205 2964 3273 quantum,
2988 3217 3014 3249 α
3033 3219 3244 3258 nomen
3267 3207 3458 3272 tuum,
3478 3230 3500 3255 η
3532 3205 3765 3262 honori-

408 3265 756 3358 ilielcvautem
781 3265 1046 3353 iaciendo
1071 3265 1307 3348 «lacum
1347 3291 1460 3348 sibi
1499 3294 1782 3364 aperuit,»
1817 3295 1872 3350 id
1901 3302 1991 3352 est
2020 3265 2064 3332 C
2107 3290 2344 3347 licentia
2388 3294 2510 3358 tua,
2555 3290 2730 3358 fama,
2763 3289 2968 3362 gloria,
3005 3315 3028 3339 ‹‹
3053 3295 3140 3347 est
3193 3291 3537 3351 admirabile
3567 3317 3592 3341 ι»
3641 3313 3762 3352 non

341 3389 726 3462 nrzecipitium
759 3385 868 3440 sibi
903 3383 1122 3457 peccati
1145 3381 1371 3454 paravit
1402 3413 1424 3436 «
1453 3386 1512 3436 et
1533 3383 1733 3437 eil'odit
1754 3383 1944 3454 illum,
1968 3409 1990 3435 ι

364 3482 396 3536 d
428 3483 517 3535 est
548 3473 926 3548 ampliﬁcavit
956 3469 1304 3543 periculum,
1335 3491 1357 3512 α
1376 3475 1434 3525 et
1468 3469 1747 3526 inoiditin
1771 3472 1994 3530 foveam

345 3567 518 3632 Tuam
553 3565 703 3629 fecit,
738 3588 765 3619 ι)
795 3561 854 3615 id
886 3563 973 3615 est
1004 3577 1106 3632 per
1138 3560 1290 3630 quod
1326 3557 1456 3613 aliis
1507 3575 1708 3614 necem
1748 3561 1992 3632 paravit,

361 3630 533 3729 leipsu
545 3672 600 3709 m
631 3651 826 3726 potius
847 3630 1170 3721 impedivit.
1196 3646 1358 3702 Unde
1389 3630 1789 3719 Augustinus:
1814 3650 1994 3705 Nemo

355 3741 454 3801 ὀη
486 3742 650 3816 prius
683 3743 884 3814 peccat
913 3737 971 3792 in
1005 3753 1086 3803 se,
1113 3753 1290 3808 quam
1323 3733 1383 3789 in
1417 3735 1598 3790 alium
1627 3753 1638 3791 :
1664 3736 1818 3792 sicut
1849 3737 1995 3795 alios

345 3834 535 3891 .olcns
568 3829 851 3902 decipere,
887 3825 1075 3899 aperit
1107 3828 1322 3880 terram
1350 3823 1538 3896 prius,
1559 3825 1765 3881 deinde
1797 3827 1996 3883 ell‘odit

351 3921 751 3996 .mpliticando
782 3917 1028 3984 foveam,
1064 3914 1302 3970 tandem
1333 3913 1446 3970 nisi
1481 3913 1592 3968 sibi
1634 3915 1778 3971 bene
1801 3917 1991 3988 provi-

354 4027 499 4079 ‘ens,
536 4009 745 4065 incidit
774 4006 834 4062 in
867 4005 1158 4061 eamdem.
1190 4004 1378 4058 Lacus
1412 4003 1630 4058 dicitur
1659 4006 1829 4076 cujus
1853 4005 1994 4062 latet

353 4101 553 4158 .undus
587 4116 600 4154 :
637 4099 942 4170 peceatum
994 4111 1125 4148 vero
1178 4092 1395 4146 dicitur
1438 4091 1624 4159 lacus,
1666 4095 1991 4151 secundum

353 4207 443 4250 :oc
473 4188 629 4260 quod
665 4187 839 4240 tinem
873 4180 1238 4238 imminentis
1267 4198 1334 4236 ex
1355 4186 1590 4254 peccato
1614 4182 1794 4237 ruinae
1827 4182 1990 4257 igno-

351 4296 558 4336 vamus.

406 4370 472 4423 In
496 4367 605 4421 hac
627 4363 746 4420 vita
785 4360 940 4418 cadit
982 4362 1249 4432 peccator
1279 4359 1334 4414 in
1365 4357 1587 4414 foveam
1611 4361 1854 4432 peccati,
1889 4363 1992 4418 sed

363 4457 573 4514 andem
607 4455 663 4508 in
695 4453 789 4508 die
822 4449 1032 4523 judicii
1065 4452 1479 4504 «convertatur
1497 4447 1662 4504 dolor
1691 4451 1838 4521 ejus,
1875 4479 1898 4503 »
1933 4452 1990 4506 id

369 4552 422 4602 st
451 4549 756 4618 peccatum
780 4537 1299 4612 cumjucunditale
1331 4537 1427 4592 hic
1464 4543 1885 4610 perpetratum,
1911 4541 1990 4596 ibi

2105 3386 2338 3437 tantum
2373 3379 2432 3434 in
2462 3378 2675 3446 Africa,
2709 3377 2864 3435 sicut
2892 3379 3168 3436 dicebant
3199 3381 3438 3452 quidam
3480 3382 3758 3453 haeretici,

2107 3471 2207 3527 sed
2243 3495 2266 3518 (ι
2301 3469 2359 3523 in
2393 3467 2667 3522 universa
2697 3471 2870 3524 terra.
2906 3495 2930 3520 η

2179 3559 2311 3613 Ideo
2344 3557 2472 3612 dico
2506 3555 2773 3612 mirabile
2798 3584 2819 3608 «
2845 3557 3123 3629 quoniam
3147 3559 3756 3632 magnificentiatua,n

2105 3647 2163 3704 id
2196 3651 2285 3703 est
2315 3645 2669 3718 magniﬁcus
2719 3645 2902 3704 Filius
2949 3651 3110 3715 tuus,
3146 3667 3170 3690 ιι
3204 3653 3293 3704 est
3319 3649 3538 3706 elevata
3584 3669 3765 3724 super

2104 3754 2309 3794 omnes
2367 3733 2564 3802 cazlos,
2601 3756 2623 3780 ιι
2655 3733 2714 3789 id
2774 3738 2864 3790 est
2922 3753 3100 3808 super
3146 3754 3380 3794 omnem
3436 3739 3763 3813 angelicam

2104 3831 2436 3883 creaturam
2473 3841 2484 3879 :
2520 3822 2606 3878 vel
2641 3841 2819 3895 super
2855 3841 3060 3880 omnes
3111 3826 3287 3882 caelos
3333 3827 3712 3885 materialiter
3745 3848 3760 3887 :

2103 3915 2260 3989 quod
2319 3913 2442 3969 fieri
2494 3930 2608 3969 non
2657 3917 2876 3986 posset,
2929 3913 3042 3970 nisi
3089 3913 3206 3984 ille,
3261 3915 3436 3972 homo
3493 3923 3648 3974 esset
3703 3924 3764 3975 ct

2101 4005 2277 4062 Deus.

2175 4094 2416 4166 Propter
2435 4091 2544 4148 hoc
2568 4095 2658 4146 est
2680 4091 3027 4147 admirabile
3057 4109 3270 4149 nomen
3289 4098 3482 4163 tuum,
3504 4100 3562 4152 et
3580 4097 3758 4153 etiam

2102 4187 2341 4256 propter
2370 4181 2479 4236 hoc
2511 4181 2664 4252 quod
2693 4184 2754 4234 tu
2789 4198 2811 4222 (ι
2835 4180 3152 4252 perfecisti,
3175 4202 3198 4224 υ
3232 4181 3290 4238 id
3323 4187 3413 4239 est
3440 4185 3757 4256 perfectam

2104 4272 2293 4328 fecisti
2325 4295 2353 4326 α
2383 4269 2616 4325 laudem
2651 4286 2720 4324 ex
2751 4285 2848 4324 ore
2881 4268 3197 4325 infantium
3247 4276 3304 4327 et
3330 4271 3693 4344 lactentium,
3732 4299 3752 4324 ι

2103 4360 2419 4416 infantium
2453 4361 2742 4430 quantum
2785 4358 2858 4413 ad
2908 4363 3158 4427 aetatem,
3194 4359 3555 4436 lactentium,
3579 4363 3638 4420 id
3670 4370 3762 4421 est

2101 4446 2605 4523 simplicium,qui
2639 4445 2982 4520 indigebant
3003 4447 3164 4520 pasci
3194 4449 3447 4523 simplici
3471 4452 3756 4509 doctrina.

2103 4539 2363 4596 Laudem
2394 4552 2711 4610 puerorum
2733 4536 3051 4607 perfectam
3073 4537 3237 4606 dicit,
3261 4540 3401 4610 quia
3427 4557 3542 4596 non
3593 4542 3662 4597 fit
3689 4559 3760 4598 ex

348 4623 594 4692 “olorem
643 4629 886 4686 incutiet
918 4652 939 4674 ‹‹
975 4629 1033 4683 in
1059 4631 1235 4700 caput
1263 4628 1411 4698 ejus,
1449 4647 1470 4668 υ
1505 4625 1561 4682 id
1593 4631 1682 4682 est
1729 4629 1990 4686 animam
2021 4641 2070 4706 D
2101 4629 2367 4684 humano
2389 4623 2644 4699 ingenio,
2671 4625 2773 4680 sed
2805 4641 2873 4680 ex
2901 4623 3027 4681 sola
3057 4627 3394 4698 operatione
3416 4627 3758 4688 divinitatis.

365 4725 485 4796 jus.
522 4722 801 4778 Punietur
849 4718 1008 4775 enim
1057 4715 1137 4771 ibi
1191 4715 1389 4771 anima
1446 4733 1550 4788 pro
1608 4717 1885 4773 omnibus
1928 4718 1988 4775 in

364 4813 554 4884 Luibus
585 4812 679 4867 hic
708 4808 988 4883 peccavit,
1024 4827 1046 4850 υ
1079 4809 1138 4860 ct
1168 4804 1225 4860 in
1258 4805 1532 4860 verticem
1565 4806 1714 4877 ejus,
1752 4826 1774 4848 υ
1807 4807 1866 4862 id
1905 4813 1996 4864 est

365 4920 396 4956 [ι
417 4900 778 4974 superiorem
800 4902 1048 4971 partem,
1075 4894 1298 4952 scilicet
1319 4895 1625 4962 rationem,
1653 4919 1676 4942 ‹‹
1711 4895 1992 4968 iniquitas

356 4988 524 5062 psius
549 4989 922 5056 descendet,»
951 4985 1008 5040 id
1041 4989 1131 5041 est
1178 4983 1430 5056 peccatis
1461 4983 1678 5055 quibus
1710 4983 1804 5039 hic
1850 5002 1985 5040 con-

359 5079 524 5135 iensit
556 5077 817 5146 ratio,ibi
851 5075 1076 5147 absque
1107 5072 1265 5128 omni
1301 5071 1687 5128 obcmcatione
1735 5073 1995 5130 destrue-

371 5187 457 5222 ur.
492 5169 569 5222 lix
600 5184 715 5238 quo
747 5165 893 5220 dixit
925 5184 948 5208 α
971 5162 1322 5235 Dousjudex
1345 5163 1568 5234 justus,
1583 5161 1994 5232 posuitadmo-

352 5242 621 5312 litionem
655 5253 992 5328 impiorum.
1024 5277 1046 5300 η

410 5346 482 5400 Et
512 5345 789 5417 quoniam
842 5343 967 5415 ipse
1016 5340 1150 5396 talis
1187 5344 1297 5408 est,
1329 5339 1458 5395 ideo
1491 5358 1512 5380 α
1541 5340 1861 5396 confitebor
1889 5342 1996 5398 Do-

353 5434 504 5488 uino
539 5458 560 5478 »ι
594 5433 650 5488 id
683 5439 772 5488 est
819 5432 1072 5487 laudabo
1118 5429 1457 5485 Dominum.
1491 5429 1788 5501 Accipitur
1835 5433 1993 5488 enim

359 5522 632 5576 .onlessio
651 5521 736 5576 vel
765 5522 834 5576 de
856 5518 1222 5593 peccatis,vel
1247 5519 1303 5572 in
1327 5517 1522 5587 laude,
1549 5548 1571 5571 α
1596 5521 1943 5590 secundum,
1965 5545 1992 5574 »

355 5609 404 5661 σά
437 5613 526 5662 est
575 5615 812 5681 prepter
843 5607 1188 5679 «justitiam
1221 5602 1370 5678 ejus,
1401 5631 1426 5659 »ι
1457 5611 1514 5662 et
1561 5606 1809 5678 psallam
1851 5610 1996 5667 bene

358 5696 638 5763 operando
672 5718 694 5740 ιι
723 5697 944 5750 nomini
972 5695 1225 5764 Domini,
1263 5719 1283 5740 υ
1317 5694 1374 5748 id
1407 5700 1496 5750 est
1519 5696 1590 5750 ad
1638 5696 1998 5768 ampliﬁcan-

2101 4715 2399 4775 Pert‘ecisti
2445 4715 2574 4770 dico
2626 4717 2908 4787 «propter
2963 4713 3235 4772 inimicos
3293 4721 3446 4786 tuos,
3479 4735 3508 4766 υ
3539 4718 3762 4776 scilicet

2101 4807 2440 4881 pharismos.
2475 4805 2606 4860 Hmc
2637 4802 2944 4877 prophetia
2973 4803 3030 4858 in
3064 4805 3371 4879 Evangelio
3407 4824 3502 4863 ore
3523 4807 3756 4864 Domini

2101 4899 2346 4954 docetur
2375 4893 2659 4968 exposita,
2683 4909 2818 4948 cum
2850 4910 2884 4948 a
2929 4892 3148 4950 Judzeis
3190 4895 3639 4967 prohiberentur
3673 4897 3760 4952 in-

2100 4988 2316 5054 fantes,
2349 5001 2419 5040 ne
2450 4983 2686 5039 laudem
2736 4981 2970 5037 Domini
3011 4989 3372 5054 resonarcnt,
3406 4987 3708 5058 respondit
3739 5003 3754 5042 :

2105 5099 2133 5129 «
2163 5077 2367 5132 Nonne
2398 5072 2643 5146 legistis,
2677 5070 2814 5144 quia
2834 5089 2902 5128 ex
2931 5087 3028 5126 ore
3067 5071 3386 5132 infantium
3433 5077 3490 5130 et
3535 5073 3756 5131 lacten-

2101 5166 2251 5223 tium
2285 5162 2575 5237 perfecisti
2610 5160 2886 5217 laudem?
2914 5160 3121 5231 (Matth.
3153 5165 3295 5231 XXI.)
3317 5183 3341 5208 ι»
3377 5164 3617 5236 Propter
3644 5164 3756 5220 ini-

2103 5255 2288 5313 micos
2313 5253 2442 5309 dico
2475 5273 2498 5296 ιι
2532 5254 2598 5306 ut
2627 5251 2898 5307 destruas
2919 5249 3288 5320 inimicum,»
3321 5252 3546 5309 scilicet
3575 5253 3757 5309 male-

2102 5345 2323 5414 volum,
2345 5361 2368 5386 α
2393 5346 2447 5398 et
2480 5339 2752 5407 ultorem,
2787 5361 2811 5385 ι»
2845 5339 2902 5395 id
2931 5344 3022 5396 est
3051 5341 3414 5398 defensorem
3437 5359 3557 5398 suae
3585 5341 3754 5416 legis,

2102 5436 2404 5492 veritatem
2434 5427 2730 5502 Evangelii
2763 5429 3226 5502 impugnantem.

2180 5525 2313 5580 ideo
2361 5520 2501 5576 dicit
2547 5520 2812 5574 destrucs
2847 5519 3180 5591 «quoniam
3229 5537 3335 5594 ego
3384 5520 3648 5576 videbo»
3698 5521 3758 5577 in

2109 5610 2552 5672 successoribus
2582 5599 2730 5663 meis
2763 5632 2787 5658 ιι
2819 5607 2996 5664 cmlos
3024 5613 3176 5682 tuos,
3211 5634 3236 5658 ι»
3283 5610 3340 5666 id
3389 5614 3480 5666 est
3521 5614 3758 5667 sanctos

2109 5697 2531 5776 apostolos,qui
2563 5695 2840 5753 dicuntur
2868 5695 3021 5769 coeli,
3039 5698 3177 5770 quia
3206 5699 3507 5756 continent
3537 5704 3761 5757 secreta
