3914 6392
64 447 171 510 221

1229 442 1738 508 EXPLANATIO
1779 439 1859 504 IN
1903 442 2052 506 PSA
2065 441 2292 507 LMOS.

3356 447 3476 510 222

67 577 532 653 Dei,compluunt
555 579 730 636 etiam
763 595 953 634 rorem
983 578 1238 636 ccclesiis
1268 577 1546 634 doctrinae
1571 577 1708 632 fide-
1733 575 1792 644 Α
1821 582 1948 652 pter
1965 578 2076 635 hoc
2099 579 2263 650 ponit
2282 578 2682 648 feminium,ut
2711 578 2999 653 signiﬁcet
3033 578 3165 637 illos
3185 579 3475 652 quosdam

65 671 230 726 libus.
258 669 397 725 Inde
427 687 532 741 per
561 668 736 724 cmlos
757 668 1123 741 evangelicos
1144 666 1462 740 libros,qui
1495 671 1717 722 secreta

67 759 160 816 Dei
191 757 834 830 continent,possumus
866 756 1351 830 accipei'e.Cozlos
1383 755 1556 811 dico«
1579 772 1714 827 ope-

66 868 126 905 ra
153 847 467 922 digitorum
499 851 760 913 tuorum,
815 870 842 896 »
896 847 953 901 id
1004 851 1094 903 est
1153 864 1302 920 quos
1351 846 1478 918 ipsa
1525 844 1716 899 deitas

67 942 291 1011 operata
321 940 560 1008 estzper
591 936 808 1009 digitos
839 935 1146 1008 pluraliter
1172 951 1556 1008 personarum
1580 933 1714 1006 plu-

67 1026 344 1082 ralitatem
375 1025 436 1080 in
469 1025 682 1080 deitate
715 1025 1216 1097 signiﬁcatzunde
1235 1024 1374 1080 alibi
1408 1024 1716 1078 manifeste

64 1115 374 1170 trinitatem
408 1114 578 1169 nobis
608 1117 771 1169 notat
799 1131 934 1168 cum
966 1113 1108 1169 dicit
1141 1131 1153 1168 :
1193 1135 1221 1162 «
1252 1112 1392 1179 Quis
1437 1112 1719 1184 appendit

66 1203 269 1260 molem
300 1208 467 1260 terrae
501 1203 690 1259 tribus
721 1203 964 1275 digitis?
995 1226 1014 1251 »
1051 1202 1313 1257 Videbs«
1345 1205 1401 1256 et
1430 1201 1719 1267 lunam,et

67 1293 288 1362 stellas;
313 1316 340 1342 ››
360 1309 463 1365 per
489 1292 694 1348 lunam
729 1291 1065 1347 inferiorem
1096 1289 1415 1346 Ecclesiam
1440 1290 1551 1345 sub
1573 1307 1717 1361 apo-

66 1382 244 1450 stolis,
271 1381 362 1438 vcl
395 1381 724 1453 generalem
756 1379 1234 1452 Ecclesiam,quaa
1269 1397 1370 1452 pro
1401 1379 1626 1434 defectu
1663 1382 1720 1434 et

65 1471 413 1528 incremento
442 1471 585 1526 luna
615 1470 832 1526 dicitur
862 1487 874 1524 :
913 1486 1014 1542 per
1044 1469 1248 1524 stellas
1282 1467 1560 1539 intelligit
1596 1484 1716 1534 eos,

67 1559 158 1632 qui
207 1560 267 1615 in
313 1558 575 1615 Ecclesia
621 1559 681 1612 in
728 1556 940 1630 seipsis
988 1556 1188 1612 lucent
1219 1579 1246 1606 α
1279 1573 1425 1628 quas
1456 1577 1483 1604 η
1521 1553 1720 1610 stellas

65 1649 144 1704 vel
177 1671 204 1699 ‹‹
237 1667 366 1722 qua:
397 1669 426 1700 »
461 1647 684 1705 scilicet
713 1646 926 1702 caelum
957 1649 1014 1701 et
1042 1646 1281 1700 lunamu
1312 1649 1374 1699 tu
1410 1642 1666 1698 fundasti
1691 1667 1714 1695 ι

63 1738 118 1794 id
146 1743 234 1794 est
265 1737 514 1794 firmiter
545 1736 825 1804 statuisti,
861 1739 928 1790 ut
967 1734 1335 1807 quibuslibet
1381 1731 1720 1788 tentationi‘

63 1827 168 1884 bus
198 1844 491 1900 nequeam
515 1825 822 1882 dimoveri.

129 1918 372 1984 Quando
403 1917 642 1989 quidem
694 1915 816 1969 haec
866 1913 1065 1968 omnia
1107 1910 1314 1978 fecisti,
1348 1927 1484 1983 ergo
1519 1930 1547 1959 «
1580 1907 1718 1980 quid

65 2011 146 2062 est
175 2005 398 2062 homo?
427 2027 455 2056 »
490 2003 548 2059 id
579 2007 669 2059 est
700 2017 982 2074 magnum
1019 1999 1160 2072 quid
1208 1999 1376 2053 video
1422 1997 1720 2052 hominem

65 2111 200 2164 esse,
237 2113 344 2168 per
373 2095 484 2150 hoc
513 2093 670 2164 quod
722 2096 786 2145 tu
836 2107 899 2143 es
945 2107 1172 2144 memor
1219 2087 1387 2159 ejus?
1426 2087 1723 2158 Praeparas

63 2185 208 2240 enim
241 2201 351 2256 per
382 2181 509 2238 Filii
543 2181 628 2236 tui
663 2177 1195 2243 transmissionem,
1223 2176 1466 2231 humani
1491 2175 1724 2247 generis

66 2272 490 2344 reparationem
525 2287 578 2324 τί(
605 2274 706 2324 aut
737 2267 877 2340 quid
908 2271 998 2322 est
1025 2266 1180 2322 filius
1204 2265 1536 2322 hominis?»
1556 2264 1612 2318 id
1638 2269 1726 2320 est

65 2360 401 2417 humanitas
433 2355 993 2429 Christi,uquoniam
1023 2355 1228 2410 visitas
1257 2371 1390 2409 eum
1425 2352 1724 2408 nuniendo

64 2449 160 2504 tibi
192 2449 414 2506 Filium
449 2451 638 2502 tuum.
675 2445 836 2512 Quod
869 2444 1030 2512 dicit,
1067 2443 1224 2500 ﬁlius
1255 2442 1534 2508 hominis,
1565 2445 1726 2497 notat

66 2553 190 2594 eum
219 2553 428 2593 verum
462 2534 761 2590 hominem
793 2551 923 2589 esse
957 2550 969 2588 :
1007 2533 1158 2604 quod
1200 2531 1341 2587 dicit
1371 2531 1628 2586 hominis
1671 2534 1728 2585 et

67 2643 172 2682 non
203 2625 542 2692 hominum,
575 2641 710 2679 eum
745 2641 858 2678 non
906 2639 975 2677 ex
1021 2619 1260 2677 homine
1291 2625 1478 2694 patre,
1512 2619 1614 2675 sed
1659 2635 1727 2674 ex

67 2712 185 2768 sola
215 2717 408 2768 matre
439 2710 872 2766 humanitatem
905 2709 1154 2766 traxisse
1189 2708 1399 2763 innuit.

130 2801 396 2858 Visitasti
429 2799 618 2854 ﬁlium
649 2797 926 2866 hominis,
962 2803 1019 2853 et
1051 2815 1186 2854 eum
1221 2797 1408 2852 filium
1459 2813 1594 2852 cum
1643 2796 1725 2850 vi-

69 2889 276 2946 sitante
327 2891 564 2958 deitate,
613 2889 672 2945 id
723 2893 812 2944 est
843 2887 1144 2944 Christum
1192 2888 1488 2959 integrum
1533 2908 1561 2936 «
1612 2884 1726 2939 mi-

68 2980 630 3036 nuistinsecundum
663 2975 1294 3033 deitatemllumiliata
1323 2970 1482 3030 enim
1519 2975 1627 3030 fuit
1647 2974 1731 3028 di-

66 3067 299 3136 vinitas,
335 3067 572 3141 quando
622 3066 733 3122 sibi
767 3083 944 3138 passa
975 3070 1064 3120 est
1090 3065 1516 3120 humanitatem
1551 3061 1725 3118 uniri.

68 3155 224 3212 Unde
262 3156 580 3230 Apostolus
615 3173 628 3211 :
665 3178 693 3206 «
732 3153 1000 3210 Exinavit
1050 3153 1435 3226 semetipsufn‘
1479 3153 1728 3206 formam

69 3245 212 3302 servi
245 3245 546 3318 accipiens
577 3245 806 3318 (Philip.
859 3243 945 3316 ιι).
994 3265 1021 3293 ››
1058 3241 1320 3297 Minuisti
1353 3242 1504 3309 dico,
1538 3241 1638 3309 ita,
1665 3244 1732 3294 ut

1825 669 1976 724 fetus
2004 668 2064 723 in
2103 669 2391 737 Ecclesia;
2425 698 2453 728 ‹‹
2483 670 2725 741 insuper
2751 676 2807 725 et
2837 687 3045 740 pecora
3091 670 3284 742 campi
3315 693 3340 719 η
3374 687 3478 742 per

1825 777 2034 831 pecora
2063 760 2254 832 campi
2287 758 2420 815 illos
2451 759 2549 832 qui
2582 761 2691 814 sub
2725 759 2946 815 nullius
2991 759 3254 815 cusiodia
3283 764 3482 815 tenen-

1825 853 1922 904 tur
1951 848 2353 922 intelligit,qui
2383 847 2500 922 late
2532 853 2836 919 vagantur.
2859 849 2964 904 Per
2993 849 3102 904 hoc
3132 849 3287 921 quod
3311 848 3474 914 dicit,

1825 959 1854 990 α
1885 938 2144 1010 insuper,
2179 961 2202 986 ι›
2235 941 2400 993 notat
2429 937 2841 994 discretionem
2874 938 3105 993 illorum
3139 956 3174 993 a
3204 937 3393 993 bonis.

1897 1028 1964 1082 Et
1995 1027 2170 1082 etiam
2201 1027 2464 1082 volucres
2494 1027 2645 1094 coeli,
2674 1027 2732 1082 id
2764 1031 2854 1082 est
2881 1026 3064 1082 elatos
3093 1027 3153 1082 in
3181 1027 3478 1098 superbia,

1815 1137 1854 1191 _¢
1885 1120 1942 1171 ct
1973 1115 2161 1186 pisces
2191 1115 2393 1182 maris,
2428 1143 2455 1173 ι)
2487 1115 2544 1170 id
2576 1118 2665 1170 est
2695 1115 2796 1188 qui
2826 1115 3056 1172 curiose
3083 1115 3301 1170 victum
3330 1133 3484 1187 quae-

1827 1210 1985 1275 runt,
2021 1205 2104 1260 sic
2136 1206 2437 1260 mundana
2467 1209 2738 1277 qumrunt
2783 1203 3030 1261 sollicite
3079 1221 3091 1258 :
3143 1205 3296 1259 sicut
3324 1204 3480 1259 enim

1827 1295 2017 1368 pisces
2049 1295 2150 1367 qui
2181 1294 2399 1350 victum
2432 1294 2682 1349 sollicite
2713 1293 3135 1366 inquirunt,sic
3156 1293 3393 1365 quidam
3419 1297 3484 1348 ut

1829 1385 2189 1458 possideant,
2221 1388 2286 1440 ut
2317 1389 2666 1439 mercatores
2699 1399 2712 1436 ε
2743 1383 2985 1454 quidam
3017 1387 3258 1437 naturas
3288 1399 3483 1437 rerum

1827 1473 2202 1548 inquirendo,
2229 1477 2294 1528 ut
2327 1472 2646 1546 philosphi,
2675 1472 2777 1544 qui
2808 1471 3221 1544 perambulant
3247 1470 3488 1526 semitas

1831 1563 2032 1618 maris.
2067 1563 2174 1617 Per
2202 1579 2362 1618 mare
2392 1561 2716 1634 accipimus
2761 1561 3074 1628 mundum,
3110 1558 3210 1632 qui
3258 1575 3492 1630 semper

1830 1652 1891 1708 in
1921 1655 2087 1708 motu
2119 1657 2226 1718 est,
2261 1652 2415 1706 sicut
2443 1667 2623 1706 mare.
2653 1651 2797 1705 Cum
2825 1649 3099 1721 superius
3129 1647 3292 1715 dixit,
3319 1676 3344 1700 «
3379 1647 3487 1702 mi-

1831 1741 2036 1807 nuisti,
2071 1771 2095 1795 ι»
2127 1740 2523 1796 humilitatem
2555 1739 2880 1794 humanam
2912 1737 3170 1794 ostendit
3193 1741 3357 1809 :post
3379 1735 3490 1792 hoc

1831 1845 2018 1900 usque
2049 1831 2120 1884 de
2150 1828 2537 1884 humanitatis
2567 1826 2940 1881 exaltatione.

1753 1944 1803 2010 Β
1905 1919 2154 1974 Ostensa
2191 1917 2375 1988 igitur
2400 1919 2563 1970 tanta
2593 1915 2877 1987 dignitate
2899 1913 3110 1986 ipsius,
3157 1914 3325 1984 quasi
3357 1929 3491 1967 eon-

1831 2005 2074 2062 eludens
2104 2005 2162 2059 in
2193 2006 2397 2060 eadem
2429 2003 2848 2070 admonitione,
2899 2003 2959 2056 in
3009 2019 3127 2072 qua
3171 2001 3488 2073 inceperat,

1833 2095 2066 2150 desinit.
2104 2114 2126 2136 ‹‹
2159 2093 2403 2149 Domine
2437 2093 2724 2148 Dominus
2755 2095 2971 2147 noster.
2999 2111 3022 2134 »
3053 2092 3122 2146 Et
3153 2093 3389 2145 notatur
3410 2089 3492 2144 ibi

1834 2183 2200 2254 mysterium,
2237 2186 2301 2238 ut
2345 2183 2499 2237 sicut
2548 2199 2582 2237 a
2627 2183 2780 2236 bono
2830 2179 3148 2253 incipimus
3196 2179 3281 2236 sic
3330 2179 3494 2233 ﬁnia-

1835 2289 1989 2327 IDUS.

2361 2360 2434 2416 IN
2474 2359 2824 2416 PSALMUM
2867 2359 2958 2415 IX.

1835 2451 2090 2505 TITULUS
2125 2467 2138 2504 :
2172 2451 2236 2505 1η
2265 2450 2430 2520 ﬁnem
2473 2449 2721 2520 psalmus
2768 2448 2940 2504 David
2985 2466 3085 2520 pro
3109 2449 3332 2504 occultis
3359 2451 3490 2519 ﬁlii.

1911 2568 1933 2591 α
1965 2538 2463 2604 Conﬁtebor,niste
2486 2537 2751 2610 psalmus
2782 2539 3052 2592 convenit
3081 2537 3282 2605 David,
3303 2538 3404 2609 qui
3437 2541 3496 2593 et

1835 2627 1931 2682 hic
1961 2627 2223 2699 loquitur
2252 2645 2355 2698 pro
2387 2626 2630 2682 occultis
2663 2626 2790 2690 ﬁlii,
2824 2627 2883 2682 id
2915 2633 3024 2692 est,
3049 2626 3358 2682 Christi.ln
3383 2627 3494 2682 hoc

1837 2717 1994 2772 enim
2025 2716 2252 2788 psalmo
2275 2717 2469 2789 agitur
2488 2717 2559 2771 de
2579 2715 2826 2771 occultis
2847 2715 3148 2782 Christi,et
3160 2716 3361 2788 jungit
3387 2733 3494 2771 nos

1837 2803 1896 2858 in
1928 2804 2126 2871 ﬁnem,
2154 2803 2208 2858 id
2243 2808 2334 2858 est
2363 2804 2423 2858 in
2456 2803 2778 2858 Christum.
2809 2802 3066 2858 Intendit
3087 2803 3246 2857 enim
3289 2801 3350 2856 in
3381 2801 3494 2856 hoc

1838 2891 2067 2964 psalmo
2135 2891 2378 2946 invitare
2443 2907 2550 2945 nos
2607 2890 2878 2945 timorem
2941 2890 3177 2945 Christi.
3248 2889 3493 2944 Materia

1838 2986 1928 3036 est
1956 2984 2122 3053 gesta
2151 2979 2368 3035 Christi
2403 2980 2460 3034 in
2494 2979 2682 3051 primo
2713 2983 2771 3034 et
2800 2979 3058 3034 secundo
3105 2979 3380 3044 adventu,
3421 2978 3494 3032 de

1839 3086 1952 3142 quo
1985 3069 2069 3125 sic
2099 3067 2523 3140 agit.Ostendit
2554 3067 2851 3122 Christum
2873 3067 2932 3122 in
2955 3067 3213 3123 secundo
3239 3067 3493 3122 adventu

1839 3159 2259 3213 damnatarum
2293 3155 2738 3211 diabolumcum
2753 3155 3036 3210 membris
3055 3155 3270 3211 suis.1n
3301 3153 3492 3226 primo

1837 3265 1971 3302 vero
2001 3245 2256 3302 ostendit
2271 3245 2411 3318 quid
2429 3244 2602 3300 faciat
2631 3243 2841 3314 suis,et
2857 3244 3000 3316 quid
3022 3243 3492 3315 persecutoribus

70 3333 189 3405 ipse
218 3334 496 3390 Christus
527 3333 854 3389 secundum
880 3330 1306 3386 humanitatem
1338 3329 1536 3384 minus
1559 3328 1733 3383 habe-
1760 3309 1804 3378 ί]
1839 3337 2128 3404 Εοθίθείω,
2163 3335 2280 3392 sive
2311 3334 2483 3406 capiti
2514 3334 2893 3401 Antichristo,
2941 3333 3060 3389 sive
3109 3331 3255 3388 suis.
3288 3333 3495 3388 Postea

71 3427 153 3478 ret
181 3423 254 3478 ab
285 3421 536 3496 angelis,
558 3423 698 3494 quia
723 3419 1024 3494 passibilis
1054 3424 1112 3475 et
1143 3418 1409 3475 mortalis
1441 3419 1604 3485 fuit,a
1625 3418 1725 3473 sed

71 3511 262 3582 paulo,
299 3535 328 3563 »
361 3510 502 3584 quia
530 3509 706 3566 etiam
738 3509 851 3582 ipsi
881 3508 965 3564 sic
997 3508 1210 3580 fragili,
1244 3511 1418 3580 prout
1456 3506 1724 3573 Domino,

72 3601 256 3673 angeli
306 3600 776 3656 ministrabant:
811 3603 868 3654 et
903 3615 1038 3654 eum
1086 3597 1251 3669 prius
1299 3597 1382 3653 sic
1430 3597 1728 3652 minutum

72 3709 91 3735 ι
125 3689 421 3745 coronasti
455 3687 642 3763 gloria
678 3711 698 3738 ιο
736 3688 795 3742 in
828 3686 1286 3741 resurrectione«
1318 3691 1374 3741 et
1403 3687 1621 3741 honore
1653 3706 1680 3734 »
1709 3701 1723 3738 :

67 3775 119 3831 id
151 3783 240 3833 est
269 3777 654 3834 multitudine
703 3791 1002 3832 servorum
1052 3792 1156 3848 per
1202 3775 1612 3830 exaltationem
1653 3775 1724 3830 ad

67 3867 293 3922 ccelum.
329 3869 481 3924 Cum
513 3865 654 3921 dicit
683 3865 999 3929 coronasti,
1047 3869 1210 3920 notat
1257 3865 1328 3920 de
1378 3881 1591 3920 corona
1639 3869 1725 3920 to-

64 3953 174 4012 tius
210 3955 426 4012 mundi
460 3954 906 4012 resurrectionis
939 3958 996 4008 et
1027 3953 1390 4009 ascensionis
1420 3953 1607 4026 gloria
1627 3953 1728 4008 ali-

65 4059 204 4114 quos
245 4044 518 4102 conﬁteri
553 4061 568 4100 :
603 4048 660 4100 et
693 4043 777 4098 sic
809 4043 1162 4098 honoratum
1194 4064 1222 4092 «
1254 4041 1582 4097 constituiti
1627 4059 1726 4097 su-

69 4147 162 4202 per
190 4151 372 4208 opera
402 4149 692 4190 manuum
721 4136 982 4187 tuarum.
1017 4153 1045 4180 ››
1081 4131 1260 4186 etiam
1291 4147 1468 4202 super
1497 4129 1725 4202 angeli—

68 4235 188 4277 cam
219 4228 580 4280 creaturam.

131 4311 201 4367 Et
221 4313 508 4386 quoniam
527 4309 819 4384 potuisset
834 4326 970 4365 eum
989 4309 1370 4365 constituisse
1396 4307 1723 4380 digniorem

68 4401 338 4458 omnibus
357 4400 778 4468 ereaturis,nec
800 4403 1000 4454 tamen
1021 4397 1222 4454 omnia
1237 4398 1726 4468 subjectaessent

67 4487 114 4542 ei
139 4493 230 4559 (ut
259 4489 479 4563 aliquis
513 4489 826 4562 episcopus
855 4486 1086 4558 dignior
1115 4489 1206 4541 est
1243 4485 1518 4542 omnibus
1567 4483 1721 4554 aliis,

69 4593 167 4634 nec
197 4583 400 4636 tamen
430 4595 636 4634 omnes
669 4576 919 4649 subjecti
953 4579 1093 4630 sunt
1122 4575 1219 4644 ei),
1254 4575 1456 4631 subdit
1504 4592 1517 4630 :
1555 4597 1582 4624 α
1612 4575 1722 4630 sub

68 4667 311 4735 pedibus
343 4668 499 4740 ejus,
533 4689 562 4718 »
594 4665 654 4721 id
685 4671 775 4722 est
803 4664 1060 4738 plenaric
1091 4663 1393 4734 subjecisti
1417 4687 1443 4715 ‹‹
1467 4664 1720 4730 omnia,»
1756 4684 1801 4748 D

67 4752 119 4810 id
146 4761 236 4812 est
263 4774 472 4814 omnes
504 4759 823 4812 creaturas.
853 4753 1020 4811 Sicut
1048 4753 1207 4808 enim
1239 4753 1394 4824 quod
1427 4753 1536 4808 sub
1559 4753 1719 4825 pedi-

66 4841 171 4900 bus
228 4845 486 4918 alicujus
541 4847 648 4912 est,
709 4843 949 4916 plenum
995 4842 1047 4898 ei
1101 4842 1434 4914 subjectum
1478 4848 1587 4910 est,
1640 4842 1725 4898 ita

65 4931 289 4992 Christo
322 4933 525 4990 omnia
555 4951 570 4990 :
605 4933 740 4990 licet
769 4932 928 4989 enim
978 4931 1171 4988 adhuc
1220 4931 1461 5003 quidam
1495 4931 1726 4988 recalci-

65 5023 395 5092 trent,nihil
423 5028 624 5079 tamen
651 5023 875 5078 faciunt
904 5021 1019 5078 nisi
1050 5021 1180 5092 ejus
1211 5019 1724 5092 permissione.Vel

70 5112 206 5168 «sub
235 5111 491 5184 pedibus
512 5112 766 5184 ejus,nid
795 5115 886 5167 est
915 5111 1027 5166 sub
1056 5109 1578 5182 humanitate,qua3
1597 5109 1726 5167 ideo

67 5201 236 5270 pedes
267 5201 510 5274 dicitur)
542 5201 684 5274 quia
732 5217 836 5274 per
884 5217 1014 5256 eam
1063 5198 1343 5254 divinitas
1373 5199 1445 5254 ad
1497 5217 1602 5256 nos
1634 5202 1728 5256 de-

69 5291 310 5347 scendit.
353 5289 624 5348 Ostendit
653 5307 758 5362 per
787 5293 983 5362 partes
1015 5306 1142 5360 quae
1173 5287 1372 5344 omnia
1413 5289 1728 5362 subjecerit

71 5399 98 5425 «
125 5395 326 5448 oves,»
358 5379 418 5435 id
449 5384 540 5436 est
568 5377 870 5452 simplices
903 5378 959 5432 in
993 5377 1270 5446 Ecclesia,
1301 5378 1371 5433 de
1401 5378 1618 5450 quibus
1645 5379 1728 5434 ait

68 5464 352 5524 Dominus
385 5468 554 5524 Petro
587 5484 602 5522 :
639 5489 668 5518 ‹‹
714 5467 893 5522 Pasce
941 5483 1076 5522 oves
1123 5482 1286 5520 meas
1335 5467 1510 5538 (Joan.
1547 5467 1662 5536 xx),
1693 5490 1722 5520 »

72 5571 93 5597 ιι
121 5555 318 5626 boves,
353 5583 378 5608 η
413 5557 470 5612 id
501 5560 590 5612 est
633 5554 1046 5628 praedicatores
1095 5559 1348 5622 sanctos,
1401 5555 1501 5627 qui
1555 5556 1724 5612 tritu-

71 5648 194 5698 rant
220 5644 569 5702 Ecclesiam.
616 5645 782 5701 Unde
832 5644 1060 5716 Moyses
1095 5659 1108 5698 :
1147 5668 1172 5694 κ
1202 5643 1328 5699 Non
1362 5643 1628 5718 alligabis
1660 5664 1726 5702 os

69 5730 193 5789 bovi
240 5734 545 5792 trituranti
595 5737 770 5808 (Deut.
824 5736 976 5801 xxv).
1025 5751 1048 5775 »
1101 5745 1128 5778 α
1176 5731 1489 5790 Universas
1519 5749 1546 5781 ››
1593 5753 1724 5808 pro-

1837 3426 2002 3500 ponit
2032 3425 2512 3497 imprecationem
2534 3422 2800 3478 Ecclesia:
2820 3421 3494 3494 perseeutoribus.Dein-

1838 3517 1909 3571 de
1939 3515 2250 3570 attendens
2282 3515 2440 3568 mala
2468 3530 2594 3584 quae
2636 3511 3032 3567 Antichristus
3085 3509 3256 3565 faciet
3301 3509 3494 3566 Eccle-

1837 3603 1957 3672 εἰει),
1991 3622 2126 3659 cum
2158 3603 2478 3676 quaestione
2527 3601 2660 3674 ipsa
2709 3599 2864 3656 mala
2902 3603 3228 3656 enumerat.
3279 3597 3496 3655 Ultimo

1838 3698 2110 3766 precatur
2138 3693 2317 3746 ﬁnem
2349 3689 2577 3746 mundi.
3402 3743 3408 3756 ,

1910 3781 2236 3838 Prtevidens
2269 3779 2554 3852 propheta
2599 3778 3060 3834 destructionem
3119 3775 3495 3832 inimicorum

1836 3871 1896 3926 in
1929 3871 2186 3928 secundo
2233 3869 2506 3935 adventu,
2563 3867 2619 3920 in
2673 3865 2994 3937 quamdam
3043 3862 3494 3919 exsultationem

1836 3959 2186 4032 prorumpit,
2220 3958 2422 4012 dicens
2457 3955 2856 4024 ;«Conlitebor
2889 3953 3014 4018 tibi,
3047 3951 3344 4020 Domine,»
3364 3968 3498 4006 con-

1835 4049 2120 4104 fesssione
2150 4045 2343 4101 laudis
2376 4063 2399 4085 «ι
2434 4043 2494 4098 in
2525 4043 2698 4098 corde
2731 4066 2753 4090 ι)
2787 4040 2948 4108 dicit,
2981 4039 3122 4111 quia
3159 4038 3323 4094 nulla
3350 4055 3496 4093 con-

1835 4137 2011 4192 fessio
2054 4134 2205 4190 valet
2249 4149 2378 4206 quze
2429 4149 2497 4186 ex
2545 4131 2717 4186 corde
2771 4147 2888 4185 non
2936 4127 3216 4201 procedit,
3252 4153 3276 4178 ‹‹
3306 4143 3435 4182 meo
3468 4155 3492 4181 η

1835 4226 1996 4294 dicit,
2027 4223 2120 4280 cui
2148 4221 2542 4287 dominatur,«
2557 4222 2678 4275 toto
2711 4244 2734 4266 υ
2769 4218 2934 4286 dicit,
2968 4217 3108 4290 quia
3146 4215 3312 4273 nulla
3340 4215 3496 4271 mala

1834 4314 2184 4388 cogitatione
2231 4310 2550 4382 impeditur
2596 4312 2656 4364 et
2711 4307 2865 4364 aliis.
2919 4329 2943 4354 ‹‹
2991 4307 3248 4364 Narrabo
3297 4305 3497 4362 omnia

1834 4402 2127 4460 mirabilia
2155 4404 2276 4468 tua,
2311 4417 2337 4445 »
2371 4416 2487 4454 non
2533 4397 2664 4453 ideo
2711 4397 2874 4464 dicit,
2925 4396 3082 4468 quod
3133 4394 3334 4452 omnia
3363 4395 3494 4465 ejus

1833 4491 2126 4550 mirabilia
2155 4493 2370 4558 narret,
2405 4487 2506 4544 sed
2541 4501 2929 4559 quaecumque
2960 4485 3103 4541 dicit
3131 4485 3204 4540 de
3229 4500 3294 4538 eo
3323 4482 3494 4537 mira-

1833 4583 1976 4640 bilia
2007 4585 2166 4637 sunt.
2739 4627 2756 4638 .

1907 4691 1934 4720 ‹‹
1964 4670 2227 4726 Lzetabor
2255 4689 2280 4713 »
2318 4667 2494 4722 etiam
2527 4665 2584 4719 in
2615 4663 2836 4730 animo,
2880 4679 2904 4703 (ι
2953 4665 3010 4716 ct
3041 4658 3344 4715 cxsultabo
3369 4681 3392 4704 ιι
3428 4658 3488 4714 in

1831 4778 2089 4833 corpore,
2125 4775 2240 4814 non
2273 4758 2330 4812 in
2360 4753 2845 4818 mundanis,sed-
2882 4751 2940 4806 in
2975 4754 3030 4804 te
3063 4771 3086 4794 »
3123 4771 3147 4796 ‹‹
3181 4746 3491 4820 psallam,»

1831 4850 2010 4907 etiam
2061 4849 2206 4903 bene
2237 4844 2530 4918 operando
2565 4864 2590 4888 ιι
2621 4839 2846 4896 nomini
2893 4844 2994 4894 tuo
3041 4856 3065 4880 ι»
3117 4835 3482 4908 ampliando,

1833 4959 1862 4989 α
1890 4956 1922 4995 o
1953 4936 2270 5002 Altissime,
2301 4952 2325 4977 ν)
2359 4931 2603 5002 scilicet,
2633 4930 2774 5002 quia
2805 4927 3132 4985 altissimus
3161 4943 3244 4981 es.

1907 5027 2170 5082 Laetabor
2198 5023 2326 5079 dico
2357 5027 2415 5078 et
2443 5020 2768 5076 exsultabo.
2806 5039 2828 5062 ‹‹
2865 5019 2928 5074 In
2961 5015 3346 5072 convertendo
3379 5013 3490 5068 ini-

1835 5117 2056 5173 micam
2082 5132 2278 5171 meum
2311 5117 2695 5178 retrorsum,«
2729 5109 2788 5163 id
2820 5112 2909 5164 est
2933 5107 2994 5162 in
3025 5103 3490 5160 consideratione

1836 5205 2231 5264 conversionis
2263 5200 2503 5257 inimici.
2519 5199 2675 5254 Licet
2703 5197 2862 5252 enim
2893 5197 2988 5252 hic
3019 5193 3188 5250 nobis
3213 5192 3492 5264 quodam-

1836 5296 2009 5351 modo
2033 5293 2389 5359 dominetur,
2423 5293 2618 5344 tamen
2645 5287 2704 5341 in
2734 5286 2828 5341 die
2851 5283 3062 5356 judicii
3096 5298 3340 5355 prorsus
3361 5281 3490 5351 ejus

1835 5384 2165 5440 dominium
2195 5373 2870 5436 destruetur.Conversio
2897 5390 3051 5440 vero,
3071 5371 3129 5426 id
3161 5374 3250 5424 est
3267 5370 3491 5424 destru-

1835 5474 1949 5530 ctio
1981 5472 2140 5526 illius
2171 5467 2416 5524 dominii
2436 5484 2537 5538 per
2552 5467 2799 5520 mortem
2827 5462 3038 5518 Christi
3057 5457 3377 5532 incmpit,iu
3397 5459 3492 5514 die

1821 5562 2071 5636 quidem
2098 5557 2306 5630 judicii
2343 5556 2509 5627 plene
2539 5549 3176 5609 consummabitur.lllc
3203 5552 3492 5636 converte-

1833 5635 1950 5720 tiur,
1981 5649 2192 5722 suique
2222 5661 2502 5718 sequaces
2533 5659 2560 5689 (ι
2591 5643 3100 5707 iulirmabuntur,»
3121 5639 3178 5694 id
3213 5641 3302 5692 est
3321 5635 3491 5692 amit-

1835 5746 1962 5799 tent
1992 5738 2334 5813 polestatem
2357 5731 2605 5791 nocendi
2639 5749 2655 5786 ι
2685 5749 2812 5804 quae
2845 5731 3059 5787 iterum
3091 5725 3407 5784 infirmatio
3429 5726 3490 5782 in
