3914 6382
80 462 212 531 225

1301 463 1807 528 EXPLANATIO
1852 463 1930 525 IN
1974 463 2355 529 PSALMOS.

3415 470 3533 529 226

81 600 148 657 id
168 602 273 656 est
296 597 366 655 in
388 597 709 657 virtutibus
731 614 857 670 qua:
882 599 1316 656 suntintroitus
1338 601 1409 655 ad
1429 599 1770 665 Ecclesium,
1802 600 1859 666 Α
1889 598 2004 665 ille,
2040 601 2179 671 quia
2209 601 2375 656 video
2408 604 2629 656 tantam
2681 599 3117 656 tribulationem
3166 599 3365 656 inferri
3416 601 3535 657 tuis

83 706 226 763 quae
249 686 484 744 dicitur
505 687 626 744 ﬁlia
648 688 807 756 Sion,
829 688 967 760 quia
997 694 1273 761 generata
1295 689 1406 744 fuit
1434 689 1494 744 in
1518 690 1678 757 Sion,
1714 688 1771 743 id

82 783 181 834 est
211 777 278 832 in
315 776 628 843 Judaza,in
660 776 932 848 passione
948 777 1185 832 Christi.
1219 777 1319 832 Vel
1352 777 1528 833 etiam
1560 777 1776 832 dicitur

87 867 220 922 ﬁlia
252 865 430 933 Sion,
462 864 516 920 id
548 869 638 919 est
668 865 788 921 ﬁlia
818 866 1254 938 speculationis,
1289 866 1428 939 quia
1458 884 1571 921 non
1621 869 1776 920 esset

76 953 551 1022 .Ecclesia,nihil
576 954 758 1009 Deum
783 954 1204 1027 specularetur,
1226 955 1568 1010 annuntiem
1588 976 1614 1003 »
1650 972 1773 1009 om-

87 1045 281 1100 nibus
342 1042 480 1098 aliis
517 1066 543 1092 «
576 1041 943 1099 laudationes
976 1049 1107 1099 tuas
1137 1063 1415 1113 omnes,»
1452 1062 1566 1099 non
1618 1044 1771 1115 quod

85 1132 308 1189 omnia
343 1150 477 1205 qua:
512 1137 761 1203 possunt
792 1133 864 1187 de
895 1150 960 1187 eo
990 1151 1123 1189 cum
1158 1134 1329 1189 laude
1352 1134 1465 1187 dici
1489 1134 1774 1201 dicat,sed
1825 1178 1828 1182 .

87 1222 408 1296 quidquid
442 1222 614 1288 dicet,
648 1220 777 1276 laus
809 1222 936 1293 ejus
968 1223 1095 1277 erit.

166 1313 242 1366 Et
275 1311 431 1384 quia
461 1309 545 1366 sic
573 1309 813 1379 exultas,
849 1333 875 1360 ‹‹
899 1310 1169 1365 exultabo
1209 1312 1266 1365 in
1317 1311 1559 1367 salutari
1594 1316 1712 1366 tuo.
1746 1334 1774 1361 »

89 1402 201 1458 llic
227 1400 456 1473 incipit
485 1399 677 1456 dicere
709 1400 848 1472 quid
882 1400 1055 1456 faciat
1084 1401 1557 1472 persecutoribus
1578 1401 1779 1457 Eccle-

89 1492 194 1546 siae
214 1489 281 1544 in
308 1489 510 1562 primo
527 1489 800 1544 adventu.
816 1488 1189 1544 Continuatio
1215 1506 1227 1544 :
1254 1490 1389 1545 Suis
1407 1490 1487 1544 ita
1508 1490 1782 1544 subvenit

90 1579 282 1649 Deus,
314 1600 346 1628 «
372 1578 479 1634 sed
496 1582 755 1650 gentes,»
782 1578 839 1632 id
857 1577 1575 1650 estgcntiliterviventes,«
1591 1578 1779 1634 inﬁxae

91 1672 242 1727 sunt
271 1666 341 1722 in
376 1666 621 1723 interitu
658 1684 834 1740 quem
884 1667 1217 1734 fecerunt,»
1254 1667 1399 1724 Cum
1431 1668 1589 1723 enim
1635 1667 1782 1723 alios

92 1755 507 1829 corporaliter
535 1756 901 1825 interimunt,
936 1757 1160 1828 seipsos
1193 1756 1569 1828 ipiritualitcr
1592 1757 1779 1819 inter-

94 1846 343 1902 ﬁciunt.
385 1867 416 1895 «
448 1844 664 1913 Inﬁxae,
704 1869 724 1893 η
758 1863 861 1917 per
908 1844 1100 1901 simile
1149 1845 1383 1900 dicitur.
1418 1845 1581 1900 Sicut
1623 1845 1780 1899 enim

92 1933 310 1990 clavus
346 1933 573 1989 inﬁxus
602 1933 687 1989 vel
723 1932 783 1988 in
814 1932 1082 2005 1uto,per
1112 1949 1172 1987 se
1204 1950 1319 1987 non
1354 1936 1546 2005 potest
1593 1950 1783 1987 resur-

94 2039 263 2097 gere,
299 2022 394 2078 ita
427 2020 540 2093 ipsi
570 2021 878 2076 homicida:
913 2038 947 2077 a
976 2020 1239 2092 nequitia
1268 2039 1376 2077 sua
1422 2038 1525 2094 per
1575 2038 1637 2076 se
1667 2038 1781 2075 non

94 2115 369 2185 possunt
402 2126 727 2182 resurgere.
761 2111 831 2165 Et
861 2109 1036 2166 etiam
1068 2132 1095 2161 «
1131 2128 1232 2182 pes
1271 2127 1497 2178 eorum,
1534 2132 1559 2159 »
1596 2111 1655 2165 id
1696 2114 1785 2165 est

96 2201 345 2258 affectio
380 2216 611 2266 eorum,
643 2203 734 2255 est
763 2199 1224 2272 comprehensus
1258 2222 1285 2249 ‹‹
1317 2199 1377 2254 in
1408 2199 1689 2272 laqueo,»
1723 2198 1784 2255 id

95 2294 185 2347 est
216 2290 285 2344 in
323 2286 664 2355 dolositate,
696 2312 715 2337 α
752 2289 864 2344 isto
896 2305 1071 2361 quem
1104 2289 1588 2358 absconderunt,»
1616 2289 1673 2344 id
1695 2293 1785 2345 est

100 2374 516 2446 aliis,occulte
547 2377 940 2432 tetenderunt.

171 2467 297 2541 Ipsi
333 2466 617 2538 ignorant
654 2464 764 2522 hoc
797 2465 1094 2537 judicium
1139 2465 1372 2521 Domini
1412 2483 1543 2522 esse
1576 2467 1781 2522 datum

106 2573 289 2628 super
320 2571 431 2610 eos
461 2552 521 2608 in
551 2552 661 2609 hac
708 2554 844 2623 vita,
875 2555 976 2610 sed
1011 2576 1040 2605 «
1071 2554 1357 2610 Dominus
1400 2562 1786 2628 cognoscctur

108 2644 335 2701 faciens
351 2642 639 2715 judicia,»
664 2642 792 2698 ideo
811 2643 951 2715 quia
974 2667 1001 2694 «
1025 2648 1293 2715 peccator
1308 2645 1785 2718 estcomprehen-

108 2751 272 2807 sus,»
309 2733 372 2788 in
409 2731 522 2788 hac
554 2731 671 2788 vita
705 2754 731 2781 ‹‹
768 2731 826 2787 in
858 2733 1133 2804 operibus
1160 2749 1448 2809 manuum
1480 2752 1779 2803 suarum,»

112 2822 166 2877 id
202 2827 296 2878 est
327 2822 393 2877 in
430 2821 920 2878 delectationibus
952 2839 1193 2877 suarum
1227 2823 1653 2893 operationum.

183 2912 337 2979 Quia
368 2916 711 2984 peccatores
744 2911 827 2968 sic
856 2916 1293 2983 persequuntur
1314 2912 1630 2966 Ecclesiam
1656 2914 1778 2983 Dei,

112 2999 243 3056 ideo
279 3022 309 3051 «
343 3003 768 3057 convertantur
797 3023 825 3051 »
861 3018 896 3056 a
943 3000 1240 3073 proposito
1283 3002 1692 3073 persequendi,
1726 3008 1784 3058 et

112 3089 565 3162 praecipitentur
596 3111 624 3139 ‹‹
657 3088 714 3144 in
746 3090 1064 3158 infernum,
1098 3111 1127 3141 »
1162 3089 1522 3145 materialem
1548 3108 1561 3145 :
1586 3108 1783 3163 pecca-

118 3181 272 3234 tores
294 3177 697 3247 dico,scilicet
730 3200 757 3230 ς(
789 3196 995 3234 omnes
1022 3182 1226 3250 gentes
1258 3196 1385 3249 quae
1435 3178 1785 3235 obliviscun-

120 3284 212 3338 ιρι*
239 3268 463 3336 Deum,
491 3288 516 3318 »
552 3267 609 3324 id
642 3272 731 3324 est
761 3268 861 3340 qui
894 3266 982 3323 vel
1013 3267 1189 3323 ﬁdem
1225 3285 1340 3324 non
1371 3268 1589 3324 habent
1623 3285 1635 3324 :
1671 3269 1779 3338 vel,

127 3355 174 3411 si
208 3355 465 3424 habent,
499 3373 677 3429 Opera
704 3356 807 3412 Dei
842 3374 957 3413 non
992 3356 1232 3411 faciunt.

188 3448 340 3502 Vere
372 3450 809 3514 convertentur,
842 3445 981 3518 quia
1012 3462 1296 3517 pauperes
1341 3446 1801 3502 remunerabun-

127 3537 304 3602 tur,et
326 3534 439 3592 hoc
464 3538 556 3591 est
578 3534 901 3607 «quoniam
920 3534 1132 3589 oblivio
1163 3534 1441 3607 pauperis
1458 3552 1573 3590 non
1596 3536 1708 3591 erit
1736 3535 1797 3592 in

136 3622 334 3694 ﬁnem,
372 3646 395 3675 ι
424 3624 486 3679 id
518 3628 609 3680 est
637 3623 698 3679 in
729 3627 1011 3679 aeternum
1047 3640 1060 3679 ε
1092 3622 1231 3695 quia
1260 3622 1397 3679 licet
1418 3624 1572 3680 Deus
1596 3625 1656 3680 in
1688 3624 1797 3681 hac

130 3710 246 3767 vita
274 3711 553 3769 videatur
574 3729 900 3785 pauperum
931 3711 1192 3767 oblivisci
1214 3716 1410 3768 tamen
1436 3714 1717 3770 veniendo
1737 3713 1795 3768 in

130 3798 244 3856 ﬁne
273 3801 503 3873 saeculi,
529 3818 643 3859 non
676 3801 1056 3857 obliviscetur
1083 3801 1372 3857 Dominus
1402 3819 1604 3858 eorum
1629 3820 1641 3858 :
1667 3802 1795 3859 etsi

134 3904 465 3961 pauperum
519 3888 870 3962 simpliciter
920 3890 1260 3946 recordatur
1315 3890 1623 3961 Dominus,
1656 3895 1797 3946 tunc

137 3977 316 4035 multo
346 3980 552 4053 potius
583 3978 875 4050 patientiae
908 3995 1234 4051 pauperum
1268 3979 1703 4035 recordabitur:
1740 3982 1799 4035 et

137 4063 241 4123 hoc
270 4073 361 4127 est
394 4092 422 4119 ‹‹
454 4066 741 4142 patientia
768 4084 1116 4140 pauperum,
1152 4090 1180 4118 »
1215 4066 1273 4123 id
1305 4072 1393 4123 est
1424 4085 1647 4124 merces
1694 4085 1797 4139 pa-

142 4152 349 4211 tientize
380 4174 736 4231 pauperum,
773 4179 800 4207 ‹‹
835 4173 949 4213 non
982 4156 1212 4230 peribit.
1246 4178 1274 4208 »
1314 4155 1411 4212 llic
1442 4156 1800 4230 imprecetur

146 4248 341 4301 contra
371 4248 804 4319 persecutores.

208 4331 277 4395 Et
298 4339 364 4391 ut
394 4334 685 4409 patientia
713 4334 975 4407 ipsorum
1002 4353 1117 4390 non
1153 4338 1369 4407 pereat,
1392 4356 1419 4384 ‹‹
1442 4338 1503 4389 tu
1527 4332 1794 4403 Domine,

143 4436 405 4497 exsurge,
440 4442 561 4481 non
587 4425 964 4493 confortetur,
997 4446 1025 4476 »
1060 4423 1116 4480 id
1148 4428 1237 4480 est
1277 4442 1392 4480 non
1424 4430 1801 4498 prosperetur

150 4509 243 4567 diu
273 4512 331 4570 in
362 4513 773 4587 persecutione
803 4518 1203 4583 sanctorum,«
1223 4513 1419 4583 homo,
1445 4535 1473 4565 ››
1503 4513 1563 4568 id
1584 4518 1672 4569 est
1690 4515 1799 4569 An-

152 4597 586 4676 tichristus,qui
616 4620 752 4661 cum
783 4603 941 4659 dicat
970 4619 1032 4658 se
1063 4619 1192 4659 esse
1222 4603 1639 4674 Deum,tamen
1664 4602 1803 4658 sim-

147 4685 369 4761 pliciter
397 4692 578 4753 homo
628 4696 737 4748 est.
772 4692 901 4764 Ipse
949 4708 1067 4747 non
1112 4692 1490 4761 confortetur,
1524 4696 1581 4747 et
1622 4692 1795 4748 etiam
1829 4700 1879 4767 Ι)

160 4796 178 4821 α
208 4783 471 4850 gentes,»
508 4780 734 4839 scilicet
771 4797 1053 4852 sequaces
1083 4784 1141 4835 et
1170 4779 1483 4851 complices
1513 4781 1640 4852 ejus
1666 4804 1693 4831 ‹‹
1708 4783 1801 4854 ju-

156 4861 412 4926 dicentur
432 4871 491 4926 in
517 4875 835 4943 conspectu
857 4868 1044 4937 tuo,id
1070 4873 1182 4936 est,
1207 4891 1234 4919 »
1260 4868 1393 4923 licet
1415 4868 1514 4924 alii
1536 4871 1803 4927 nesciant

160 4966 249 5008 eos
266 4956 581 5028 judicatos,
616 4962 813 5015 tamen
845 4959 1000 5031 apud
1035 4962 1090 5014 te
1124 4962 1265 5013 sunt
1286 4956 1556 5030 judicati.

225 5041 337 5100 Hoc
366 5049 538 5103 modo
561 5047 925 5119 judicentur.
963 5069 991 5097 «ί
1024 5046 1324 5102 Constitue
1355 5063 1532 5118 super
1581 5064 1680 5103 eos
1724 5047 1802 5105 le-

166 5128 510 5205 gislatorem,
535 5159 563 5187 »
600 5137 655 5192 id
702 5139 797 5194 est
850 5135 1303 5202 Antichristum,
1338 5136 1436 5208 qui
1487 5137 1808 5193 constituat

168 5231 329 5289 super
356 5241 454 5281 eos
482 5226 671 5300 legem
712 5225 1066 5281 contrariam
1116 5223 1229 5297 legi
1260 5225 1495 5294 Christi,
1529 5231 1586 5281 et
1628 5227 1804 5282 etiam

167 5302 269 5361 hoc
296 5315 462 5369 modo
486 5316 846 5388 judicentur,
868 5319 933 5371 ut
966 5338 993 5365 «
1019 5314 1158 5388 ipsa:
1188 5321 1390 5387 gentes
1422 5315 1658 5372 sciant»
1693 5316 1805 5371 ali-

173 5400 387 5463 quando
407 5425 433 5452 α
455 5404 733 5477 quoniam
757 5404 866 5477 ipsi
895 5407 1034 5460 sunt
1058 5403 1391 5473 homines,»
1418 5405 1474 5461 id
1499 5409 1587 5461 est
1608 5423 1807 5462 carna-

170 5477 267 5538 les.
283 5486 562 5564 Propheta
583 5494 944 5567 prospiciens
967 5497 1191 5550 tantam
1214 5495 1677 5567 persecutionem
1713 5496 1802 5550 fu-

176 5570 351 5630 turam
382 5579 451 5635 ab
483 5582 609 5655 ipso
635 5581 1410 5655 Antichristo,conqueritur
1448 5583 1617 5655 quasi
1648 5584 1803 5640 Deus

178 5665 494 5743 recessisset
535 5689 569 5728 a
620 5672 769 5741 suis,
800 5671 989 5743 ipsius
1034 5672 1341 5729 malefacta
1380 5674 1800 5730 enumerando.

181 5742 525 5821 Gontinuatio
557 5779 571 5822 ;
606 5762 740 5822 Ideo
769 5778 976 5842 precor
1007 5764 1072 5820 ut
1101 5778 1216 5824 non
1243 5762 1601 5823 confortatur
1629 5762 1806 5825 homo

1883 689 1956 742 ab
1986 687 2104 755 illo,
2140 690 2295 761 quod
2328 688 2542 744 videris
2568 690 2880 745 recessisse
2909 707 2942 744 a
2968 688 3105 744 tuis.

1954 796 2023 849 Et
2052 796 2181 850 ideo
2217 819 2243 845 ‹‹
2266 801 2330 851 ut
2360 797 2521 868 quid,
2554 795 2819 863 Domine,
2855 794 3146 851 recessisti
3197 795 3441 867 longe,»
3480 797 3536 852 id

1883 889 1973 938 est
2006 884 2292 953 permittis
2324 890 2457 939 tuos
2490 889 2717 939 tantum
2750 884 3039 951 tribulari,
3061 889 3120 939 et
3152 907 3178 933 ‹‹
3212 886 3535 956 despicis,»

1883 973 2081 1039 etiam,
2103 972 2159 1027 id
2191 979 2279 1028 est
2308 975 2461 1027 sicut
2492 973 2705 1027 videris
2735 974 3157 1039 recessisse,ita
3180 974 3355 1027 etiam
3384 974 3538 1028 vide-

1886 1062 1967 1115 ris
1988 1061 2286 1132 despicere
2310 1086 2337 1112 ι(
2361 1063 2415 1116 in
2441 1062 2936 1131 oportunitatibus
2966 1061 3025 1115 in
3060 1062 3478 1116 tribulatione?
3511 1082 3539 1111 »

1890 1150 1941 1204 id
1978 1155 2066 1205 est
2104 1169 2239 1205 cum
2287 1152 2341 1205 in
2396 1151 2573 1205 tantis
2621 1150 3100 1205 tribulationilms
3145 1154 3542 1222 Opportunum

1886 1239 2180 1294 videretur
2212 1245 2271 1293 ut
2304 1240 2457 1293 Deus
2492 1240 2847 1293 confortaret
2898 1256 3037 1293 suos
3088 1257 3189 1310 per
3237 1238 3545 1306 miracula,

1884 1327 2178 1382 videbitur
2226 1346 2364 1383 suos
2415 1327 2734 1398 despicere,
2768 1344 2902 1381 cum
2955 1344 3059 1381 nec
3105 1329 3409 1394 miracula,
3442 1343 3548 1382 nec

1888 1416 2147 1488 aliquam
2178 1417 2354 1472 talem
2400 1416 2695 1471 ministret
2742 1416 3249 1471 confortationem.
3293 1418 3396 1471 Hic
3424 1414 3551 1471 vult

1888 1523 2233 1561 enumerare
2255 1506 2409 1560 mala
2437 1523 2566 1577 qua)
2598 1504 3219 1559 Antichristusinferet
3254 1505 3548 1573 ﬁdelibus,

1888 1600 1946 1651 et
1975 1596 2372 1651 enumerando
2403 1594 2659 1649 ostendit
2692 1594 2823 1665 ipsa
2855 1593 3013 1649 mala
3044 1610 3251 1648 nocere
3292 1593 3552 1650 inferen—

1890 1684 2068 1751 tibus,
2104 1685 2379 1755 prodesse
2412 1682 2788 1755 patientibus.
2823 1681 3194 1737 Continuatio
3230 1698 3244 1735 :

1963 1790 2295 1845 Reeessisse
2316 1790 2559 1854 videris,
2584 1788 2725 1860 quia
2757 1814 2779 1836 ‹‹
2805 1787 3071 1859 superbit
3101 1787 3376 1859 impius,»
3410 1793 3466 1845 et
3486 1806 3557 1846 ex

1892 1878 2165 1949 superbia
2186 1882 2420 1933 sanctos
2443 1877 2654 1949 afﬂigit
2686 1875 3009 1949 singularis
3040 1876 3155 1942 ille,
3179 1877 3237 1930 id
3269 1881 3359 1931 est
3386 1878 3557 1932 Anti-

1810 1969 1859 2035 Β
1890 1967 2147 2021 christus
2174 1985 2186 2022 :
2212 1971 2270 2022 et
2296 1968 2439 2021 dum
2463 1966 2548 2021 sic
2581 1965 2850 2036 superbit
2877 1963 3250 2019 «incenditur
3274 1982 3552 2037 pauper.»

1894 2056 2000 2111 Per
2044 2055 2381 2111 incenditur
2429 2058 2594 2110 notat
2643 2058 2701 2109 et
2740 2054 2895 2125 quod
2935 2053 3251 2108 tribuletur
3296 2059 3353 2109 et
3398 2055 3555 2126 quod

1892 2150 2194 2218 purgetur.
2230 2169 2253 2192 »ι
2286 2145 2561 2216 Superbit
2586 2144 2826 2215 impius,
2865 2165 2888 2187 »
2923 2148 2980 2197 et
3008 2142 3301 2213 castigant
3342 2143 3468 2215 ipse
3500 2149 3560 2199 et

1892 2234 1985 2288 sui
2017 2233 2172 2288 mala
2191 2232 2438 2288 consilia
2458 2234 2738 2288 adversus
2760 2235 3018 2297 sanctos,
3035 2230 3094 2285 in
3117 2232 3334 2302 quibus
3360 2259 3381 2281 (ι
3406 2248 3561 2287 com-

1894 2322 2355 2395 prehenduntur.
2389 2346 2418 2377 α
2468 2322 2571 2376 Per
2627 2320 3213 2392 comprehenduntur
3255 2325 3421 2375 notat
3459 2337 3559 2377 eos

1894 2416 2169 2465 nocentes
2201 2411 2325 2465 suis
2358 2411 2503 2482 ipsis
2538 2409 2767 2483 laqueis
2797 2408 3090 2481 impediri.

1964 2517 2239 2591 Superbit
2294 2517 2534 2589 impius,
2586 2533 2810 2589 pauper
2868 2515 3223 2585 incenditur,
3285 2516 3564 2573 laudatur

1891 2607 2068 2661 etiam
2091 2611 2379 2679 peccator,
2407 2607 2737 2661 secundum
2773 2609 2922 2671 acta,
2958 2604 3236 2659 laudatur
3286 2606 3416 2661 dico
3450 2628 3477 2659 α
3500 2607 3559 2662 in

1891 2697 2199 2751 desideriis
2229 2696 2439 2750 animm
2472 2713 2611 2761 sua),
2646 2714 2673 2743 ι»
2706 2695 2848 2766 quia
2888 2695 3211 2749 succedunt
3256 2695 3306 2749 ei
3361 2696 3562 2751 omnia

1891 2802 2016 2856 quae
2050 2785 2363 2851 desiderat,
2398 2790 2454 2839 et
2485 2786 2567 2838 sic
2600 2784 2910 2837 laudantes
2942 2784 3181 2837 dicunt:
3210 2784 3333 2839 Non
3356 2790 3554 2854 posset

1890 2873 2012 2927 hit'C
2046 2874 2232 2927 facere
2284 2873 2396 2928 nisi
2448 2874 2603 2927 Deus
2654 2876 2810 2927 esset
2855 2888 2990 2924 cum
3040 2888 3107 2924 eo
3143 2900 3164 2921 (ι
3197 2875 3254 2924 et
3295 2870 3419 2941 ipse
3450 2872 3557 2932 ini-

1890 2979 2063 3033 quas,
2100 2990 2122 3012 ι)
2156 2962 2293 3033 quia
2314 2961 2613 3015 voluntate
2647 2960 2823 3014 habet
2861 2958 3182 3030 nequitiam
3208 2989 3230 3013 ‹‹
3258 2960 3554 3015 benedici-

1890 3055 2006 3113 tur,
2042 3075 2065 3099 η
2098 3050 2156 3104 id
2190 3054 2280 3105 est
2309 3049 2615 3117 exaltatur,
2652 3049 2791 3120 quia
2834 3048 3012 3103 etiam
3044 3047 3104 3101 in
3158 3047 3331 3103 malis
3365 3050 3555 3122 operi-

1891 3141 2002 3194 bus
2034 3139 2178 3195 bene
2211 3155 2380 3211 agere
2414 3138 2648 3192 dicitur.

1962 3239 2032 3292 Et
2057 3237 2336 3309 quoniam
2364 3235 2447 3290 sic
2468 3235 2744 3290 laudatur
2765 3238 2821 3289 et
2852 3234 3240 3301 benedicitur,
3262 3234 3392 3291 ideo
3418 3262 3445 3292 α
3466 3252 3557 3290 ex-

1830 3331 1876 3400 (ἶ
1914 3327 2203 3382 acerbavit
2244 3324 2559 3380 Dominum
2609 3329 2898 3397 peccator,
2933 3343 2954 3365 υ
2990 3323 3086 3379 ille
3125 3324 3462 3397 singularis,
3498 3326 3557 3380 id

1908 3422 1997 3473 est
2027 3417 2174 3471 iram
2203 3414 2622 3486 provocavit,et
2654 3414 2782 3468 ideo
2822 3414 2999 3468 etiam
3046 3412 3186 3484 quia
3232 3413 3357 3485 ipse
3386 3440 3408 3461 ιι
3443 3433 3559 3470 non

1908 3510 2179 3579 quaeret,»
2213 3503 2321 3559 sibi
2351 3503 2535 3558 Deum
2571 3503 2902 3574 adjutorem
2938 3519 2950 3557 :
2987 3519 3208 3575 agensu
3234 3504 3561 3558 secundum

1909 3592 2347 3649 multitudinem
2381 3592 2477 3645 ira:
2510 3609 2651 3659 suae,
2687 3614 2711 3636 »
2738 3591 2794 3646 id
2818 3596 2908 3646 est
2929 3591 3115 3646 multo
3151 3591 3364 3647 furore.

1981 3721 2003 3743 α
2037 3692 2163 3746 Non
2197 3694 2287 3745 est
2317 3690 2493 3744 etiam
2525 3689 2680 3745 Deus
2711 3688 2769 3744 in
2803 3693 3118 3761 conspectu
3164 3690 3354 3760 ejus,»
3389 3689 3445 3744 id
3477 3693 3567 3746 est

1908 3798 2022 3835 non
2050 3779 2302 3834 attendit
2344 3779 2528 3833 Deum
2573 3777 2796 3849 aliquid
2843 3795 3014 3849 posse
3047 3794 3059 3831 :
3093 3781 3149 3830 et
3196 3783 3405 3847 praeter
3442 3777 3564 3831 haec

1906 3868 2106 3924 omnia
2136 3885 2163 3913 ι(
2193 3868 2348 3935 vim,»
2384 3867 2441 3920 id
2473 3870 2561 3921 est
2590 3884 2767 3937 opera
2797 3866 3004 3937 ipsius,
3040 3892 3062 3916 ‹‹
3083 3868 3222 3919 sunt
3244 3864 3564 3936 inquinata}

1911 3981 1936 4007 «
1969 3958 2029 4012 in
2054 3956 2212 4012 omni
2246 3960 2528 4027 tempore,
2552 3976 2578 4004 η
2610 3953 2669 4008 id
2703 3958 2791 4009 est
2824 3969 3128 4024 nunquam
3161 3952 3297 4006 fecit
3325 3951 3562 4024 aliquod

1907 4046 2151 4101 bonum.

1977 4136 2046 4190 Et
2075 4134 2203 4189 ideo
2233 4130 2614 4197 exacerbavit,
2630 4130 2768 4202 quia
2800 4156 2822 4178 «ι
2847 4128 3436 4202 auferunturjudicia
3464 4132 3568 4186 tua

1911 4247 1937 4273 ‹‹
1968 4240 2002 4279 a
2035 4222 2179 4277 facie
2209 4222 2359 4293 ejus,
2389 4237 2412 4261 ι)
2448 4220 2501 4274 id
2534 4224 2625 4276 est
2655 4237 2689 4274 a
2730 4218 3202 4275 oonsideratione
3242 4219 3393 4290 ejus,
3426 4214 3568 4289 quia

1909 4329 2015 4368 nec
2046 4316 2102 4366 te
2128 4310 2379 4366 attendit
2409 4313 2691 4365 rectorem
2727 4325 3067 4377 rerum,nec
3108 4308 3372 4364 futurum
3411 4305 3569 4379 judi-

1909 4419 2058 4469 ccm,
2088 4404 2145 4456 et
2167 4400 2274 4455 hoc
2297 4400 2446 4467 ideo,
2484 4398 2623 4470 quia
2656 4426 2678 4449 ‹‹
2712 4397 3117 4454 dominabitur
3145 4397 3412 4453 omnium
3463 4394 3569 4450 ini-

1910 4490 2199 4546 micorum
2235 4505 2498 4557 suorum,
2541 4486 2680 4559 quia
2738 4486 2970 4542 rcaliter
3028 4486 3304 4558 subjiciet
3362 4499 3568 4539 omnes

1910 4598 2077 4655 reges
2102 4584 2291 4636 terrm.

1979 4679 2125 4735 Vere
2158 4673 2723 4746 dominabitur,quia
2756 4673 2927 4746 «ipse
2949 4671 3174 4727 dixitin
3197 4670 3369 4726 corde
3402 4686 3565 4739 suo,»

1910 4769 1968 4824 id
2002 4772 2091 4827 est
2124 4767 2228 4822 tibi
2262 4764 2655 4838 competendi,
2691 4784 2713 4805 ‹‹
2745 4762 3019 4818 movebor
3047 4778 3081 4815 a
3111 4758 3503 4833 generatione,
3542 4780 3565 4807 π

1914 4876 2032 4915 una
2059 4856 2200 4911 mihi
2234 4856 2473 4913 subdita
2504 4882 2527 4905 ι(
2561 4853 2619 4908 in
2664 4851 2840 4907 aliam
2887 4849 3390 4924 generationem,»
3424 4846 3569 4902 mihi

1913 4943 2481 5019 subjiciendam,sed
2517 4972 2538 4993 ‹‹
2574 4958 2689 4997 non
2723 4940 2848 4996 sine
2882 4937 3087 5004 malo,«
3122 4937 3178 4991 id
3212 4941 3301 4992 est
3321 4934 3465 5008 quin
3487 4933 3570 4990 eis

1914 5036 2067 5093 mala
2093 5032 2477 5091 inferam.llic
2510 5034 2673 5085 notat
2694 5028 2937 5083 nimiam
2972 5024 3258 5080 malitiam
3300 5023 3570 5095 nequitia:

1916 5126 2094 5182 illius.

1988 5225 2115 5297 Ipse
2137 5222 2313 5278 etiam
2338 5219 2472 5277 talis
2495 5223 2583 5275 est
2606 5217 2819 5287 «cujus
2841 5233 2903 5270 os
2918 5218 3006 5269 est
3027 5212 3264 5286 plenum
3290 5210 3568 5278 malitia,»

1916 5316 1973 5369 id
2009 5318 2099 5369 est
2130 5309 2501 5384 blasphemia
2531 5308 2587 5362 in
2624 5311 2804 5361 Deum
2829 5328 2855 5358 α
2877 5308 2934 5359 et
2965 5302 3409 5370 amaritudine,»
3434 5298 3575 5371 quia

1916 5421 2117 5460 amara
2147 5402 2322 5457 verba
2354 5404 2411 5454 et
2441 5396 2637 5469 turpia
2666 5393 2807 5450 dicit
2850 5392 3192 5447 hominibus
3216 5414 3239 5439 η
3272 5394 3328 5444 et
3368 5388 3521 5455 dolo,
3546 5412 3569 5436 η

1914 5494 2053 5566 quia
2084 5490 2313 5546 seducit
2330 5486 2598 5542 homines
2620 5501 2725 5555 per
2743 5481 2990 5537 latentes
3013 5478 3467 5546 seductiones,id
3488 5480 3576 5533 est

1910 5601 2016 5655 per
2037 5577 2478 5654 promissiones,
2499 5578 2609 5629 etc.
2639 5598 2659 5621 α
2694 5571 2814 5627 Sub
2847 5569 3048 5642 lingua
3071 5570 3198 5640 ejus
3221 5568 3386 5623 labor
3401 5571 3458 5623 et
3480 5566 3577 5623 do-

1914 5673 2021 5741 lor,
2056 5671 2112 5725 id
2146 5673 2235 5725 est
2266 5667 2323 5721 in
2358 5664 2531 5721 corde
2562 5663 2712 5734 ejus,
2745 5660 2884 5733 quia
2932 5658 3077 5714 nihil
3127 5658 3284 5714 aliud
3336 5656 3572 5731 cogitat,

1914 5763 2029 5822 nisi
2063 5765 2125 5822 ut
2157 5755 2430 5817 ﬁdelibus
2476 5752 2740 5812 laborem
2789 5753 2847 5809 et
2896 5746 3158 5807 dolorem
3206 5747 3439 5805 inferat.
3473 5743 3578 5808 Vel
