3914 6364
340 428 458 489 235

765 425 1174 491 HAYMONIS
1205 424 1747 488 HALBERSTA'I‘.
1781 419 2025 482 EPISC.
2059 418 2231 482 OPP.
2263 419 2467 481 PARS
2494 417 2541 480 Ι.
2577 453 2654 462 —
2684 416 3092 480 COMMENT.
3132 413 3323 477 BIBL.

3634 414 3767 473 236

339 563 981 636 antiquam-obstruunt
999 576 1221 626 aurem,
1249 576 1320 614 ne
1350 557 1593 613 audiant
1622 554 1987 628 praedicatio-
2013 554 2072 622 Α
2100 553 2273 609 distis
2319 557 2608 626 quantum
2653 553 2725 607 ad
2754 568 2856 608 vos
2889 571 2914 597 α
2946 549 3255 607 consilium
3287 577 3310 603 η
3343 549 3495 620 ejus,
3527 546 3763 603 scilicet

336 651 473 710 hem
504 650 844 707 Christi.Vel
876 649 1045 705 aliter
1076 667 1100 691 α
1131 665 1419 703 venenum
1453 647 1729 719 aspidum
1758 647 1847 700 est
1877 643 1987 698 sub

333 743 508 798 labiis
537 757 760 807 eorum,
793 758 817 784 »
852 738 909 793 id
942 743 1033 793 est
1061 737 1309 793 inferius
1347 753 1524 809 quam
1554 735 1732 789 verba
1761 749 1985 800 eorum,

333 832 473 904 quia
494 828 682 902 magis
703 832 843 883 sunt
862 827 1068 882 nociva
1084 828 1681 896 vcrhaeorum,quam
1697 837 1987 877 venenum

331 922 628 994 aSpidum.

404 1034 428 1061 ‹‹
450 1013 709 1075 Quorum
731 1026 798 1064 os
819 1009 1058 1080 plenum
1081 1011 1169 1061 est
1190 1005 1654 1071 maledictione,«
1670 1003 1725 1057 id
1749 1007 1837 1056 est
1860 1000 1987 1053 bla-

331 1099 603 1173 sphemia
630 1100 689 1155 in
723 1100 933 1169 Deum,
970 1130 993 1151 ‹‹
1026 1101 1083 1152 et
1114 1096 1529 1161 amaritudine,
1564 1121 1587 1141 ιι
1621 1092 1760 1164 quia
1789 1105 1989 1144 amara

328 1191 508 1248 verba
550 1190 825 1244 dicebant
855 1188 907 1243 ei
941 1204 954 1244 :
988 1192 1053 1241 ut
1110 1204 1243 1241 cum
1304 1186 1566 1240 dicerent
1598 1200 1611 1238 :
1648 1201 1671 1225 (ι
1705 1180 1989 1247 Cruciﬁge

330 1298 490 1349 eum,
524 1283 634 1335 etc.
666 1279 815 1350 (Luc.
849 1279 1030 1344 xxm).
1064 1298 1089 1321 η
1125 1301 1149 1326 α
1182 1276 1384 1341 Pedes,
1419 1292 1441 1314 »
1478 1274 1535 1328 id
1594 1277 1683 1327 est
1734 1268 1988 1324 affectio-

330 1385 437 1425 nes
457 1366 953 1423 eorum.Aifectus
974 1363 1102 1417 ideo
1134 1363 1311 1433 pedes
1342 1362 1638 1427 dicuntur,
1671 1356 1809 1430 quia
1839 1355 1993 1410 sicut

329 1475 550 1531 corpus
571 1473 676 1529 per
693 1455 873 1527 pedes
898 1457 1186 1526 portatur,
1220 1451 1303 1506 ita
1332 1467 1500 1505 mens
1527 1466 1630 1521 per
1658 1448 1903 1503 affectus
1932 1445 1990 1499 in

332 1550 566 1605 diversa
584 1545 833 1618 rapitur,
870 1546 1047 1599 «sunt
1067 1541 1293 1597 veloces
1323 1538 1823 1596 adetl‘undendum
1857 1551 1991 1589 san-

330 1638 572 1711 guinem
603 1650 630 1683 »
662 1633 1000 1692 Salvatoris.

407 1728 539 1784 Haec
561 1723 761 1783 omnia
781 1726 922 1779 sunt
940 1721 1043 1777 viae
1064 1717 1554 1787 eorum,ctinillis
1570 1716 1951 1780 «viiseorum,
1968 1735 1992 1758 »

337 1819 399 1875 id
448 1819 538 1873 est
579 1813 856 1888 operibus
904 1827 1130 1875 eorum,
1165 1812 1255 1864 est
1285 1806 1579 1875 contritio,
1613 1806 1671 1860 id
1703 1808 1792 1861 est
1821 1819 1998 1875 opera

2098 641 2410 697 consilium
2434 641 2745 714 reparandi
2770 641 3100 696 humanum
3122 638 3483 711 genuszideo
3505 636 3757 705 scilicet,

2100 731 2240 802 quia
2261 730 2408 785 illud
2433 730 2748 785 consilium
2782 733 2908 784 erat
2931 758 2953 780 ‹‹
2976 729 3254 801 inepis,et
3283 727 3569 799 quoniam
3601 726 3763 781 Deus

2097 824 2189 875 est
2208 837 2342 891 spes
2380 820 2552 890 ejus»
2577 819 2718 890 quia
2747 837 2864 874 non
2896 817 3365 886 confidebat,nisi
3388 816 3447 871 in
3480 821 3757 880 Domino.

2100 912 2337 979 propter
2366 910 2521 979 quod
2555 908 2868 963 consilium
2901 911 3029 981 ejus
3061 910 3256 982 potius
3286 919 3440 968 esset
3470 917 3762 989 recipien-

2099 997 2242 1051 dum
2276 1014 2453 1069 quam
2484 997 2890 1068 rejiciendum.
2915 1000 3214 1055 Christum
3248 1008 3496 1059 testatur
3516 1008 3758 1078 Aposto-

2098 1085 2192 1139 lus
2225 1087 2406 1142 fuisse
2438 1087 2694 1158 inopem,
2729 1087 2930 1143 dicens
2964 1107 2977 1144 :
3010 1111 3035 1136 ιι
3066 1089 3210 1146 Cum
3252 1093 3410 1148 dives
3438 1100 3618 1165 esset,
3657 1115 3759 1169 pro

2100 1175 2269 1229 nobis
2299 1192 2522 1247 pauper
2551 1176 2740 1231 factus
2771 1182 2861 1232 est
2888 1177 2961 1246 (II
2988 1181 3110 1235 Cor.
3143 1180 3227 1253 ιι).
3262 1203 3286 1227 »

2170 1264 2286 1319 Vos
2319 1264 2673 1320 «consilium
2705 1266 2789 1321 eis
2820 1267 3331 1326 confudistis»sed
3362 1272 3470 1327 hoc
3500 1275 3756 1331 stultum

2101 1353 2231 1421 fuit,
2266 1353 2405 1425 quia
2436 1380 2459 1406 «ι
2492 1355 2624 1425 quis
2682 1356 2874 1411 veniet
2927 1373 2995 1411 ex
3045 1359 3204 1427 Sion,
3238 1376 3263 1400 »
3288 1360 3345 1415 id
3385 1367 3493 1430 est,
3526 1364 3757 1434 Judaea,

2104 1465 2132 1494 «
2165 1443 2329 1497 dabit
2385 1442 2660 1511 salutare,
2698 1474 2720 1497 »
2756 1445 2812 1499 id
2869 1450 2976 1513 est,
3038 1446 3387 1505 salutionem
3434 1471 3458 1495 «
3492 1452 3696 1521 Israel,
3730 1477 3755 1503 η

2102 1531 2160 1586 id
2184 1536 2291 1600 est,
2326 1532 2642 1588 Israelitico
2674 1533 2888 1605 populo
2916 1551 2928 1589 :
2967 1535 3081 1591 nisi
3112 1536 3220 1592 iste
3240 1538 3268 1593 ‘I
3299 1540 3497 1596 nullus
3531 1543 3760 1615 utique,

2103 1625 2160 1676 et
2181 1638 2296 1676 non
2319 1625 2553 1677 tantum
2582 1623 2745 1678 dabit
2771 1622 3047 1693 salutare,
3068 1626 3167 1681 sed
3202 1648 3226 1673 ‹‹
3258 1644 3392 1683 cum
3423 1632 3703 1687 averterit
3733 1655 3759 1683 ιθ

2102 1710 2163 1765 in
2196 1710 2394 1766 futuro
2427 1736 2451 1759 ‹‹
2484 1711 2901 1784 captivitatem,
2935 1732 2958 1756 »
2993 1714 3052 1769 id
3083 1718 3189 1783 est,
3223 1718 3679 1788 passibilitatem
3710 1727 3765 1777 et

2106 1799 2526 1855 mortalitatem
2562 1817 2575 1854 :
2636 1805 2693 1856 et
2749 1802 2970 1873 cuius?
2998 1821 3022 1845 «
3050 1803 3238 1876 plebis
3294 1824 3435 1876 suae,
3468 1828 3493 1854 ιο
3529 1815 3589 1866 et
3624 1828 3761 1866 cum

336 1923 542 1965 eorum
593 1907 896 1960 merentur
924 1900 1008 1956 eis
1039 1897 1472 1964 contritioncm,
1506 1896 1564 1950 id
1597 1900 1686 1950 est
1717 1898 1991 1949 aeternam
2025 1923 2075 1990 B
2106 1889 2400 1958 averterit,
2431 1888 2747 1945 exsultabit
2785 1890 2987 1960 Jacob,
3020 1892 3075 1947 id
3119 1898 3227 1962 est,
3260 1893 3510 1953 luctator
3559 1906 3766 1955 contra

335 1993 797 2054 damnationem.
828 1989 931 2045 Vel
964 1988 1253 2054 contritio,
1281 1987 1437 2041 sicut
1466 1985 1578 2040 fuit
1607 1984 1691 2039 eis
1723 2001 1757 2037 a
1789 1982 1918 2038 Tito
1940 1984 1999 2036 et

335 2084 698 2157 Vespasiano
728 2082 788 2136 in
820 2078 1217 2135 destructione
1251 2074 1634 2140 Hierusalem,
1671 2099 1695 2123 ‹‹
1725 2076 1782 2127 et
1805 2069 1997 2127 infeli-

341 2176 488 2231 citas
519 2173 580 2227 in
610 2170 739 2237 viis,
771 2185 798 2217 ι)
832 2167 1068 2239 quando
1100 2182 1204 2237 per
1242 2169 1429 2219 totum
1462 2163 1752 2218 mundum
1784 2158 1997 2232 captivi

345 2261 507 2317 ducti
528 2262 686 2316 sunt.
709 2257 773 2313 In
785 2255 895 2311 viis
915 2271 1116 2310 eorum
1140 2253 1357 2308 dicitur
1376 2250 1646 2307 contritio
1669 2266 1818 2314 esse,
1846 2248 2001 2304 sicut

347 2349 565 2406 dicitur
585 2344 798 2402 latroni
832 2361 846 2399 :
881 2344 946 2399 In
1002 2342 1098 2398 via
1152 2346 1256 2397 tua
1284 2357 1425 2395 crux
1456 2344 1546 2396 est
1579 2357 1590 2394 :
1626 2342 1684 2394 et
1712 2339 1887 2394 etiam
1915 2337 2000 2392 sic

346 2437 549 2496 afﬂicti
573 2456 596 2481 (ι
617 2452 734 2491 non
756 2434 1152 2506 cognoverunt
1178 2430 1333 2485 viam
1366 2429 1547 2501 pacis,
1575 2448 1597 2471 »
1632 2428 1690 2482 id
1720 2432 1810 2483 est
1838 2426 1998 2483 Chri-

348 2524 609 2598 tum,qui
637 2540 768 2579 vere
797 2522 892 2577 via
921 2519 1081 2592 pacis
1113 2518 1394 2575 est.Unde
1419 2522 1475 2572 et
1506 2517 1630 2589 ipse
1662 2517 1744 2572 ait
1776 2533 1789 2570 :
1826 2543 1851 2568 «
1882 2518 1999 2588 Ego

347 2634 482 2673 sum
538 2615 653 2682 via,
685 2617 742 2670 et
796 2611 1034 2678 veritas,
1092 2613 1149 2664 et
1202 2608 1322 2662 vita
1378 2609 1553 2679 (Joan.
1586 2608 1722 2675 xw).
1758 2624 1781 2648 »
1818 2624 1840 2647 ‹‹
1874 2607 1998 2662 Non

347 2703 763 2777 cognoverunt.
798 2719 822 2743 »
864 2698 1027 2753 Unde
1083 2694 1443 2767 Apostolus:
1508 2720 1532 2743 «
1566 2694 1693 2764 Ipse
1749 2698 1837 2749 est
1890 2711 2002 2765 pax

345 2798 565 2859 nostra,
600 2790 699 2863 qui
745 2788 881 2843 fecit
937 2790 1186 2857 utraque
1243 2800 1428 2838 unum
1457 2783 1671 2854 (Ephcs.
1706 2784 1790 2850 Ii).
1827 2803 1849 2827 »
1884 2784 1998 2838 Ca}-

344 2887 469 2938 tera
512 2880 689 2935 etiam
737 2877 893 2933 mala
921 2877 1200 2942 fecerunt,
1236 2890 1361 2945 qua:
1386 2873 1661 2945 praedicta
1695 2872 1754 2926 in
1776 2871 1859 2927 eis
1882 2872 2003 2927 fue-

342 2974 502 3039 runt,
535 2969 666 3024 ideo
698 2966 838 3040 quia
869 2985 893 3009 «
925 2965 1102 3019 timor
1158 2963 1259 3018 Dei
1318 2979 1434 3017 non
1494 2966 1583 3016 est
1631 2966 1766 3017 ante
1798 2961 1997 3018 oculos

341 3075 569 3128 eorum,
600 3076 625 3102 »
658 3055 900 3123 scilicet,
933 3052 1148 3121 cordis,
1185 3051 1325 3123 quia
1350 3067 1485 3106 eum
1519 3068 1635 3105 non
1662 3052 1993 3107 attendunt.

342 3149 505 3216 Quod
519 3146 818 3203 Christum
832 3161 948 3199 non
960 3140 1875 3214 cognovissent,testaturauctori
1885 3145 1993 3208 tas,

2108 1982 2364 2050 peccata,
2400 1978 2622 2034 scilicet
2679 1979 2861 2035 active
2908 1981 3165 2039 viventes
3197 2002 3221 2026 α
3253 1989 3310 2039 et
3352 1983 3652 2043 laetabitur
3682 1990 3763 2044 Is-

2108 2066 2248 2136 rael,
2282 2094 2304 2117 ι)
2337 2067 2396 2121 id
2427 2072 2538 2135 est,
2568 2068 2658 2122 vir
2685 2068 2889 2125 videns
2919 2069 3124 2140 Deum,
3160 2088 3262 2144 per
3291 2075 3446 2144 quod
3498 2082 3763 2134 contem-

2107 2154 2355 2226 plativos
2383 2155 2794 2228 intelligimus.

2608 2284 2679 2339 IN
2731 2283 3078 2342 PSALMUM
3117 2286 3257 2342 XIV.

2217 2392 2488 2448 Tl'l‘ULUS.
2518 2392 2770 2447 Psalmus
2799 2392 2991 2448 David.
3022 2394 3132 2450 Vox
3160 2394 3332 2450 David
3356 2396 3656 2469 propheta}.

2182 2541 2210 2571 ‹‹
2231 2516 2637 2589 Domine,quis
2657 2517 2999 2573 habitabit.»
3025 2518 3089 2574 In
3121 2518 3230 2574 hoc
3263 2518 3488 2592 psalmo
3522 2523 3774 2578 materia

2110 2607 2412 2677 estjustus
2436 2611 2492 2661 et
2514 2606 2896 2678 spiritualiter
2925 2607 3302 2677 Christus,de
3334 2627 3449 2682 qua
3480 2611 3565 2666 sic
3597 2612 3721 2684 agit
3750 2630 3771 2666 :

2112 2695 2270 2751 Facit
2299 2694 2815 2767 interrogationem
2844 2701 2900 2751 et
2930 2697 3370 2769 responsionem
3400 2715 3413 2753 :
3448 2698 3505 2753 in
3535 2717 3653 2772 qua
3682 2717 3774 2755 re-

2109 2785 2424 2857 sponsione
2482 2784 2761 2840 describit
2799 2786 3053 2856 justum,
3086 2786 3410 2843 attribuens
3462 2789 3512 2843 ei
3559 2789 3767 2844 decem

2108 2874 2370 2941 virtutes,
2406 2892 2533 2946 qua:
2564 2872 2948 2946 spiritualiter
2978 2876 3330 2932 conveniunt
3359 2877 3584 2932 Christo
3617 2877 3762 2946 soli;

2108 2963 2238 3019 aliis
2268 2967 2467 3019 autem
2488 2963 2673 3033 justis
2701 2965 3112 3035 quoquomodo
3164 2970 3411 3037 possunt
3467 2966 3758 3039 adaptari.

2105 3052 2358 3109 Intentio
2388 3056 2478 3107 est
2525 3068 2633 3106 nos
2662 3053 2975 3108 admonere
3005 3069 3077 3108 ne
3103 3070 3528 3125 praesumamus
3558 3056 3629 3110 de
3661 3072 3756 3111 re-

2106 3159 2220 3215 gno
2242 3141 2525 3209 Dei,sieut
2545 3140 2810 3212 plerique
2831 3158 2965 3196 cum
2995 3141 3201 3213 injusti
3230 3142 3565 3211 sint,tamen
3598 3143 3759 3199 filios

342 3239 573 3294 dicens:
596 3264 620 3288 (ι
644 3234 705 3291 Si
738 3232 1167 3307 cognovissent,
1192 3247 1496 3300 nunquam
1532 3229 1848 3285 Dominum
1879 3229 1998 3303 glo-
2031 3293 2067 3307 ﬂ
2107 3231 2209 3287 Dei
2261 3247 2322 3287 se
2369 3246 2497 3285 esse
2546 3233 2926 3301 praesumunt.
2963 3231 3029 3285 Et
3061 3231 3213 3286 sicut
3242 3231 3453 3304 aliquis
3481 3233 3761 3288 sacerdos

342 3327 441 3382 ria:
517 3322 945 3380 cruciﬁxissent
1022 3320 1068 3390 (I
1123 3318 1243 3373 Cor.
1318 3317 1395 3388 ιι).
1452 3337 1476 3360 »

343 3410 887 3472 comminationem.
921 3408 1038 3478 Ipsi
1098 3423 1211 3461 non
1262 3410 1675 3477 cognoverunt,
1709 3408 1809 3461 sed
1842 3412 1996 3466 certe

347 3502 703 3573 cognoscent
733 3513 747 3552 :
780 3501 837 3552 et
865 3497 975 3551 hoc
1007 3498 1115 3550 est.
1152 3514 1175 3537 α
1208 3495 1411 3549 Nonne
1443 3499 1835 3565 cognoscent»
1860 3500 1995 3551 tan-

343 3592 479 3646 dem
510 3586 828 3643 Dominum
862 3601 887 3626 (ι
919 3600 1123 3639 omnes
1154 3581 1252 3654 qui
1283 3586 1636 3653 operantur»
1658 3582 1818 3638 illam
1841 3599 1997 3655 egre-

339 3679 498 3754 giam
534 3674 1004 3748 «iniquitatem,»
1038 3672 1261 3727 scilicet
1291 3674 1538 3725 mortem
1568 3670 1862 3739 Domini,«
1895 3676 1994 3746 qui

338 3768 517 3827 etiam
563 3766 843 3822 devorant
901 3762 1130 3836 plebem
1192 3777 1406 3827 meam,
1440 3780 1461 3803 »
1495 3758 1553 3813 id
1586 3764 1675 3815 est
1704 3762 1997 3831 apostolos

336 3856 424 3915 vel
448 3853 893 3927 aliosjustos.Si
918 3853 1197 3923 loquatur
1218 3849 1507 3916 Christus,
1534 3850 1680 3904 bene
1700 3851 1844 3905 dicit
1875 3850 1993 3924 ple-

338 3947 473 4004 bem
495 3943 831 4012 meam,sibi
856 3942 1178 3997 subditam.
1208 3940 1266 3994 Si
1290 3938 1565 4010 loquatur
1594 3939 1879 4011 Propheta
1906 3942 1992 3997 vel

338 4036 492 4093 alius
515 4036 738 4107 justus,
764 4033 910 4088 bene
943 4029 1085 4086 dicit
1114 4028 1343 4101 plebem
1376 4045 1567 4099 suam,
1602 4029 1671 4083 de
1698 4046 1814 4101 qua
1842 4047 1996 4087 unus

338 4128 464 4182 est:
498 4124 611 4196 ipsi
644 4124 925 4179 devorant
956 4119 1085 4175 dico
1117 4146 1140 4171 ‹‹
1169 4119 1323 4173 sicut
1348 4134 1542 4173 escam
1573 4118 1763 4189 panis,
1801 4139 1824 4162 »
1858 4121 1998 4192 quia

339 4214 494 4271 sicut
522 4210 830 4268 famelicus
861 4208 1076 4279 aliquis
1108 4224 1255 4278 pane
1289 4206 1661 4276 reﬁcitur,sic
1693 4207 1777 4262 illi
1808 4210 1994 4265 tribu-

338 4301 557 4357 latione
579 4302 879 4372 justorum
914 4296 1277 4352 reﬁciuntur.

411 4389 520 4456 Qui
554 4388 730 4444 etiam
762 4387 947 4442 Deum
982 4412 1005 4437 ‹‹
1041 4401 1156 4439 non
1190 4384 1622 4455 invocaverunt,
1650 4412 1673 4436 »
1710 4386 1849 4458 quia
1880 4388 1993 4444 nisi

338 4496 443 4553 per
461 4477 763 4534 Christum
788 4475 1080 4532 orationes
1108 4473 1370 4532 exaudiri
1402 4491 1518 4529 non
1551 4479 1854 4545 possunt,«
1876 4476 1995 4534 illic

335 4567 775 4640 trepidaverunt
805 4564 1036 4632 timore,
1069 4562 1166 4619 ubi
1218 4580 1332 4617 non
1374 4567 1498 4617 erat
1530 4561 1725 4631 timor,
1758 4589 1785 4620 ι)
1816 4564 1874 4619 id
1906 4571 1996 4622 est

1536 3317 1757 3372 Dehinc
1832 3293 1997 3390 ponit
2025 3293 2068 3359 θ
2109 3320 2317 3392 quaerit
2342 3293 2624 3391 responsa
2644 3335 2678 3373 a
2700 3318 2908 3386 Deo,et
2927 3318 3129 3374 audita
3158 3293 3377 3391 profert
3404 3319 3637 3392 populo,
3670 3321 3760 3376 ita

2107 3408 2393 3481 Propheta
2428 3406 2692 3479 quaerita
2713 3406 2849 3475 Deo,
2883 3407 2985 3479 qui
3034 3408 3154 3463 sint
3199 3408 3529 3464 habitantes
3556 3409 3615 3463 in
3645 3426 3760 3464 suo

2105 3495 2501 3566 tabernaculo,
2534 3512 2669 3551 cum
2701 3495 2845 3552 dicit
2876 3511 2890 3550 :

2179 3586 2484 3655 «Domine,
2503 3606 2527 3630 »
2552 3584 2771 3641 multos
2792 3585 2959 3641 video
2983 3585 3082 3657 qui
3100 3603 3162 3642 se
3183 3587 3384 3643 dicunt
3403 3604 3529 3643 esse
3560 3588 3617 3641 in
3650 3592 3759 3643 tuo

2103 3674 2499 3743 tabernaculo,
2534 3674 2636 3729 sed
2671 3702 2694 3727 «
2726 3674 2992 3746 Domine,
3025 3676 3159 3747 quis
3218 3676 3502 3732 habitabit
3554 3676 3615 3731 in
3670 3681 3760 3732 ta-

2105 3764 2421 3820 bernaculo
2453 3768 2553 3819 tuo
2574 3764 2659 3819 Τ»
2690 3763 2749 3818 id
2781 3766 2870 3818 est
2897 3762 2957 3818 in
2989 3764 3262 3836 praesenti
3314 3764 3570 3820 Ecclesia
3624 3769 3754 3834 tua,

2105 3854 2206 3908 ubi
2228 3857 2317 3909 est
2335 3854 2499 3909 locus
2520 3852 3173 3909 militize.Tabernacula
3194 3854 3349 3908 enim
3373 3858 3513 3910 sunt
3540 3855 3759 3909 domus

2105 3941 2579 4015 expeditionales.
2613 3944 2757 3998 Cum
2807 3942 2950 3998 dicit
3000 3942 3362 4011 «habitabit,
3396 3962 3420 3985 »
3482 3941 3756 4013 intelligit

2106 4050 2222 4088 non
2246 4032 2437 4088 solum
2460 4031 2878 4099 intrantes,sed
2905 4031 3082 4087 etiam
3113 4036 3579 4103 perseverantes;
3605 4055 3629 4077 α
3651 4034 3755 4086 aut

2106 4121 2240 4194 quis
2271 4122 2506 4178 tandem
2540 4121 2869 4193 requiescet
2898 4121 2959 4176 in
2992 4126 3208 4191 monte,
3239 4145 3267 4176 ι)
3299 4122 3355 4177 id
3387 4121 3562 4189 est,in
3593 4136 3754 4177 secu-

2105 4212 2275 4267 ritate
2331 4210 2530 4266 aeterni
2580 4210 2765 4282 regni,
2806 4211 2907 4266 ubi
2966 4211 3130 4266 nulla
3186 4228 3401 4284 pugna,
3436 4211 3534 4266 sed
3586 4208 3754 4281 quies

2106 4316 2360 4356 summa.
2393 4298 2559 4355 Sicut
2587 4298 2745 4353 enim
2777 4298 2877 4370 qui
2907 4297 2969 4353 in
3003 4302 3199 4354 monte
3230 4296 3583 4365 sunt,securi
3615 4299 3758 4352 sunt

2105 4389 2177 4444 ab
2200 4388 2492 4454 hostibus,
2523 4387 2607 4442 ita
2636 4386 2738 4457 qui
2762 4387 2842 4441 ibi
2864 4392 3037 4443 erunt
3069 4404 3083 4443 :
3118 4392 3314 4443 monte
3335 4387 3463 4441 dico
3498 4404 3522 4428 «ι
3551 4388 3755 4440 sancto

2104 4482 2251 4533 tuo»
2287 4494 2460 4549 quem
2492 4479 2555 4531 tu
2587 4476 2990 4533 sanctiﬁcasti.
3011 4478 3326 4549 Postquam
3353 4476 3549 4548 posuit
3574 4475 3755 4530 inter-

2103 4567 2487 4641 rogationem,
2521 4565 2686 4636 ponit
2715 4570 2771 4621 et
2800 4567 3261 4638 responsionem,
3300 4566 3466 4639 quasi
3496 4564 3623 4637 ipse
3653 4569 3758 4620 Do-

337 4658 507 4714 illum
530 4658 803 4714 timorem
827 4672 1001 4726 quem
1022 4652 1994 4724 interiusbabucrunt,quiatamen
2025 4666 2072 4731 D
2103 4655 2301 4712 minus
2334 4656 2729 4726 responderet.

334 4765 452 4804 non
484 4751 639 4803 esset
668 4745 996 4811 habendus,
1031 4741 1285 4797 exterius
1316 4741 1374 4795 in
1435 4758 1674 4811 corpore
1732 4745 1995 4800 ostende—

333 4840 512 4905 runt;
547 4836 819 4891 dicebant
848 4833 1004 4888 enim
1042 4849 1055 4887 :
1090 4831 1150 4887 Si
1182 4831 1477 4885 credimus
1509 4829 1567 4884 in
1599 4833 1997 4897 eum,venicnt

334 4925 580 4982 Romani
604 4930 659 4980 et
681 4923 889 4979 tollant
910 4926 1180 4976 nostrum
1212 4920 1407 4974 locum
1430 4923 1487 4972 et
1506 4923 1761 4990 gentem.
1785 4921 1891 4976 Ubi
1924 4922 1992 4977 ti-

334 5016 615 5070 mendum
637 5018 936 5081 esset,non
966 5010 1310 5075 timuerunt,
1345 5009 1727 5078 cumjustmn
1765 5027 1879 5065 non
1914 5017 1994 5066 at-

332 5103 637 5159 tendentes
650 5100 1182 5157 occiderunt.Sicut
1204 5102 1531 5170 opportuno
1548 5101 1807 5169 tempore
1821 5099 1991 5155 time-

333 5209 394 5248 re
424 5192 741 5265 prudentia
768 5197 878 5257 est,
911 5189 995 5244 sic
1026 5188 1231 5242 timere
1264 5186 1499 5257 quando
1524 5186 1851 5241 timendum
1878 5206 1989 5243 non

332 5285 490 5338 esset
512 5279 768 5337 stultitia
797 5283 907 5335 cst.

406 5398 429 5421 «ι
452 5370 657 5425 Nonne
680 5371 1088 5443 cognoscent,»
1123 5367 1347 5422 scilicet
1377 5365 1485 5420 hoc
1520 5390 1541 5415 ‹‹
1576 5365 1852 5437 quoniam
1874 5388 1896 5409 »
1931 5368 1988 5423 id

332 5464 440 5529 est,
475 5460 628 5530 quod
665 5483 687 5505 ‹ι
722 5458 1009 5513 Dominus
1058 5461 1148 5511 est
1194 5456 1251 5511 in
1287 5457 1658 5528 generatione
1681 5457 1845 5526 justa
1875 5488 1898 5510 ιι
1933 5463 1990 5513 et

333 5548 609 5618 quonirm
640 5548 764 5617 ipse
796 5546 853 5599 in
877 5546 1060 5616 justis
1092 5545 1336 5613 habitat,
1371 5545 1498 5600 ideo
1542 5546 1871 5600 timendum
1902 5552 1990 5601 est

331 5634 450 5692 illis
478 5636 579 5707 qui
610 5652 709 5690 eos
764 5638 1213 5705 persequuntur.
1246 5634 1431 5689 Deum
1484 5651 1599 5689 non
1650 5633 1985 5703 invocastis,

331 5724 436 5797 (sed
463 5723 663 5804 potius
693 5721 1062 5797 confudistis,
1097 5723 1157 5778 id
1188 5726 1296 5797 est,
1329 5721 1743 5793 contusibilem
1793 5728 1988 5806 esten-

2174 4745 2417 4812 Quaesivi
2478 4744 2612 4825 quis
2671 4744 2980 4813 habitaret,
3014 4763 3147 4801 ecce
3201 4745 3354 4817 quis,
3389 4744 3485 4800 ille
3533 4742 3755 4800 scilicet

2109 4856 2135 4883 «
2159 4835 2259 4905 qui
2280 4835 2648 4907 ingreditur»
2672 4835 2732 4889 in
2754 4834 3073 4890 Ecclesiam
3098 4835 3196 4890 Dei
3228 4863 3249 4887 (ι
3283 4834 3406 4889 sine
3438 4832 3689 4904 macula,
3723 4854 3749 4883 η

2104 4923 2372 4979 Christus
2403 4923 2641 4995 quidem
2675 4923 2802 4979 sine
2833 4925 2993 4979 omni
3023 4923 3468 4989 macula,cmteri
3500 4939 3632 4977 vero
3655 4924 3753 4993 ju-

2104 5013 2177 5067 sti
2215 5012 2340 5067 sine
2391 5011 2679 5068 criminali
2732 5017 2968 5084 peccato
3004 5030 3016 5067 :
3046 5014 3193 5069 etin
3224 5012 3333 5067 hoc
3371 5015 3607 5066 notatur
3636 5028 3754 5067 una

2104 5102 2174 5156 de
2207 5102 2406 5157 decem
2431 5100 2748 5156 virtutibus
2780 5132 2803 5154 ‹‹
2837 5106 2894 5157 et
2925 5102 3023 5174 qui
3083 5106 3357 5174 operatur
3394 5100 3691 5171 justitiam
3725 5121 3751 5147 »

2102 5191 2381 5262 aliquam.
2417 5190 2476 5246 Si
2516 5191 2673 5246 enim
2725 5192 2851 5247 sine
2895 5191 3126 5247 macula
3175 5190 3517 5263 ingreditur,
3550 5194 3607 5243 et
3639 5182 3753 5243 non

2100 5279 2578 5349 facitjustitiam,
2615 5297 2729 5335 non
2764 5285 2853 5335 est
2875 5281 3100 5352 justus.

2174 5368 2272 5424 Ille
2302 5369 2477 5424 etiam
2510 5369 2839 5440 ingreditur
2871 5387 2899 5417 «
2928 5371 3028 5442 qui
3060 5370 3320 5443 loquitur
3357 5367 3661 5424 veritatem
3695 5366 3752 5420 in

2102 5460 2275 5514 corde
2298 5475 2427 5523 suo,
2456 5478 2479 5500 »
2515 5457 2568 5512 id
2603 5462 2712 5527 est,
2746 5461 2845 5530 qui
2881 5478 3112 5532 semper
3138 5461 3438 5516 veritatem
3473 5456 3753 5524 retinens,

2098 5552 2253 5603 tacet
2279 5565 2407 5603 eam
2440 5545 2809 5603 auditoribus
2850 5549 2965 5605 illis
2997 5552 3096 5622 qui
3135 5552 3377 5605 verbum
3410 5545 3510 5601 Dei
3542 5545 3755 5599 vellent

2098 5637 2461 5692 conculcare.
2488 5636 2713 5691 Bonum
2745 5642 2833 5693 est
2863 5639 3179 5711 aliquando
3210 5638 3450 5695 verbum
3480 5635 3579 5689 Dei
3614 5633 3749 5688 reti-

2099 5743 2226 5788 cere
2260 5743 2273 5782 :
2309 5726 2465 5783 unde
2496 5724 2556 5781 in
2588 5725 2897 5805 Evangelio
2928 5730 3263 5809 praecipitur
3296 5744 3309 5785 :
3346 5724 3594 5781 «.Nolite
3626 5740 3753 5783 sau-
