3914 6364
81 488 220 551 237

1314 493 1812 556 EXPLANATIO
1854 492 1934 555 IN
1976 495 2363 558 PSALMOS.

3429 500 3550 560 238

84 626 268 677 ctum
327 622 478 679 dare
529 622 796 694 canibus,
828 629 885 680 et
929 627 1279 699 margaritas
1327 644 1601 701 spargere
1649 633 1783 684 ante
1810 627 1867 695 Α
1896 628 2200 701 inscriptio
2230 628 2386 684 tituli
2418 629 2687 685 convenit
2724 628 2834 701 ipsi
2880 630 3155 699 David,id
3188 635 3278 687 est
3322 631 3551 689 Christo

82 724 320 780 porcos
390 709 597 783 (Matth.
630 713 753 780 vn).
789 736 813 760 ι»
865 712 1103 785 Operari
1156 715 1476 785 justitiam,
1529 718 1787 773 secunda

81 795 320 867 virtus,
358 797 488 856 hac
518 804 714 855 autem
762 801 936 857 tertia
968 819 980 858 :
1013 804 1079 858 Et
1122 803 1217 859 ille
1249 823 1272 848 τι
1303 805 1633 878 ingreditur
1684 806 1785 879 qui

80 902 212 941 non
242 887 381 959 egit
413 887 615 944 dolum
648 889 707 944 in
738 889 941 963 lingua
972 909 1099 961 sua,
1135 911 1158 934 »
1185 893 1242 948 id
1290 898 1379 949 est
1427 893 1527 966 qui
1575 895 1783 950 verita-

83 978 215 1031 tem
242 977 639 1048 prmdieando
662 978 891 1034 nullum
912 981 1158 1053 decepit,
1176 981 1314 1054 quia
1336 1000 1524 1055 neque
1549 988 1785 1055 prOpter

80 1064 458 1136 pecuniam,
491 1083 678 1139 neque
711 1066 890 1123 simili
944 1071 1117 1124 modo
1162 1074 1218 1125 et
1266 1071 1387 1125 hme
1434 1077 1523 1126 est
1572 1077 1783 1144 quarta

80 1154 316 1211 virtus.

158 1245 236 1299 Et
265 1244 380 1300 ille
413 1244 678 1315 intrabit,
715 1247 813 1318 qui
858 1270 879 1291 α
915 1265 1030 1303 non
1064 1249 1199 1305 fecit
1229 1250 1492 1322 proximo
1523 1268 1630 1305 suo
1662 1269 1781 1307 ma-

82 1335 217 1391 lum
256 1353 282 1377 ιι
318 1335 691 1391 verberando
719 1352 875 1405 eum,
910 1355 1019 1393 sua
1049 1339 1364 1395 auferendo
1397 1357 1409 1393 :
1447 1344 1503 1395 et
1540 1340 1659 1394 lucc
1689 1345 1779 1395 est

81 1423 312 1497 quinta
326 1423 556 1493 virtus;
592 1443 616 1467 α
635 1431 692 1480 et
712 1426 1093 1498 opprobrium
1116 1445 1231 1483 non
1254 1430 1477 1500 accepit
1496 1430 1777 1485 adversus

79 1512 418 1586 proximos
448 1530 610 1580 suos,
642 1538 668 1563 »
701 1514 760 1569 id
791 1519 881 1571 est
908 1533 1025 1571 non
1072 1517 1186 1572 fuit
1234 1517 1591 1590 acceptabile
1638 1518 1777 1586 sibi,

80 1602 294 1659 dicere
326 1601 621 1674 proximis
652 1603 873 1677 aliquid
903 1622 1083 1662 causa
1123 1607 1441 1679 opprobrii,
1466 1611 1522 1662 et
1570 1606 1620 1663 si
1670 1606 1775 1662 ali-

79 1708 207 1764 qua
238 1691 461 1763 turpia
506 1691 654 1748 dixit
701 1710 880 1749 causa
935 1695 1335 1762 correctionis,
1371 1712 1479 1750 nec
1522 1696 1569 1751 si
1621 1695 1774 1750 alius

78 1780 239 1835 dixit
273 1779 405 1836 sibi
436 1784 674 1853 gratum
703 1781 816 1836 fuit
846 1799 860 1838 :
896 1782 1017 1837 haec
1048 1787 1137 1838 est
1168 1787 1332 1838 sexta
1359 1783 1563 1838 virtus.

152 1870 233 1925 Et
267 1868 381 1926 ille
416 1870 659 1926 intrabit
678 1872 781 1942 qui
814 1870 950 1927 talis
982 1876 1089 1939 est,
1122 1872 1261 1943 quia
1290 1890 1314 1914 (ι
1347 1872 1406 1926 in
1455 1876 1772 1943 conspectu

80 1960 216 2030 ejus
252 1958 647 2053 malignus,»
680 1958 739 2053 id
780 1958 1180 2053 esthdiabolus
1211 1979 1236 2053 β
1390 1959 1769 2053 nihilum-de-
1806 1987 1856 2053 B

78 2049 315 2104 ductus
350 2052 467 2116 est,
493 2075 517 2100 ι)
549 2048 607 2102 id
641 2052 731 2102 est
758 2046 981 2102 nullius
1009 2048 1177 2119 pretii
1211 2048 1449 2105 habitus
1469 2054 1593 2105 est:
1623 2050 1777 2105 sicut

81 2136 382 2193 Christus
416 2152 551 2191 cum
585 2153 619 2191 a
648 2134 880 2191 diabolo
904 2140 1256 2205 tentaretur,
1274 2137 1419 2192 dixit
1447 2138 1498 2192 ei
1523 2155 1535 2192 :
1563 2163 1586 2186 «ι
1617 2138 1776 2194 Vade

80 2230 270 2292 retro,
290 2226 557 2280 Satanas
587 2224 791 2293 (Matth.
816 2228 915 2292 IV).
950 2254 973 2277 »
1008 2225 1331 2299 Malignum
1365 2226 1585 2283 nullius
1608 2228 1774 2301 pretii

83 2314 251 2383 facit,
292 2314 413 2369 sed
445 2332 469 2357 «ι
502 2313 777 2369 timentes
809 2314 1126 2370 Dominum
1160 2315 1468 2388 gloriﬁcat,
1504 2340 1528 2363 »
1562 2317 1619 2372 id
1663 2322 1772 2386 est,

77 2404 288 2474 justos
357 2401 615 2459 honorat
664 2419 678 2457 :
730 2406 787 2458 et
842 2402 951 2459 hoe
1000 2421 1171 2460 versu
1232 2408 1468 2461 notatur
1524 2406 1776 2479 septima

86 2491 307 2549 virtus.

157 2581 236 2637 Et
268 2579 376 2635 ille
412 2601 436 2627 «ι
460 2580 560 2652 qui
583 2581 750 2652 jurat
778 2581 1043 2653 proximo
1075 2599 1203 2650 suo,
1229 2586 1285 2638 et
1308 2601 1422 2639 non
1471 2574 1707 2658 decipit,
1742 2608 1770 2637 »

96 2669 152 2724 id
171 2668 558 2742 est,ﬁrmiter
577 2668 720 2724 dicit
739 2673 797 2725 et
818 2687 932 2725 non
951 2670 1127 2726 fallit:
1144 2670 1296 2727 sicut
1314 2672 1581 2729 Christus
1603 2676 1773 2747 quid-

97 2759 242 2830 quid
298 2757 594 2831 apostolis
641 2756 808 2826 dixit,
840 2759 1197 2831 compl'etum
1247 2765 1335 2815 est
1369 2779 1382 2816 :
1416 2766 1472 2818 et
1518 2762 1639 2818 haec
1688 2766 1777 2818 est

95 2845 291 2903 virtus
321 2850 554 2903 octava.
579 2847 650 2902 Et
679 2845 775 2903 ille
798 2866 822 2891 (ι
845 2846 945 2919 qui
967 2849 1277 2920 pecuniam
1309 2867 1532 2921 suam,»
1557 2852 1778 2908 scilicet

101 2938 432 3003 terrenam,
469 2953 492 2977 α
527 2950 644 2990 non
676 2935 840 2990 dedit
868 2936 940 2991 ad
974 2953 1237 3004 usuram,
1269 2964 1297 2994 η
1329 2939 1429 2993 sed
1467 2941 1775 3010 pecuniam

102 3040 277 3079 suam
307 3024 485 3079 Judae
514 3023 759 3079 tradidit
788 3024 1148 3096 pauperibus
1179 3028 1555 3098 erogandam.
1589 3028 1777 3099 Spiri-

108 3111 356 3167 tualiter
387 3116 589 3168 autem
623 3112 872 3185 pecunia
900 3113 1048 3169 bene
1067 3115 1137 3169 ad
1172 3132 1412 3171 usuram
1445 3117 1781 3189 praecipitur

107 3201 551 3257 commodanda
584 3218 596 3258 :
630 3206 686 3258 et
715 3201 837 3257 haec
872 3201 1059 3258 virtus
1088 3220 1243 3258 nona
1282 3208 1391 3259 est.
1424 3206 1492 3260 Et
1530 3204 1625 3261 ille
1674 3206 1776 3278 qui

112 3311 140 3339 κ
172 3307 429 3347 munera
459 3307 637 3362 super
666 3290 1007 3347 innocentes
1052 3309 1167 3347 non
1208 3294 1449 3366 accepit.
1477 3316 1501 3339 »
1537 3295 1779 3351 Munera

109 3378 351 3450 quidem
377 3379 606 3451 accepit
626 3378 917 3448 Christus,
942 3397 1037 3436 see
1069 3399 1184 3436 non
1217 3386 1281 3437 ut
1311 3382 1652 3439 innocentes
1681 3402 1777 3457 op-

110 3468 395 3539 primeret
421 3486 436 3525 :
461 3468 584 3525 haec
604 3468 791 3525 virtus
822 3468 1048 3526 decima
1079 3470 1396 3529 invenitur.
1420 3474 1547 3529 Haec
1580 3479 1775 3531 autem

112 3558 309 3614 omnia
340 3557 737 3632 spiritualiter
765 3558 826 3614 in
857 3559 1090 3617 Christo
1117 3560 1515 3619 inveniuntur.

181 3666 205 3690 α
235 3648 345 3715 Qui
378 3666 405 3691 ι»
441 3664 574 3704 vero
607 3646 759 3704 alius
790 3650 1118 3705 secundum
1151 3652 1307 3722 quod
1349 3652 1611 3710 humana
1658 3656 1777 3711 fra-

114 3733 308 3806 gilitas
349 3753 473 3792 non
522 3739 751 3792 tantum
804 3736 1087 3810 loquitur,
1122 3740 1223 3795 sed
1261 3760 1284 3783 «
1317 3741 1454 3797 facit
1483 3743 1625 3812 haec,
1660 3762 1779 3801 non

116 3824 469 3893 movebitur,
504 3844 527 3869 η
560 3824 619 3881 id
663 3829 753 3881 est
812 3844 929 3881 non
981 3827 1352 3899 separabitur
1405 3848 1439 3886 a
1485 3831 1602 3888 Deo
1642 3858 1665 3882 «ι
1716 3832 1776 3889 in

117 3912 395 3969 aeternum
430 3933 455 3957 ιι
492 3912 592 3968 sed
626 3913 989 3985 ingredietur
1016 3914 1075 3969 in
1100 3916 1544 3974 tabernaculum
1577 3921 1697 3987 Dei,
1722 3927 1779 3977 et

119 4000 447 4071 requiescet
473 4000 533 4057 in
565 4006 765 4059 monte
795 4007 999 4060 saneto
1027 4003 1148 4058 Dei.

634 4146 707 4206 IN
748 4147 1097 4205 PSALMUM
1136 4150 1251 4205 XV.

373 4235 651 4292 Trruws.
686 4236 975 4310 Inscriptio
1004 4239 1160 4294 tituli
1188 4240 1298 4311 ipsi
1325 4239 1517 4296 David.

1805 3357 1848 3425 C

195 4371 218 4396 (ι
248 4355 561 4416 Conserva.
595 4380 619 4405 »
647 4360 937 4434 Propheta
966 4364 1182 4419 Esdras
1213 4363 1547 4437 intelligens
1598 4366 1779 4424 David

130 4442 431 4529 «scripsisse
472 4448 631 4506 hunc
681 4450 980 4523 psalmum
1030 4453 1102 4509 de
1147 4454 1573 4510 restauratione
1616 4456 1781 4529 regni

129 4527 356 4602 Christi,
391 4542 451 4593 et
479 4540 792 4612 providens
826 4540 1003 4596 etiam
1037 4543 1191 4614 quod
1218 4543 1277 4597 in
1301 4543 1573 4615 passione
1594 4527 1781 4617 ipsius

131 4616 332 4679 Christi
365 4626 478 4682 iste
506 4627 717 4686 titulus
739 4629 1093 4687 scriberetur
1126 4649 1138 4687 :
1176 4656 1198 4679 «
1230 4632 1404 4688 Jesus
1448 4616 1782 4691 Nazarenus

1897 717 2036 789 quia
2067 735 2361 789 nusquam
2394 717 2609 789 legitur
2636 718 2815 773 David
2849 720 2920 774 de
2950 736 3010 774 se
3032 718 3286 791 aliquem
3307 720 3548 778 titulum

1896 806 2429 878 scripsisse,neque
2453 806 2628 861 etiam
2657 808 2728 862 de
2752 824 2817 862 eo
2848 806 2999 862 alius
3028 807 3265 880 scripsit
3286 808 3547 865 titulum.

1894 894 1993 949 Vel
2028 895 2110 948 sic
2141 896 2453 967 exponitur
2480 894 2728 951 titulus:
2754 894 2933 951 Tituli
2964 895 3267 968 inscriptio
3289 897 3417 969 ipsa
3446 898 3553 954 Da-

1892 982 2008 1047 vid,
2045 983 2102 1036 id
2135 989 2224 1038 est
2255 982 2515 1056 Operatio
2534 984 2691 1038 unde
2718 982 2981 1056 loquitur
3012 983 3298 1056 psalmus,
3333 990 3423 1039 est
3461 990 3547 1041 at-

1893 1072 2202 1127 tribuenda
2235 1073 2437 1140 David,
2471 1071 2529 1127 id
2562 1077 2650 1127 est
2679 1071 2910 1127 Christo
2933 1077 3138 1145 agente
3174 1074 3283 1129 hoc
3306 1093 3408 1146 pro
3441 1093 3550 1130 sua

1822 1170 1825 1172 ’
1890 1161 2151 1216 victoria.
2187 1160 2421 1215 Titulus
2461 1162 2618 1216 enim
2650 1162 2806 1232 apud
2837 1166 3059 1217 veteres
3094 1164 3165 1218 ad
3196 1163 3549 1236 designatio-

1890 1267 2023 1305 nem
2057 1250 2309 1305 victorize
2332 1250 2391 1304 in
2426 1250 2767 1323 triumphali
2799 1267 2937 1305 arcu
2969 1251 3388 1307 aseribebatur.
3424 1254 3545 1308 Ma-

1889 1340 2036 1394 teria
2067 1344 2156 1395 est
2186 1356 2432 1412 regnum
2465 1339 2822 1407 restitutum,
2852 1339 2911 1394 id
2943 1345 3031 1394 est
3064 1340 3284 1406 ﬁdeles,
3319 1342 3391 1396 de
3430 1358 3548 1413 qua

1887 1429 1970 1484 sic
1988 1429 2145 1500 agit:
2174 1429 2340 1483 Ponit
2363 1429 2735 1483 inﬁmitatem
2768 1429 3179 1497 humanitatis,
3214 1434 3270 1485 et
3298 1429 3544 1502 gloriam

1886 1517 2267 1585 haereditatis,
2301 1517 2358 1572 id
2388 1523 2477 1573 est
2525 1536 2790 1573 suorum.
2826 1518 3030 1574 Postea
3079 1519 3190 1574 sub
3223 1520 3545 1592 gratiarum

1887 1606 2111 1663 actione
2143 1607 2264 1679 agit
2294 1607 2364 1661 de
2397 1608 3149 1679 passione,resurrectione,
3182 1608 3544 1677 ascensione,

1886 1711 1990 1765 per
2019 1712 2149 1767 quae
2182 1694 2382 1749 omnia
2413 1695 2567 1749 faeta
2615 1700 2704 1749 est
2744 1696 3033 1751 restitutio
3082 1697 3269 1768 regni.
3295 1698 3547 1755 Intentio

1883 1798 2018 1836 vero
2050 1785 2263 1836 estnos
2284 1782 2599 1836 admonere
2622 1787 2686 1836 ut
2711 1799 2827 1836 non
2850 1783 3327 1839 contradicamus
3348 1784 3544 1854 titulo,

1884 1870 1985 1925 sed
2016 1870 2403 1925 conﬁteamur
2431 1870 2730 1925 Christum
2762 1886 2891 1925 esse
2935 1887 3129 1942 regem
3180 1872 3543 1929 Judzeorum.

1884 1956 2008 2012 Vox
2039 1957 2254 2013 Christi
2290 1958 2615 2013 secundum
2647 1958 3172 2026 humanitatem,et
3220 1960 3427 2032 incipit
3469 1962 3545 2017 ab

1888 2045 2227 2101 inﬁrmitate
2254 2045 2663 2113 humanitatis,
2680 2047 2847 2117 quasi
2867 2046 3095 2118 positus
3116 2047 3268 2103 inter
3288 2049 3547 2119 pericula

1887 2135 1970 2188 sic
2004 2134 2223 2189 diceret
2259 2151 2270 2189 :

1960 2250 1982 2273 ι.
2018 2223 2262 2279 Domine
2294 2223 2469 2289 Deus,
2502 2240 2781 2279 conserva
2812 2242 2906 2281 me
2938 2245 2960 2270 »ι
2997 2243 3067 2281 ne
3100 2225 3246 2282 mihi
3277 2225 3402 2281 ista:
3434 2226 3542 2281 tri-

1886 2312 2215 2367 bulationes
2246 2312 2615 2384 prrevaleant.
2650 2312 2753 2369 llic
2802 2315 2998 2370 innuit
3044 2332 3112 2371 ex
3152 2332 3213 2371 se
3258 2314 3405 2370 nihil
3445 2315 3545 2371 ha-

1890 2402 2027 2457 bere
2060 2418 2073 2455 :
2108 2402 2211 2456 sed
2244 2418 2314 2456 ex
2343 2402 2459 2457 Deo
2492 2422 2515 2446 «
2549 2419 2829 2458 conserva
2858 2420 2952 2459 me
2983 2422 3006 2446 ι»
3040 2408 3099 2459 et
3128 2404 3306 2460 debes
3356 2404 3543 2461 facere

1888 2513 1917 2541 ‹‹
1948 2490 2228 2563 quoniam
2260 2490 2484 2562 speravi
2516 2492 2576 2546 in
2609 2495 2665 2546 te
2692 2512 2715 2535 »
2748 2509 2911 2564 spem
2945 2510 3137 2548 meam
3174 2493 3345 2565 posui
3377 2497 3453 2560 te,
3485 2497 3545 2549 et

1884 2584 2125 2652 propter
2154 2578 2263 2635 hoc
2294 2579 2469 2635 etiam
2503 2580 2659 2651 quod
2704 2581 2851 2636 dixit
2890 2581 2997 2637 tibi
3032 2603 3055 2627 «
3088 2583 3354 2650 Domine,
3387 2582 3543 2639 Deus

1886 2686 2055 2724 meus
2084 2686 2147 2725 es
2170 2673 2253 2737 tu,
2290 2696 2314 2718 »
2347 2668 2407 2724 id
2440 2674 2529 2724 est
2550 2669 2804 2725 multum
2839 2670 2983 2725 mihi
3027 2670 3337 2727 familiaris
3370 2687 3383 2726 :
3412 2671 3543 2727 ideo

1884 2759 2014 2813 dico
2050 2759 2227 2824 Deus,
2261 2780 2285 2802 ‹‹
2323 2758 2604 2829 quoniam
2645 2763 2708 2813 tu
2765 2759 3054 2815 bonorum
3099 2776 3363 2815 meorum
3424 2777 3542 2815 non

1889 2864 2098 2919 «eges,
2132 2875 2157 2900 ι»
2192 2846 2249 2900 id
2272 2850 2360 2900 est
2392 2846 2537 2900 nihil
2570 2846 2706 2901 boni
2740 2864 2807 2901 ex
2836 2865 2930 2903 me
2957 2848 3164 2913 habeo,
3200 2849 3301 2902 sed
3346 2848 3542 2919 potius

1884 2950 1953 2989 ex
1984 2939 2041 2989 te
2074 2950 2086 2987 :
2115 2933 2253 3005 quia
2285 2934 2332 2987 si
2362 2933 2583 3003 aliquid
2616 2950 2684 2987 ex
2713 2950 2807 2989 me
2838 2934 3137 3001 haberem,
3169 2934 3268 2989 illo
3300 2939 3363 2990 tu
3416 2951 3544 3007 ege-

1886 3025 2071 3089 res,ct
2102 3037 2215 3074 non
2249 3038 2411 3075 esses
2450 3020 2772 3075 sufﬁciens.
2792 3021 2937 3076 Cum
2987 3021 3258 3077 Christus
3288 3023 3445 3077 dicat
3474 3039 3543 3078 ex

1886 3127 1947 3165 se
1979 3108 2124 3164 nihil
2156 3108 2291 3164 boni
2314 3108 2549 3177 habere,
2583 3109 2922 3164 manifestat
2950 3108 3080 3165 illos
3119 3110 3285 3166 valde
3319 3128 3540 3183 praesu-

1886 3214 2065 3266 mere,
2100 3197 2198 3269 qui
2249 3214 2319 3252 ex
2368 3212 2430 3251 se
2478 3195 2698 3269 aliquid
2744 3197 2881 3252 boni
2926 3197 3264 3255 existimant
3302 3199 3537 3258 habere.

1887 3287 1991 3343 Hie
2021 3286 2228 3358 incipit
2272 3286 2577 3342 ostendere
2624 3286 2873 3359 gloriam
2920 3287 3300 3344 haereditatis.
3342 3289 3541 3346 Conti-

1889 3375 2092 3432 nuatio
2126 3392 2159 3431 :-

1961 3483 1986 3509 «
2011 3466 2137 3522 Dixi
2152 3464 2584 3533 Domino,Deus
2608 3482 2774 3521 meus
2797 3483 2912 3535 es,»
2937 3466 3031 3524 hic
3045 3469 3240 3523 autem
3258 3466 3544 3525 Dominus

1891 3579 1917 3607 ‹‹
1951 3554 2304 3622 miriﬁcavit,
2338 3580 2363 3604 ιο
2399 3554 2458 3609 id
2503 3559 2595 3611 est
2655 3555 2955 3612 mirabiles
3003 3556 3262 3613 ostendit
3293 3574 3545 3614 «omnes

1885 3645 2217 3702 voluntates
2246 3661 2430 3700 meas.
2464 3669 2488 3692 υ
2519 3643 2805 3701 Voluntas
2836 3645 3051 3701 Christi
3084 3650 3192 3713 est,
3227 3650 3294 3701 ut
3341 3663 3546 3703 omnes

1885 3735 2176 3807 impleant
2192 3734 2470 3789 mandata
2485 3734 2634 3805 ejus.
2651 3734 2811 3790 Hanc
2832 3734 3190 3791 voluntatem
3216 3733 3545 3791 mirabilem

1888 3824 2146 3880 ostendit
2167 3824 2322 3878 Deus
2353 3839 2381 3869 ‹‹
2411 3822 2632 3877 sanctis
2667 3845 2690 3868 ››
2724 3823 2960 3894 quando
2991 3839 3341 3894 cognoscere
3384 3822 3544 3892 facit,

1889 3915 2041 3986 quod
2076 3913 2123 3967 si
2158 3913 2309 3967 hanc
2337 3911 2698 3966 voluntatem
2731 3910 3036 3982 impleant,
3062 3909 3461 3982 impassibiles
3488 3915 3548 3966 et

1888 4000 2254 4058 immortales
2286 3997 2692 4055 ﬁant.Sanctis
2723 3997 2851 4053 dico
2886 4017 2909 4041 ‹‹
2942 3997 3042 4069 qui
3075 4002 3215 4052 sunt
3244 3997 3303 4052 in
3331 4001 3539 4067 terra,»

1888 4090 1987 4163 qui
2009 4090 2138 4145 ideo
2170 4088 2447 4143 dicuntur
2475 4086 2838 4158 saneti,quia
2873 4089 3014 4141 sunt
3042 4084 3103 4141 in
3134 4088 3309 4155 terra,
3342 4086 3401 4141 id
3433 4090 3543 4157 est,

1886 4180 1948 4235 in
1979 4177 2450 4245 stabilitate,non
2484 4176 2542 4230 in
2576 4175 2853 4231 ﬂuctibus
2884 4175 3065 4247 hujus
3096 4175 3301 4232 mundi
3327 4192 3340 4231 :
3368 4178 3542 4243 terra,

1889 4268 2019 4324 dico
2053 4288 2077 4313 (ι
2110 4266 2238 4337 ejus
2265 4288 2291 4317 ι)
2323 4264 2546 4321 scilicet
2576 4264 3159 4331 benedictionis,non
3193 4264 3549 4323 maledictio-

1890 4358 2004 4427 nis,
2039 4360 2104 4411 ut
2137 4360 2290 4411 terra
2318 4354 2451 4409 Adae
2485 4354 2635 4426 (Gen.
2666 4355 2778 4427 ιιι).
2808 4355 2878 4409 Et
2908 4354 3047 4427 quia
3078 4354 3262 4427 aliqui
3309 4357 3549 4427 possent

1891 4460 2239 4520 cognoscere
2268 4442 2649 4510 voluntatem,
2666 4447 2723 4498 et
2744 4448 2941 4499 tamen
2960 4461 3074 4499 non
3098 4443 3291 4516 posita
3310 4447 3465 4499 esset
3486 4444 3546 4497 in

1890 4538 1996 4603 eis,
2049 4533 2213 4590 addit
2245 4551 2269 4577 ι(
2319 4532 2380 4586 in
2427 4530 2512 4586 eis
2544 4550 2568 4575 »
2602 4530 2684 4586 ita
2731 4530 2953 4587 scilicet
2984 4551 3007 4575 «
3040 4530 3395 4598 miriﬁcavit,
3429 4548 3453 4572 η
3484 4534 3550 4585 ut

1892 4629 2089 4683 essent
2119 4623 2320 4696 posita:
2352 4621 2412 4675 in
2445 4620 2562 4676 eis:
2599 4638 2622 4661 (ι
2655 4619 2988 4675 miriﬁeavit
3021 4638 3044 4661 ι»
3068 4620 3234 4691 prius
3264 4622 3431 4674 erant
3458 4620 3549 4675 in-

132 4722 224 4763 rex
250 4710 617 4787 Judzeorum;
654 4740 681 4769 »
715 4723 775 4774 et
805 4720 963 4792 quod
988 4721 1164 4776 etiam
1189 4720 1273 4776 illi
1302 4721 1472 4777 titulo
1492 4724 1785 4781 contradi-
1817 4729 1864 4793 ι)
1896 4715 2071 4783 ﬁrmi,
2105 4717 2161 4768 et
2191 4729 2325 4767 cum
2356 4714 2553 4766 essent
2580 4708 2947 4777 inﬁrmi,sub
2980 4706 3231 4764 naturali
3264 4706 3390 4779 lege
3422 4737 3446 4762 (ι
3471 4707 3555 4765 in-

134 4805 338 4869 cerent,
364 4804 625 4862 dicentes
666 4805 851 4864 Pilato
881 4826 894 4864 :
920 4824 950 4855 α
970 4809 1097 4865 Noli
1124 4810 1399 4879 scribere,
1427 4829 1527 4867 rex
1553 4814 1785 4871 Judae-

135 4896 280 4955 rum,
303 4892 404 4947 sed
425 4894 565 4964 quia
585 4893 712 4966 ipse
732 4895 896 4965 dixit,
914 4914 1013 4952 rex
1049 4915 1182 4953 sum
1217 4898 1558 4956 Judaeorum
1594 4903 1786 4971 (Joan.

138 4975 308 5045 χαλ»
336 4982 406 5037 ad
435 4984 939 5041 conﬁrmationem
974 4986 1146 5042 istius
1170 4986 1349 5055 tituli,
1369 4988 1453 5043 sic
1476 4990 1792 5048 intitulavit

140 5062 422 5128 Psalmum
452 5070 659 5128 istum.
692 5073 798 5130 Ubi
832 5075 991 5130 enim
1023 5074 1164 5129 dicit
1205 5074 1500 5146 psalmum
1547 5095 1675 5132 esse
1706 5078 1791 5132 in-

144 5150 438 5228 scriptum,
470 5163 730 5217 ostendit
766 5164 945 5218 etiam
978 5164 1216 5218 titulum
1254 5182 1383 5219 esse
1413 5165 1790 5239 inscriptum,

155 5238 283 5324 quia
300 5245 367 5301 de
387 5250 589 5305 eodem
622 5252 763 5324 agit,
797 5257 854 5307 et
885 5252 1090 5307 titulus
1140 5258 1197 5307 et
1249 5253 1534 5324 psalmus,
1570 5238 1792 5313 seiiicet

147 5323 214 5421 ξῘϐ
242 5345 412 5421 regno
442 5323 683 5396 Christi.
706 5340 941 5397 Titulus
967 5346 1162 5397 autem
1189 5323 1273 5397 sic
1304 5344 1613 5413 exponitur
1637 5362 1648 5400 :
1679 5347 1793 5402 lsta

145 5418 429 5503 inscriptio
448 5426 629 5496 tituli,
665 5429 723 5483 id
754 5434 845 5485 est
874 5430 984 5485 iste
1017 5431 1281 5503 psalmus
1314 5432 1407 5485 cui
1462 5438 1519 5487 et
1561 5433 1789 5503 titulus,

148 5499 274 5594 q_nia
301 5507 368 5563 de
396 5512 638 5570 obtentu
667 5514 857 5588 ipsius
889 5499 1074 5591 regni,
1110 5519 1265 5575 sicut
1297 5518 1507 5574 titulus
1542 5520 1599 5575 in
1653 5499 1791 5594 pas;

148 5584 654 5681 aio_ne.lnscriptus
684 5584 792 5674 est,
809 5605 867 5661 id
899 5584 1465 5663 est-immutabiliter
1493 5584 1749 5681 scriptus
1775 5630 1786 5668 :

150 5676 276 5769 gula
300 5687 633 5765 quicunque
664 5696 1086 5767 contradicent,
1122 5698 1244 5769 ipse
1290 5714 1521 5769 semper
1558 5704 1647 5754 est
1695 5719 1793 5758 rex

153 5762 490 5855 Judeorum,
524 5762 584 5840 id
612 5788 703 5844 est
731 5802 863 5845 vere
892 5786 1047 5847 Deus
1074 5762 1542 5846 conﬁtentium:
1573 5793 1632 5852 et
1670 5789 1793 5853 haec

1898 4804 2207 4861 ﬁrmitates
2247 4817 2472 4868 eorum,
2509 4825 2533 4848 ι)
2565 4799 2623 4854 id
2656 4803 2745 4855 est
2782 4802 3020 4870 peccata
3050 4820 3075 4846 α
3106 4795 3497 4869 multiplicata
3520 4820 3549 4849 ιι

1901 4913 2005 4968 per
2033 4889 2221 4964 legem
2261 4891 2563 4962 scriptam.
2599 4888 2761 4944 Unde
2800 4886 3149 4960 Apostolus:
3185 4887 3301 4941 Lex
3347 4886 3551 4942 subin-

1898 4984 2072 5039 travit
2110 4987 2173 5037 ut
2202 4980 2528 5036 abundaret
2576 4978 2855 5033 delictum
2886 4978 3061 5046 (Rom.
3095 4976 3172 5048 v),
3209 5002 3232 5026 «ι
3267 4979 3487 5049 postea,
3521 4997 3550 5027 η

1900 5074 1957 5128 id
1990 5076 2098 5139 est,
2136 5074 2444 5142 postquam
2468 5085 2529 5122 se
2556 5070 2954 5139 cognoverunt
2987 5082 3098 5119 non
3132 5083 3303 5138 posse
3343 5063 3555 5120 salvari

1900 5180 2003 5235 per
2028 5161 2235 5233 legem,
2253 5160 2353 5213 sed
2380 5158 2576 5229 potius
2599 5155 2977 5227 multiplicari
3002 5160 3239 5227 peccata
3264 5171 3276 5209 :
3303 5171 3405 5225 per
3424 5170 3554 5208 eam

1903 5275 1930 5302 ‹‹
1964 5250 2450 5314 acceleraverunt,
2484 5262 2510 5292 ι)
2544 5246 2766 5300 scilicet
2795 5245 2866 5299 ad
2899 5244 3218 5299 Christum.

1976 5364 1997 5387 ‹‹
2028 5339 2506 5394 Aeeeleraverunt
2542 5356 2563 5376 »ι
2596 5338 2652 5389 et
2674 5334 2801 5389 ideo
2823 5334 2951 5404 jam
2983 5354 3004 5376 α
3040 5350 3155 5388 non
3191 5330 3557 5403 eongregabo

1902 5425 2307 5487 conventicula
2361 5441 2586 5495 eorum,
2622 5424 2679 5477 id
2738 5427 2827 5478 est
2879 5425 3223 5488 conventus,
3284 5418 3561 5475 instituta

1901 5522 1971 5576 de
2006 5515 2397 5590 sanguinibus
2420 5533 2442 5556 ιι
2476 5511 3036 5577 elfundendis,sieut
3061 5511 3115 5566 in
3140 5510 3256 5566 alia
3284 5508 3558 5582 lege.Sed

1893 5611 2020 5683 jam
2047 5624 2160 5663 non
2193 5601 2469 5675 recipiam
2502 5601 2948 5674 sanguinem,id
2980 5606 3070 5656 est
3099 5598 3457 5656 sacriﬁcium
3488 5598 3562 5655 de

1900 5698 2182 5756 etl‘usione
2212 5690 2537 5764 sanguinis,
2571 5690 2659 5746 vel
2691 5692 2826 5763 agni
2859 5690 2945 5747 vel
2978 5689 3147 5746 hirci.
3186 5689 3285 5745 llic
3316 5687 3561 5763 promit-

1900 5790 2059 5854 tabat
2089 5789 2288 5869 aperte
2311 5778 2720 5840 liberationem
2751 5780 2823 5841 ab
2855 5796 3029 5841 onere
3056 5777 3204 5857 legis
3228 5778 3512 5841 Dsminus
3544 5794 3567 5859 ζ
