3914 6356
149 425 283 489 245

1356 424 1879 489 EXPLANATIO.
1908 422 1989 485 IN
2031 424 2415 489 PSALMOS.

3476 421 3596 488 246

151 566 414 635 fecerat,
448 565 574 638 ipse
621 562 733 618 sibi
786 559 1063 621 manibus
1110 580 1177 620 ac
1228 562 1478 636 pedibus
1528 560 1829 634 appetivit.
1860 558 1916 625 Α
1944 563 2055 630 est,
2087 559 2429 633 iniquitates
2462 559 2769 617 hominum
2803 577 2931 633 quae
2952 563 3092 616 sunt
3117 560 3293 617 sicuti
3324 562 3592 620 torrens:

151 658 306 714 Dico
341 657 472 712 haec
500 657 677 712 verba
725 655 1092 711 attribuutur
1120 654 1349 710 Christo
1390 670 1525 708 cum
1557 651 1833 707 omnibus

149 747 461 803 membris
497 763 508 802 :
542 747 719 802 verba
748 745 900 814 dico,
935 744 1246 816 dirigentia
1280 761 1384 798 nos
1427 742 1487 797 in
1541 743 1739 809 ﬁnem,
1774 741 1831 797 id

148 842 270 903 est,
330 837 398 891 in
445 835 748 891 Christum
782 851 796 890 :
832 834 1085 889 intendit
1133 833 1290 888 enim
1340 850 1448 888 nos
1483 831 1724 887 invitare
1758 833 1830 887 ad

151 926 551 982 dilectionem
582 926 683 980 Dei
724 940 827 996 per
872 922 1202 995 exemplum
1253 922 1366 977 sui.
1402 922 1643 977 Materia
1692 926 1833 977 sunt

154 1034 424 1072 munera
455 1016 543 1070 vel
577 1013 992 1070 misericordia:
1026 1014 1147 1081 Dei,
1183 1012 1444 1079 salvatio,
1481 1012 1830 1083 populorum

151 1106 486 1177 subjectio,
521 1104 836 1159 vindicatio
860 1104 931 1159 de
954 1103 1231 1157 inimicis.
1256 1103 1336 1157 De
1360 1102 1467 1156 hac
1488 1106 1688 1156 autem
1713 1118 1833 1165 ma:

153 1197 311 1251 teria
345 1196 438 1251 sie
470 1193 632 1267 agit:
668 1192 973 1248 Prmmittit
1016 1191 1467 1247 exsultationem
1503 1192 1572 1245 de
1605 1191 1827 1256 datore,

151 1283 432 1340 ostendit
449 1282 845 1339 calamitatem
858 1281 1101 1337 humani
1116 1279 1345 1353 generis
1358 1298 1430 1333 an
1441 1284 1494 1334 te
1514 1280 1829 1334 adventum

152 1372 414 1443 Christi,
449 1376 506 1427 et
534 1375 736 1427 contra
770 1388 783 1426 :
818 1370 1075 1427 remedia
1117 1386 1219 1441 per
1268 1370 1581 1423 adventum
1613 1368 1828 1422 Christi

151 1463 409 1518 tertiam
445 1465 670 1533 partem
702 1458 1273 1531 depotestateipsius
1294 1457 1828 1529 Christi,quartam

153 1555 393 1623 partem
431 1552 503 1606 de
532 1549 1039 1606 commendatione
1059 1549 1321 1619 ipsorum
1350 1563 1685 1602 munerum.
1708 1546 1831 1601 Vox

150 1641 411 1708 Christi,
446 1643 503 1696 et
531 1640 857 1695 secundum
888 1654 1059 1693 suam
1091 1654 1401 1709 personam
1425 1641 1482 1692 et
1503 1637 1828 1692 secundum

152 1731 461 1786 membra.
495 1727 867 1785 Continuatio
900 1743 914 1782 :

225 1818 511 1876 Christus
543 1822 633 1874 est
652 1817 885 1873 loeutus
904 1816 1079 1872 verba
1096 1816 1304 1871 cantici
1330 1816 1529 1887 hujus,
1553 1819 1611 1871 et
1631 1815 1777 1870 dixit
1811 1833 1823 1870 :

1944 651 2085 721 quia
2113 652 2286 706 sicuti
2320 657 2548 707 terrens
2580 669 2680 723 per
2711 651 2966 723 pluviam
2998 651 3206 706 crescit
3225 655 3282 705 et
3312 651 3595 724 impetuo-

1944 757 2045 795 sus
2076 740 2160 807 ﬁt,
2198 739 2279 794 sic
2311 740 2651 812 iniquitates
2684 740 2990 795 hominum
3018 739 3277 795 tumultu
3300 746 3594 811 crescunt,

1942 832 1998 883 et
2031 829 2087 882 in
2122 834 2356 884 sanctos
2388 830 2714 901 impetuose
2748 831 2913 897 ﬁunt,
2954 853 2975 878 ι
3007 830 3392 886 turbaverunt
3423 848 3540 901 me,
3561 853 3591 883 ››

1940 917 2000 972 id
2031 923 2137 985 est,
2173 918 2410 973 anxium
2436 920 2696 974 fecerunt
2727 936 2839 974 me.

2014 1007 2292 1061 Praeterea
2318 1008 2496 1063 etiam
2536 1028 2556 1055 α
2591 1008 2819 1063 dolores
2843 1009 3051 1063 inferni
3078 1009 3595 1065 circumdederunt

1942 1114 2054 1161 me,
2090 1116 2113 1139 η
2148 1097 2206 1153 id
2238 1101 2329 1151 est
2360 1096 2591 1168 pagani,
2626 1097 2726 1167 qui
2774 1115 2875 1169 pro
2923 1097 3128 1152 merito
3171 1098 3335 1152 malm
3367 1098 3499 1153 vitm
3531 1098 3591 1153 in

1940 1186 2167 1241 inferno
2202 1187 2509 1257 torquendi
2546 1191 2700 1241 sunt.
2735 1185 2837 1240 Vel
2872 1203 2885 1239 :

2017 1298 2038 1323 ιι
2075 1274 2312 1329 Dolores
2378 1275 2614 1342 inferni,
2662 1298 2688 1323 η
2739 1274 2796 1328 id
2852 1279 2959 1341 est,
3030 1292 3211 1346 pcena:
3277 1276 3591 1333 infernalcs

1942 1386 1970 1414 ‹‹
2002 1364 2519 1419 circumdederunt
2550 1380 2662 1431 me,
2690 1384 2712 1405 υ
2737 1364 2793 1417 id
2811 1367 2923 1431 est,
2946 1364 3027 1418 ita
3049 1368 3243 1419 certus
3266 1381 3397 1419 sum
3420 1366 3590 1437 quasi

1930 1454 2057 1524 jam
2089 1452 2619 1508 circumdedissent
2650 1469 2764 1523 me,
2799 1452 2911 1507 nisi
2943 1453 3227 1508 adventus
3256 1452 3471 1508 Christi
3502 1471 3591 1509 re-

1940 1542 2125 1598 dimat
2157 1559 2270 1597 me.
2306 1543 2449 1597 Item
2481 1542 2645 1614 ponit
2673 1542 2915 1597 alteram
2948 1547 3173 1614 partem
3205 1558 3323 1597 sua:
3354 1541 3593 1598 calami-

1937 1632 2099 1701 tatis,
2132 1649 2267 1688 eum
2299 1632 2442 1687 dicit
2466 1652 2487 1675 α
2522 1631 2713 1703 laquei
2747 1631 2974 1699 mortis,
3011 1649 3034 1674 ι)
3067 1630 3125 1686 id
3167 1636 3277 1699 est,
3312 1631 3596 1704 originale

1938 1726 2242 1793 peccatum
2277 1741 2300 1764 «
2334 1724 2888 1793 praeoccupaverunt
2920 1736 3012 1773 me
3044 1742 3072 1769 ››
3105 1719 3282 1776 etiam
3323 1722 3593 1778 nescien-

1936 1815 2077 1879 tem,
2112 1811 2251 1883 quia
2280 1812 2352 1865 ab
2382 1810 2512 1882 ipsa
2539 1808 2716 1865 etiam
2749 1809 3126 1880 conceptione
3157 1814 3247 1864 est
3277 1809 3452 1866 homo
3492 1810 3592 1867 illo

152 1909 200 1965 Ο
234 1908 518 1975 Domine,
542 1905 737 1974 dilexi,
771 1910 829 1961 et
858 1905 1057 1977 diligo,
1088 1910 1146 1960 et
1180 1926 1207 1955 «
1235 1904 1475 1977 diligam
1510 1910 1585 1959 te.
1621 1927 1649 1955 »
1684 1904 1823 1960 Dili-
1855 1930 1906 1999 Β
1936 1900 2571 1999 Ρῡὲεθῐο.ἱ11ει(ιυθαιυξῖ

151 2014 297 2071 gam
333 1997 611 2063 dicendo,
647 1998 811 2051 notat
841 1994 1334 2068 perseverantiam
1356 1994 1543 2065 ipsius
1575 1993 1829 2050 dilectio-

153 2088 251 2143 nis
288 2104 302 2141 :
341 2086 491 2159 quia
519 2091 581 2141 tu
615 2103 677 2141 es
705 2108 725 2134 η
761 2084 1042 2140 fortitudo
1074 2101 1223 2153 mea,
1256 2105 1284 2133 ››
1319 2083 1538 2156 quiain
1570 2100 1662 2139 me
1694 2101 1826 2139 sum

152 2175 510 2242 imbecillis,
542 2174 602 2230 in
633 2178 689 2230 te
719 2173 885 2231 fortis
917 2175 991 2229 ad
1024 2174 1410 2247 pugnandum
1442 2178 1647 2229 contra
1665 2173 1829 2229 mali-

152 2283 312 2341 gnos
349 2282 363 2321 :
403 2265 572 2337 quasi
621 2264 839 2320 diceret
872 2281 884 2319 :
917 2262 1110 2318 Vultis
1159 2279 1508 2335 cognoscere
1552 2262 1721 2317 illum
1753 2263 1824 2318 ad

154 2372 343 2428 quem
376 2353 607 2426 loquor,
640 2353 766 2426 ipse
798 2357 905 2420 est,
938 2373 959 2401 ι
982 2354 1426 2409 ﬁrmamentum
1449 2369 1668 2420 meum,
1703 2374 1730 2403 »
1766 2352 1824 2408 id

154 2449 269 2513 est,
307 2443 539 2500 faciens
570 2459 664 2498 me
694 2443 931 2497 ﬁrmum
963 2458 1037 2497 ne
1067 2441 1357 2510 deﬁciam,
1395 2464 1423 2491 ‹‹
1455 2446 1512 2497 et
1532 2441 1823 2514 refugium

156 2549 388 2600 meum,
431 2555 453 2585 ι
491 2531 713 2587 scilicet
742 2532 813 2586 ad
847 2548 1022 2603 quem
1056 2547 1161 2601 ego
1211 2530 1499 2603 refugiam
1550 2531 1718 2603 quasi
1751 2531 1824 2586 ad

154 2621 396 2677 turrim.
436 2620 497 2677 Si
524 2622 682 2677 enim
714 2621 990 2694 ignorant
1012 2620 1212 2676 ﬁdeles
1243 2619 1384 2692 quid
1406 2622 1701 2692 agendum
1725 2620 1823 2689 sit,

155 2710 412 2767 consilio
463 2710 660 2766 divino
700 2710 1081 2765 instruuntur
1110 2709 1251 2780 quid
1283 2709 1361 2763 sit
1389 2710 1682 2780 agendum
1718 2726 1731 2763 ε
1767 2714 1825 2765 et

155 2800 299 2871 quia
328 2803 535 2871 posset
559 2814 687 2852 esse
711 2795 895 2862 fortis,
924 2797 1154 2860 ﬁrmus,
1177 2802 1233 2850 et
1258 2796 1451 2852 sciens
1468 2796 1643 2851 etiam
1667 2799 1821 2869 quod

157 2889 466 2959 agendum
495 2889 669 2952 esset,
703 2888 761 2940 et
788 2887 986 2956 posset
1006 2884 1241 2939 diﬁcere
1273 2900 1286 2937 :
1323 2886 1821 2955 quemadmodum

157 2977 407 3048 quidam
432 2973 709 3050 haeretici,
733 2973 831 3043 qui
853 2972 1141 3043 putabant
1161 2976 1473 3043 postquam
1493 2976 1687 3028 essent
1707 2972 1822 3027 ins-

158 3065 337 3120 tructi
364 3082 400 3120 a
426 3063 566 3127 Deo,
592 3077 696 3131 per
717 3077 856 3116 suas
883 3059 1035 3114 vires
1067 3060 1335 3115 sufﬁcere
1360 3076 1371 3113 ε
1398 3059 1599 3114 subdit
1622 3082 1649 3110 ‹‹
1675 3065 1732 3115 et
1750 3059 1820 3114 li-

159 3152 402 3209 berator
434 3166 626 3216 meus,
658 3169 686 3199 »
712 3148 770 3203 id
803 3152 912 3216 est,
946 3147 1046 3219 qui
1069 3165 1162 3203 me
1182 3147 1390 3203 liberat
1410 3149 1483 3203 ab
1514 3147 1770 3205 inimicis
1803 3166 1816 3203 :

159 3241 297 3311 quia
329 3240 382 3296 si
408 3239 567 3295 Deus
596 3252 839 3292 manum
871 3236 1262 3304 subtraheret,
1296 3237 1495 3292 statim
1527 3238 1814 3294 deﬁceret.

231 3351 260 3379 ‹‹
295 3330 481 3393 Deus,
520 3347 542 3376 ι
581 3326 637 3380 id
671 3326 1040 3391 est,Creator
1061 3341 1249 3391 meus,
1286 3347 1313 3375 «
1335 3326 1571 3397 adjutor
1602 3343 1819 3382 meus»

126 3424 131 3429 ’
161 3418 231 3472 ad
266 3414 731 3488 cooperandum,
765 3413 907 3484 quia
949 3412 1075 3468 sine
1122 3431 1188 3469 eo
1234 3413 1378 3468 nihil
1412 3414 1547 3469 boni
1579 3432 1822 3487 possum

162 3504 372 3573 facere,
395 3509 455 3560 et
475 3504 625 3574 ideo,
648 3523 668 3550 ι
695 3503 940 3574 sperabo
964 3502 1023 3557 in
1046 3518 1204 3568 eum,
1225 3524 1245 3551 η
1268 3503 1324 3558 id
1341 3508 1605 3575 estspem
1629 3521 1822 3560 meam

160 3597 343 3649 totam
399 3609 617 3665 ponam
659 3591 718 3646 in
778 3607 935 3646 eum.
992 3592 1120 3662 Ipse
1169 3592 1344 3647 etiam
1394 3597 1484 3647 est
1532 3597 1824 3665 protector

161 3698 349 3738 meus.
372 3704 400 3733 ››
430 3681 597 3737 Sicut
619 3680 774 3736 enim
799 3679 1013 3751 aliquis
1036 3680 1289 3752 protegit
1308 3681 1565 3752 aliquem
1588 3682 1646 3736 in
1670 3682 1821 3738 bello

164 3786 234 3825 ne
251 3770 602 3826 vulneretur
622 3768 823 3841 aliqua
844 3769 1079 3841 sagitta,
1103 3768 1187 3823 sic
1204 3768 1358 3824 Deus
1379 3769 1674 3825 Christum
1697 3788 1824 3842 pro-

163 3860 326 3931 tegit,
362 3876 437 3916 ne
466 3874 603 3914 eum
631 3857 809 3913 etiam
840 3874 1018 3930 parva
1045 3857 1289 3913 tentatio
1316 3862 1620 3930 tangeret:
1655 3860 1823 3915 ethic

161 3945 462 4003 Christum
482 3963 617 4001 cum
632 3946 908 4001 omnibus
922 3946 1205 4001 membris
1218 3946 1562 4017 accipimus.
1580 3950 1822 4013 Quando

161 4035 314 4090 enim
346 4035 755 4103 vulnerantur,
790 4035 941 4091 sicut
981 4035 1160 4089 David
1192 4034 1249 4089 in
1283 4035 1569 4111 adulterio
1602 4037 1674 4104 (II
1694 4038 1820 4107 Reg.

160 4127 260 4192 x1,)
291 4129 435 4180 tunc
470 4124 736 4179 membra
758 4123 973 4179 Christi
999 4140 1114 4177 non
1140 4127 1298 4179 sunt.
1327 4147 1347 4173 α
1369 4124 1438 4177 Et
1459 4140 1639 4178 cornu
1663 4125 1818 4179 salu-

164 4212 235 4265 tis
266 4230 430 4268 meae.
467 4235 495 4263 ι)
532 4213 775 4284 Pr0pter
803 4212 912 4267 hoc
942 4212 1086 4266 dicit
1115 4228 1319 4281 cornu,
1353 4212 1491 4283 quia
1520 4211 1673 4267 sicut
1689 4212 1819 4267 ani-

164 4301 337 4356 malia
366 4319 474 4374 per
503 4317 684 4356 cornu
716 4301 923 4372 fugant
953 4299 1243 4367 inimicos,
1271 4300 1354 4355 ita
1375 4300 1528 4355 Deus
1552 4299 1821 4356 inimicos

165 4387 371 4445 Christi
404 4390 678 4461 dissipat,
710 4392 767 4444 et
813 4389 1010 4460 ipsum
1062 4387 1289 4443 salvum
1320 4388 1474 4443 facit.
1512 4389 1630 4444 Hoc
1660 4388 1818 4445 enim

169 4479 317 4546 quod
349 4482 441 4535 est
471 4495 656 4534 cornu
689 4481 780 4533 est
813 4494 990 4532 causa
1023 4476 1234 4532 salutis
1264 4494 1423 4533 meae.
1462 4478 1591 4533 Haec
1618 4482 1818 4534 autem

170 4566 439 4633 praedicta
462 4583 580 4622 non
612 4565 747 4622 fecit
777 4565 923 4620 mihi
976 4582 1044 4620 ex
1074 4581 1205 4620 mea
1250 4565 1554 4639 dignitate,
1592 4567 1692 4622 sed
1725 4584 1820 4622 me

2008 1991 2079 2044 Et
2112 2008 2136 2031 ἰ
2167 1989 2227 2043 in
2267 1994 2429 2045 tanta
2476 1988 2855 2044 tribulatione
2904 2005 3035 2043 mea
3081 1988 3339 2044 invocavi
3389 1988 3587 2044 Domi-

1938 2096 2079 2133 num
2110 2100 2137 2127 »
2182 2083 2240 2134 et
2287 2079 2359 2134 ab
2400 2077 2531 2150 ipsa
2566 2077 2930 2133 invocatione
2974 2078 3212 2149 prorupi
3260 2078 3318 2132 in
3369 2078 3586 2133 clamo-

1936 2185 2079 2234 rem,
2114 2173 2171 2223 et
2200 2169 2311 2223 hoc
2341 2172 2429 2223 est
2464 2190 2484 2217 σι
2520 2171 2577 2223 et
2606 2168 2677 2221 ad
2704 2167 2888 2221 Deum
2922 2184 3119 2221 meum
3164 2166 3433 2236 clamavi,
3469 2188 3493 2211 ιν
3527 2168 3585 2223 id

1935 2262 2042 2324 est,
2076 2256 2236 2312 omni
2268 2261 2479 2312 conatu
2510 2256 2724 2311 virium
2757 2255 2915 2326 petii.

2007 2345 2220 2400 Contra
2250 2344 2360 2399 hoc
2391 2344 2546 2415 quod
2577 2342 2802 2398 dixerat
2838 2343 3118 2414 invocavi,
3153 2345 3318 2416 ponit
3349 2364 3374 2389 «ι
3405 2350 3462 2401 et
3487 2364 3589 2402 ex-

1935 2433 2371 2489 audivitvocem
2396 2450 2586 2487 meam
2600 2432 2905 2503 detemplo
2930 2437 3131 2488 saneto
3145 2451 3313 2500 suo,»
3338 2434 3449 2491 hoc
3469 2434 3588 2492 sive

1934 2523 2005 2578 de
2038 2522 2201 2590 cmlo,
2236 2522 2355 2577 sive
2387 2523 2458 2577 de
2480 2538 2720 2593 corpore
2736 2520 2992 2589 Domini,
3013 2523 3166 2593 quod
3189 2526 3280 2577 est
3299 2524 3588 2596 templum

1934 2617 2204 2667 sanctum
2220 2612 2270 2682 ej
2280 2629 2369 2678 us,
2387 2610 2528 2682 quia
2541 2613 2762 2666 secreta
2779 2610 2879 2664 Dei
2895 2611 3174 2679 continet,
3193 2617 3591 2684 competenter

1933 2700 2285 2773 accipimus:
2303 2704 2506 2755 contra
2524 2698 2634 2753 hoc
2648 2700 2802 2771 quod
2817 2700 2962 2754 dixit
2977 2720 2999 2743 α
3019 2700 3283 2769 clamavi,
3299 2702 3591 2759 etclamor

1935 2812 1962 2840 ‹‹
1996 2807 2164 2844 meus
2198 2790 2255 2842 in
2289 2793 2604 2859 conspectu
2637 2789 2784 2858 ejus,
2818 2804 2845 2834 ν
2878 2788 2935 2842 id
2969 2792 3077 2856 est,
3112 2788 3171 2842 in
3223 2790 3585 2861 beneplacito

1930 2879 2060 2947 ejus
2092 2878 2347 2932 existens
2381 2900 2409 2931 ‹‹
2438 2876 2702 2930 introivit
2731 2875 2786 2929 in
2823 2893 2994 2930 aures
3025 2877 3175 2946 ejus,
3204 2892 3232 2923 υ
3266 2877 3325 2931 id
3356 2881 3463 2945 est,
3488 2895 3585 2934 ex-

1930 2965 2167 3020 auditus
2200 2965 2327 3019 fuit.
2361 2964 2625 3019 Ostensis
2655 2962 3091 3018 calamitatibus
3119 2963 3364 3019 humani
3410 2982 3587 3039 gene-

1932 3052 2012 3108 ris
2044 3057 2177 3108 ante
2226 3053 2541 3107 adventum
2586 3050 2822 3117 Christi,
2873 3051 3130 3106 ostendit
3175 3053 3434 3108 remedia
3482 3072 3586 3126 per

1930 3144 2058 3213 ejus
2091 3142 2405 3196 adventum
2458 3139 2718 3194 humano
2749 3139 2946 3211 generi
2979 3157 3013 3194 a
3041 3140 3157 3194 Deo
3206 3140 3381 3207 facta,
3412 3146 3469 3197 et
3500 3143 3587 3216 ip-

1932 3249 2066 3287 sum
2097 3231 2411 3286 adventum
2435 3228 2655 3283 iudicat
2686 3227 2854 3284 nobis
2878 3245 2979 3300 per
2995 3229 3263 3300 quaedam
3285 3232 3585 3303 mysteria.

1934 3319 2304 3377 Continuatio
2339 3337 2352 3373 ε

2005 3408 2311 3465 Exaudivit
2354 3407 2666 3463 clamarem
2719 3424 2940 3472 meum,
2990 3406 3128 3479 quia
3168 3408 3333 3464 misit
3374 3408 3589 3468 Filium

1935 3516 2110 3555 suum
2128 3499 2184 3552 in
2210 3498 2381 3568 cujus
2405 3497 2653 3551 adventu
2674 3500 2887 3563 «terra,
2908 3516 2932 3540 η
2952 3496 3010 3549 id
3028 3499 3117 3551 est
3139 3497 3374 3566 terreni,
3392 3514 3588 3555 «com-

1934 3592 2193 3643 motaest
2217 3608 2239 3629 »
2273 3604 2306 3641 a
2335 3585 2646 3641 securitate
2676 3584 2736 3639 in
2759 3589 3035 3657 quaerat,
3060 3586 3264 3642 audita
3286 3604 3590 3661 novaprae-

1934 3677 2246 3744 dicatione,
2282 3675 2486 3730 incerti
2523 3675 2679 3746 quod
2704 3678 2970 3730 tenerent
3004 3693 3017 3743 ;
3045 3694 3070 3718 ιι
3098 3679 3156 3730 et
3176 3679 3533 3734 contremuit
3563 3700 3587 3725 η

1933 3766 2075 3838 quia
2098 3765 2296 3820 timuit
2324 3782 2459 3820 eum
2499 3764 2762 3818 futurum
2785 3763 3074 3834 judicem,
3095 3767 3146 3818 et
3170 3782 3289 3819 suae
3312 3767 3588 3836 nequitiae

1932 3854 2267 3926 punitorem
2283 3873 2309 3901 «
2326 3858 2384 3907 et
2398 3853 2779 3907 fundamenta
2791 3852 3103 3914 montium,
3119 3870 3143 3893 ν»
3160 3851 3218 3905 id
3232 3856 3338 3918 est,
3356 3858 3587 3911 montes

1932 3943 2163 3999 fundati
2195 3959 2223 3988 (α
2253 3941 2584 3997 eonturbati
2620 3944 2778 3994 sunt.
2804 3960 2828 3984 ι)
2865 3941 2970 3993 Per
3001 3944 3229 3994 montes
3259 3940 3467 3997 divites
3497 3942 3586 3998 vel

1932 4032 2120 4087 claros
2132 4031 2312 4099 hujus
2325 4029 2518 4085 saeculi
2538 4028 2962 4098 intelligamus,
2978 4044 3228 4099 quarum
3243 4028 3300 4082 fu
3311 4029 3585 4085 ndamen-

1932 4126 2056 4175 tum
2083 4124 2221 4174 sunt
2240 4118 2451 4173 divitim
2476 4121 2532 4173 et
2553 4118 2800 4172 honores
2821 4115 2881 4170 in
2905 4116 3121 4188 quibus
3143 4120 3384 4189 sperant
3417 4134 3429 4172 :
3456 4135 3584 4190 qua:

1932 4210 2313 4265 fundamenta
2342 4207 2689 4262 conturbata
2709 4209 2867 4272 sunt,
2892 4223 3026 4261 eum
3050 4205 3279 4263 Christo
3296 4207 3582 4276 veniente,

1929 4301 2326 4371 cognoverunt
2348 4296 2406 4350 in
2426 4294 2671 4351 terrenis
2685 4295 2903 4350 divitiis
2917 4296 3273 4367 sperandum
3296 4313 3412 4352 non
3434 4314 3582 4352 esse.

1932 4412 1956 4438 α
1990 4390 2058 4443 Et
2088 4389 2381 4442 commota
2409 4389 2517 4452 est,
2552 4401 2579 4430 α
2609 4384 2668 4439 id
2717 4388 2824 4455 est,
2860 4384 3137 4440 commoti
3187 4388 3326 4440 sunt
3355 4385 3468 4456 ipsi
3498 4384 3586 4440 di-

1929 4477 2077 4532 vites
2108 4476 2179 4530 ad
2212 4472 2619 4545 paenitentiam
2654 4488 2666 4525 :
2697 4471 2823 4527 ideo
2856 4475 3010 4527 terra
3040 4474 3333 4527 commota
3361 4474 3419 4524 et
3442 4487 3586 4526 con-

1928 4567 2189 4634 turbata,
2220 4568 2310 4620 est
2342 4585 2364 4608 ‹‹
2397 4560 2676 4634 quoniam
2703 4560 2988 4615 Dominus
3010 4559 3195 4614 iratus
3223 4561 3311 4614 est
3339 4556 3444 4627 eis,
3480 4577 3504 4602 (ι
3527 4559 3587 4615 id

171 4654 330 4722 quasi
365 4655 659 4729 pupillum
692 4654 970 4725 suscepit,
1006 4659 1064 4710 et
1094 4653 1205 4710 hoc
1237 4658 1325 4710 est
1360 4678 1381 4704 α
1419 4659 1476 4710 et
1517 4660 1821 4728 susceptor
1850 4661 1898 4726 D
1929 4659 2038 4722 est,
2063 4652 2341 4726 quoniam
2361 4650 2676 4707 Dominum
2701 4647 2814 4704 sibi
2840 4648 3056 4703 iratum
3089 4650 3328 4718 propter
3348 4652 3590 4718 peccata

172 4753 354 4798 meus.
394 4766 414 4793 ι

237 4830 305 4886 Et
334 4833 471 4904 quia
500 4833 625 4889 haec
657 4833 857 4889 omnia
908 4833 1043 4888 fecit
1074 4832 1218 4886 mihi
1251 4833 1423 4902 bona,
1467 4833 1596 4889 ideo
1631 4857 1658 4884 ‹‹
1690 4833 1816 4891 lau-

175 4915 316 4973 dans
343 4919 625 4978 invocabo
657 4921 995 4994 Dominum,
1028 4943 1056 4973 »
1091 4921 1149 4976 id
1171 4926 1278 4988 est,
1304 4922 1375 4976 de
1405 4922 1624 4978 habitis
1656 4924 1824 4980 bene-

175 5002 338 5075 ﬁciis,
371 5008 646 5079 laudans,
677 5011 957 5068 invocabo
989 5011 1061 5066 de
1083 5010 1396 5079 habendis,
1419 5014 1474 5066 et
1493 5028 1596 5083 per
1624 5011 1820 5083 ipsum

177 5089 500 5154 invocatum
536 5122 558 5149 ι
593 5117 690 5156 ero
730 5099 926 5156 salvus
957 5100 1030 5155 ab
1079 5098 1336 5153 inimicis
1380 5100 1548 5155 meis.
1583 5121 1606 5143 υ
1639 5102 1821 5158 Totus

178 5178 435 5243 Christus
464 5188 774 5261 hucusque
804 5187 1037 5244 locutus
1067 5191 1159 5244 est
1198 5188 1269 5243 de
1300 5188 1688 5245 exsultatione
1719 5191 1821 5245 da-

182 5269 335 5340 toris,
363 5277 599 5331 nuncin
621 5294 874 5350 persona
893 5277 1273 5348 antiquorum
1297 5281 1532 5349 patrum
1562 5278 1823 5350 loquitur

183 5354 248 5409 de
275 5360 601 5421 calamitate
631 5364 692 5420 in
723 5382 842 5438 qua
870 5370 1037 5421 erant
1069 5370 1203 5421 ante
1233 5366 1549 5422 adventum
1583 5368 1818 5425 Christi.

183 5442 542 5510 Continuatio
577 5471 589 5508 :

248 5534 314 5589 Et
343 5555 575 5599 necesse
604 5548 731 5600 erat
752 5548 817 5598 ut
838 5542 1095 5600 salvarer
1120 5544 1192 5599 ab
1214 5542 1493 5609 inimicis,
1511 5544 1651 5615 quia
1673 5565 1696 5588 «ι
1722 5548 1822 5603 do-

185 5616 325 5708 lores
352 5633 575 5702 mortis,
615 5656 637 5682 ι
676 5633 734 5688 id
768 5637 875 5700 est,
911 5633 1139 5690 dolores
1171 5634 1242 5688 de
1265 5637 1549 5705 potestate
1580 5633 1821 5708 diaboli,

189 5707 680 5778 circumdederunt
711 5738 824 5792 me,
864 5744 884 5771 α
921 5726 979 5776 et
1010 5725 1294 5778 torrentes
1325 5720 1675 5793 iniquitatis,
1702 5745 1729 5773 »
1762 5707 1822 5780 id

1933 4746 2345 4817 cognoverunt.
2383 4760 2408 4784 «
2456 4741 2647 4795 Iratus
2697 4741 2785 4794 est
2815 4736 2919 4804 eis,
2954 4740 3012 4791 et
3054 4735 3113 4791 in
3154 4734 3243 4791 ira
3280 4736 3431 4807 ejus,
3467 4756 3493 4783 η
3527 4737 3587 4793 id

1933 4838 2040 4901 est,
2076 4832 2136 4887 in
2169 4828 2633 4887 consideratione
2657 4828 2753 4882 ira:
2776 4826 2935 4882 illius
2961 4845 2984 4872 (ί
3002 4825 3269 4882 ascendit
3301 4826 3526 4895 fumus,
3557 4848 3587 4881 ι›

1932 4924 1989 4979 id
2022 4927 2129 4991 est,
2156 4919 2514 4993 pcenitentia.
2542 4918 2673 4973 Ideo
2696 4934 2798 4989 per
2818 4917 3051 4971 fumum
3075 4913 3480 4987 paenitentiam
3504 4914 3588 4970 in-

1933 5011 2276 5084 telligimus,
2310 5009 2451 5082 quia
2480 5007 2653 5063 sicuti
2684 5008 2884 5061 fumus
2905 5010 2995 5060 est
3017 5005 3276 5078 primum
3299 5004 3584 5061 indicium

1930 5101 2106 5174 ignis,
2132 5104 2188 5155 et
2206 5098 2726 5168 movetlacrymas,
2753 5096 2832 5149 ita
2852 5093 3197 5166 pmnitentia
3216 5092 3585 5164 estprimum

1931 5190 2219 5245 indicium
2265 5185 2589 5253 charitatis,
2638 5189 2693 5239 et
2741 5183 3030 5255 lacrymas
3081 5180 3586 5237 fructuosissimas

1934 5280 2133 5335 exerit.
2167 5278 2421 5333 Dieendo
2455 5294 2479 5319 (ι
2511 5273 2775 5330 ascendit
2804 5293 2827 5315 »
2863 5276 3025 5327 notat
3054 5272 3209 5343 quod
3240 5270 3589 5343 pcenitentia

1933 5368 2036 5424 illa
2069 5369 2140 5423 ad
2191 5368 2374 5422 Deum
2430 5365 2624 5437 ipsum
2669 5361 2947 5433 erigatur,
2984 5381 3006 5403 «ι
3039 5364 3096 5415 et
3126 5358 3300 5431 ignis,
3336 5380 3360 5405 ι)
3395 5358 3452 5413 id
3496 5362 3588 5414 est

1932 5457 2188 5513 charitas
2220 5454 2320 5510 illa
2345 5471 2471 5526 qua:
2503 5451 2907 5524 pmnitentiam
2950 5450 3218 5505 movebat
3246 5465 3274 5497 ‹‹
3305 5447 3525 5504 exarsit
3555 5464 3590 5502 a

1933 5546 2077 5604 faeie
2105 5548 2234 5617 ejus
2264 5564 2287 5585 ιι
2320 5543 2378 5599 id
2407 5547 2515 5610 est,
2550 5543 2622 5596 ab
2653 5539 3087 5595 illuminationc
3118 5540 3245 5610 ejus
3277 5537 3589 5594 ferventior

1932 5636 2204 5693 estfacta.
2225 5635 2331 5689 Per
2350 5632 2588 5698 exarsit,
2608 5628 3033 5702 apparitionem
3059 5632 3223 5683 notat
3239 5627 3543 5684 eharitatis
3568 5643 3581 5682 :

1933 5742 1960 5773 α
1991 5725 2272 5781 carbones
2302 5741 2325 5765 ι»
2360 5722 2536 5777 etiam
2568 5717 2833 5775 succensi
2868 5721 3025 5773 sunt.
3062 5717 3119 5773 id
3153 5721 3262 5786 est,
3288 5716 3583 5786 homines,
