3914 6364
351 426 467 487 247

347 667 483 723 pam
515 650 690 722 primi
720 650 981 720 parentis
1015 674 1036 696 ‹‹
1072 651 1337 704 succensi
1368 656 1503 704 sunt
1537 651 1606 704 ab
1640 668 1725 716 eo,
1760 672 1786 698 ››
1824 650 1877 703 id
1912 654 2001 703 est

346 741 461 796 Deo
492 741 667 794 dante
698 740 893 812 ignem
926 739 1247 793 charitatis.
1278 741 1435 794 Sicut
1465 740 1619 793 enim
1644 739 1870 810 proprie
1906 756 1999 791 vo-

347 834 557 884 cantur
587 830 889 896 carbones,
928 830 982 882 in
1020 830 1235 900 quibus
1269 830 1421 899 ignis
1456 830 1746 884 extinctus
1771 834 1857 881 est
1884 847 1894 882 :
1924 830 2003 883 ita

345 919 612 973 homines
644 920 875 990 preprie
909 924 1190 973 vocantur
1218 922 1517 983 carbones,
1556 920 1609 972 in
1667 920 1881 990 quibus
1916 924 1999 973 est

346 1009 602 1062 extincta
652 1008 928 1063 Charitas.
963 1009 1109 1062 Cum
1160 1009 1515 1062 ostendisset
1567 1009 1824 1062 remedia
1874 1028 1999 1078 qum

344 1098 480 1152 fecit
510 1099 665 1153 Deus
715 1099 973 1153 humano
1023 1097 1240 1167 generi,
1289 1098 1548 1150 nomium
1605 1098 1859 1151 ostendit
1901 1115 2002 1167 per

348 1205 522 1258 quem
560 1187 811 1253 fecisset,
843 1189 942 1241 sed
987 1188 1158 1240 modo
1178 1187 1431 1240 ostendit
1468 1204 1566 1255 per
1598 1205 1769 1256 quem
1805 1188 2000 1240 omnia

352 1278 456 1333 illa
495 1278 648 1331 facta
680 1280 837 1330 sunt.
874 1274 1247 1330 Continuatio
1283 1292 1293 1327 :

423 1390 449 1416 ‹‹
492 1368 673 1420 Terra
704 1368 997 1418 commota
1027 1368 1116 1417 est
1149 1391 1170 1411 η
1197 1367 1252 1417 et
1277 1366 1481 1416 Castora
1506 1365 1653 1417 facta
1678 1368 1836 1429 sunt,
1864 1364 2001 1432 quia

347 1457 503 1511 Deus
539 1474 563 1497 «ι
595 1452 896 1507 inclinavit
929 1452 1125 1518 oculos,
1158 1475 1179 1499 υ
1216 1452 1271 1504 id
1306 1456 1413 1517 est,
1442 1452 1773 1506 humiliavit
1803 1452 1996 1519 eri-los,

347 1545 404 1598 id
441 1547 530 1598 est
555 1542 830 1607 coalestia,
856 1541 1075 1596 scilicet
1100 1542 1284 1611 ipsan‘:
1310 1541 1605 1607 deitatem,
1633 1545 1688 1595 et
1719 1542 1875 1611 ipsos
1900 1560 1998 1595 an-

345 1633 508 1705 gelos
542 1631 863 1696 inclinavit,
898 1648 1001 1702 per
1019 1631 1383 1701 frequentem
1403 1630 1793 1684 visitationem
1820 1630 2001 1684 homi-

346 1740 510 1779 num.
544 1721 648 1776 Vel
679 1720 837 1792 ipsos
878 1720 1115 1791 angitlos
1148 1720 1463 1779 inclinavit,
1503 1736 1603 1790 per
1634 1719 2003 1773 con'iniisi:~.ra-

344 1813 561 1868 tionem
595 1828 771 1882 quam
805 1809 1007 1863 habuit
1042 1826 1144 1879 per
1176 1809 1599 1878 reparationem
1634 1809 1875 1861 humani
1911 1825 2001 1877 ge-

347 1902 503 1957 neris
537 1918 549 1955 :
576 1905 632 1955 ct
654 1900 777 1971 ipse
800 1900 954 1954 Deus
974 1915 998 1945 (ι
1024 1898 1322 1952 descendit
1347 1918 1367 1940 η
1397 1898 1648 1951 uniendo
1682 1897 1998 1951 hamanam
2031 1926 2078 1991 Β

345 1995 640 2045 naturam.
675 1988 942 2043 Inclinati
968 1991 1104 2042 sunt
1127 1987 1299 2040 etiam
1328 1986 1536 2057 angeli,
1563 2004 1695 2039 cum
1720 1987 1998 2039 acceden-

346 2085 434 2136 tes
485 2081 555 2135 ad
614 2078 931 2134 Dominum
991 2077 1475 2130 ministraverunt
1535 2076 1584 2129 ei
1639 2076 1856 2141 (Matt/2.
1901 2076 1990 2146 ιν).

350 2200 372 2224 ‹‹
402 2168 734 2235 Inclinavit,
767 2165 1088 2231 descendit,
1124 2188 1152 2214 ››
1190 2169 1243 2218 et
1266 2164 1399 2218 licet
1426 2166 1503 2218 ita
1527 2165 1602 2218 sit
1628 2164 1995 2229 humiliatus,

346 2263 544 2314 tamen
567 2274 679 2311 non
705 2255 958 2327 perdidit
981 2255 1466 2325 potestatem,scd
1488 2271 1514 2298 α
1538 2254 1784 2325 caligo,»
1810 2252 1861 2306 id
1890 2258 1995 2320 est,

347 2345 639 2412 diabolus,
676 2349 764 2399 est
798 2364 821 2388 (ι
855 2345 964 2398 sub
1020 2343 1269 2413 pedibus
1319 2343 1469 2412 ejus,
1506 2343 1560 2396 id
1602 2348 1707 2405 est,
1744 2343 2000 2412 plenarie

347 2435 621 2491 subditus
653 2438 741 2489 est
770 2432 841 2500 ei,
879 2434 1029 2486 sicut
1061 2448 1150 2485 res
1183 2449 1308 2501 quae
1342 2432 1450 2486 sub
1485 2432 1729 2501 pedibus.
1763 2436 1868 2485 est.
1898 2433 2001 2486 Per

345 2525 657 2597 caliginem
672 2523 800 2578 ideo
825 2521 1123 2575 diabolum
1140 2521 1481 2590 accipimus,
1500 2522 1631 2590 quia
1650 2521 1797 2574 sicut
1814 2520 1997 2593 caligo

345 2614 687 2671 obtenebrat
719 2611 937 2675 oculos,
973 2610 1055 2665 sic
1079 2609 1346 2663 diabolus
1370 2616 1700 2680 peccatores
1724 2610 1995 2675 obc:rcat,

342 2709 399 2760 et
411 2702 761 2773 caliginosos
781 2700 972 2755 reddit
995 2717 1063 2754 ne
1082 2699 1308 2753 valeant.
1328 2698 1522 2753 lumen
1549 2699 1804 2753 veritatis
1828 2718 2000 2771 agno-

344 2809 523 2849 scere.
558 2788 869 2845 Descendit
900 2789 1048 2852 dico,
1084 2791 1139 2840 et
1170 2788 1434 2841 ascendit
1466 2786 1589 2858 ipse
1637 2786 1788 2841 idem
1825 2805 2000 2858 super

343 2898 578 2938 omnem
611 2877 935 2950 angelicam
971 2881 1297 2931 creaturam
1333 2875 1388 2928 in
1424 2875 1763 2930 ascensione
1791 2877 1999 2930 exalta-

327 2976 439 3027 tus
469 2976 577 3026 est.
615 2970 719 3023 Per
750 2967 916 3021 illum
950 2966 1214 3020 ordinem
1247 2982 1449 3019 omnes
1478 2964 1622 3019 alios
1676 2965 1997 3035 accipimus

346 3087 369 3112 α
404 3067 459 3117 et
490 3058 701 3115 volavit
731 3074 907 3128 super
938 3073 1159 3128 pennas
1193 3060 1520 3117 ventorum,
1558 3072 1581 3101 »
1618 3055 1669 3109 id
1699 3060 1805 3119 est,
1844 3056 1998 3109 ocior

342 3151 453 3207 luit
485 3167 593 3205 sua
625 3149 780 3202 fama
799 3144 1341 3217 quaniventizquia
1358 3149 1681 3198 cumnatus
1709 3145 1816 3198 fuit
1840 3145 1996 3215 agni-

340 3245 437 3295 tus
469 3240 577 3294 fuit
608 3238 666 3291 in
700 3236 968 3291 Chaldaua
1000 3252 1101 3305 per
1118 3234 1315 3287 stellas
1336 3235 1551 3299 (illailla.
1588 3238 1649 3301 ιι)
1676 3251 1687 3286 :
1712 3234 1996 3288 dumoru-

339 3329 671 3399 ciﬁgeretnr
692 3322 961 3395 cognitus
984 3322 1087 3375 fuit
1107 3321 1369 3388 Athenis,
1400 3338 1500 3392 per
1521 3322 1993 3377 obscurationem
2026 3296 2067 3361 δ

340 3416 501 3472 solis.
523 3415 741 3468 Ventos
764 3411 1045 3465 describit
1067 3415 1350 3481 pennatus
1375 3413 1607 3480 prOpter
1627 3411 1946 3482 agilitatem
1978 3430 1989 3465 :

339 3519 475 3559 cum
504 3502 598 3556 bis
648 3500 790 3554 dicit
836 3497 1067 3565 volavit,
1116 3498 1432 3552 maximam
1464 3500 1591 3568 ejus
1637 3499 1990 3555 celeritatem

336 3594 522 3648 notat.

408 3677 511 3733 Vel
545 3677 627 3732 ita
651 3693 663 3730 ε

413 3786 439 3817 α
469 3765 745 3822 Ascendit
774 3763 1334 3836 supercherubim,»
1354 3765 1410 3818 id
1430 3770 1534 3831 est,
1566 3783 1743 3837 super
1759 3785 1993 3823 omnem

340 3857 766 3932 plenitudinem
788 3855 1043 3911 scientia:
1070 3871 1081 3907 :
1105 3854 1242 3925 quia
1262 3855 1588 3911 nullustam
1612 3856 1793 3926 plentn
1816 3858 1996 3913 scien-

340 3949 433 4005 tia:
465 3951 571 4013 est,
608 3945 706 4016 qui
743 3945 1299 4017 possitcognoscere
1324 3943 1465 3999 illud
1500 3951 1813 4016 secretum,
1840 3949 1993 4018 quod

341 4035 667 4109 penetravit
697 4034 755 4089 in
788 4034 1130 4089 ascensione
1156 4054 1177 4075 «ι
1202 4037 1257 4087 et
1278 4034 1491 4088 volavit
1509 4052 1686 4106 super
1705 4052 1949 4107 pennas,
1972 4058 1993 4079 ι)

340 4128 398 4181 id
430 4130 537 4193 est,
572 4123 869 4196 superavit
912 4122 1234 4195 agilitatem
1271 4123 1597 4179 intellectus
1631 4132 1992 4182 sanctorum.

342 4218 447 4271 Per
474 4218 678 4270 ventos
708 4217 944 4267 sanctos
976 4213 1323 4283 accipimus,
1356 4220 1592 4285 propter
1622 4215 1944 4288 agilitatem
1980 4234 1992 4271 :

338 4321 443 4376 per
472 4319 717 4375 pennas,
743 4300 996 4356 velocem
1048 4316 1251 4356 eorum
1303 4302 1686 4371 intellectum,
1723 4310 1779 4360 et
1810 4306 1856 4359 si
1882 4305 1993 4376 ipsi

338 4392 560 4464 aliquid
593 4394 989 4461 cognoverunt
1018 4389 1076 4443 in
1110 4407 1174 4445 eo
1210 4407 1222 4444 ε
1256 4390 1490 4458 volavit,
1521 4392 1661 4464 quia
1701 4395 1996 4465 quoddam

338 4481 499 4538 aliud
531 4483 657 4535 erat
677 4480 833 4551 quod
848 4495 1197 4551 cognoscere
1212 4496 1324 4534 non
1355 4484 1761 4552 potuerunt,et
1779 4483 1827 4538 si
1854 4482 1995 4538 illud

338 4569 534 4641 aliquo
566 4569 763 4624 labore
794 4573 1213 4640 cognoverunt,
1240 4569 1451 4623 iterum
1474 4570 1685 4625 volavit
1706 4576 1761 4626 et
1782 4571 1993 4627 iterum

334 4658 564 4715 volavit.
603 4658 710 4713 Per
740 4658 862 4712 haec
893 4657 1171 4729 przedicta
1204 4658 1465 4712 nondum
1485 4659 1709 4715 dixerat
1732 4677 1865 4715 eum
1900 4679 1991 4717 as-
2024 4661 2073 4728 D

337 4747 633 4820 sumpisse
681 4745 1137 4811 humanitatem,
1192 4746 1347 4816 quod
1398 4747 1571 4801 modo
1617 4747 1674 4801 in
1726 4750 1991 4819 sequenti

335 4837 646 4892 manifeste
678 4833 953 4889 ostendit.
988 4833 1392 4888 Continuatio:
1419 4834 1590 4889 Illum
1610 4836 1709 4907 qui
1731 4838 1996 4893 ascendit

336 4930 395 4980 et
423 4922 727 4979 descendit
755 4939 871 4977 non
904 4925 1135 4976 tantum
1186 4923 1438 4977 credatis
1489 4940 1614 4977 esse
1650 4924 1854 4993 Deum,
1892 4928 1993 4981 sed

338 5012 515 5066 etiam
571 5010 921 5065 hominem:
964 5014 1021 5064 et
1080 5010 1188 5065 hoc
1237 5015 1327 5066 est
1386 5012 1583 5082 posuit
1640 5014 1933 5080 tenebras,
1964 5036 1991 5064 ς)

337 5102 393 5156 id
426 5105 534 5169 est,
568 5117 802 5155 carnem
830 5100 1153 5154 humanam
1191 5100 1551 5155 «latibulum
1578 5119 1775 5168 suum,
1798 5125 1819 5145 ν)
1844 5105 1993 5159 scili-

338 5196 448 5256 cet,
483 5191 540 5245 in
577 5207 695 5261 qua
726 5207 899 5244 carne
931 5189 1206 5243 divinitas
1227 5190 1419 5244 latuit.
1446 5191 1547 5244 llic
1570 5192 1819 5245 tcnebrm
1844 5194 1992 5247 acci-

339 5280 583 5350 piuntur
604 5280 660 5333 in
684 5278 853 5333 bono.
872 5278 1054 5333 Sicuti
1080 5279 1451 5333 tenebrosum
1479 5297 1806 5334 sermonem
1833 5300 1990 5338 voca-

338 5385 473 5423 mus
503 5368 601 5422 ubi
634 5384 847 5437 magna
881 5367 1249 5439 profunditas
1274 5372 1411 5435 est,"
1445 5371 1501 5421 et
1524 5367 1579 5421 in
1595 5368 1839 5425 circuitu
1864 5373 1990 5441 ejus

337 5454 781 5509 tabernaculum
828 5456 976 5524 ejus,
1009 5484 1032 5506 π
1067 5456 1255 5521 idest,
1287 5456 1610 5511 militantes
1660 5458 1707 5511 ci
1760 5464 1897 5513 sunt
1932 5460 1985 5514 in

336 5541 605 5607 circuitu,
628 5542 682 5595 id
716 5548 805 5596 est
836 5544 1079 5613 proximi
1114 5545 1261 5613 ejus,
1300 5544 1461 5599 idest
1485 5545 1739 5615 aliquam
1774 5548 1989 5602 habent

334 5626 723 5695 cognitionem
757 5634 813 5683 et
866 5631 1323 5685 familiaritatem
1372 5634 1440 5687 de
1482 5652 1546 5687 eo
1582 5653 1592 5689 :
1629 5653 1693 5688 ex
1727 5637 1987 5705 quibus?

336 5712 555 5763 scilicet
587 5729 654 5765 ex
686 5714 801 5768 illis
815 5718 912 5785 qui
933 5725 1072 5773 sunt
1094 5718 1149 5773 in
1170 5720 1565 5787 tabernaculo,
1589 5724 1827 5792 quidam
1851 5731 1987 5779 sunt

656 420 667 441 ⁸
778 420 1191 488 HAYMONIS
1225 425 1769 489 HALBERSTAT.
1804 421 2057 489 EPISOS
2088 425 2267 492 OPP.
2297 427 2499 487 PARS
2531 427 2579 487 Ι.
2616 462 2692 470 -
2722 426 3131 489 COMMENT.
3162 426 3360 489 BIBL.

351 561 410 617 in
443 560 657 633 quibus
690 561 862 616 ardor
891 560 1193 615 charitatis
1248 560 1574 631 exstinctus
1625 565 1709 615 est
1744 577 1843 631 per
1875 557 2001 613 cul-
2030 555 2087 626 Α
2119 560 2429 627 tenebrosi,
2485 561 2724 632 quidam
2767 560 3092 633 prrefutgidi
3144 579 3155 615 ε

3644 428 3757 490 248

3205 582 3228 606 ‹‹
3272 563 3580 619 tenebrosa
3628 583 3757 621 vero

2113 668 2283 720 aqua,
2320 682 2342 704 η
2383 651 2435 704 id
2470 658 2556 705 est
2611 652 2861 707 obscura
2908 652 3175 708 doctrina
3224 657 3312 708 est
3343 685 3364 708 α
3397 653 3455 707 in
3506 656 3758 711 nubibus

2115 740 2285 806 aeris,
2325 770 2345 789 ››
2384 741 2434 793 id
2473 744 2560 795 est
2595 742 2649 795 in
2702 743 3105 812 superioribus
3142 744 3417 809 nubibus,
3453 744 3671 800 scilicet
3701 746 3758 800 in

2113 828 2434 899 prophetis.
2476 830 2534 882 ili
2574 830 3153 903 (‘l‘tltlt1)I‘UI)llCl(Dl)CF
3171 834 3456 888 mundum
3487 851 3600 889 non
3624 840 3761 888 sunt

2114 917 2299 981 missi,
2338 923 2570 988 propter
2601 919 3018 974 obscuritatem
3054 922 3504 991 pr:rdicationis.

2185 1024 2210 1051 α
2245 1009 2360 1061 l’ra)
2398 1008 2617 1077 fulgore
2650 1027 2779 1063 vero
2811 1010 2997 1064 nubes
3030 1011 3084 1064 id
3111 1016 3220 1081 est,
3254 1013 3436 1067 sancti
3470 1014 3715 1084 apostoli
3746 1034 3757 1068 :

2114 1096 2209 1166 qui
2249 1095 2374 1149 ideo
2395 1118 2419 1144 α
2444 1098 2629 1151 nubes
2654 1126 2676 1147 ››
2702 1098 2999 1165 dicuntur,
3023 1100 3163 1169 quia
3179 1101 3525 1172 compluunt
3546 1107 3759 1157 terram

2114 1184 2233 1249 Dei,
2272 1190 2326 1238 et
2362 1186 2710 1239 fructiﬁcare.
2743 1204 2869 1241 eam
2907 1187 3123 1243 faciunt
3156 1190 3445 1261 spirituali
3475 1191 3759 1256 doctrina,

2113 1292 2237 1343 qua:
2256 1275 2479 1327 «nubes
2496 1293 2607 1345 pra)
2630 1276 2874 1345 fulgore,
2899 1298 2920 1319 νι
2948 1277 3085 1347 quia
3107 1279 3414 1334 manifeste
3446 1282 3763 1352 prmdicant

2112 1367 2167 1415 et
2195 1363 2469 1416 omnibus
2503 1363 2897 1434 iutelligibiles
2920 1371 3057 1419 sunt
3091 1385 3111 1408 (ι
3147 1368 3205 1420 in
3237 1373 3557 1439 conspectu
3588 1369 3717 1438 ejus
3739 1388 3761 1409 νο

2113 1468 2237 1521 quae
2257 1451 2378 1504 ideo
2395 1470 2507 1522 pra!
2536 1452 2755 1522 fulgore
2787 1453 3082 1522 dicuntur,
3100 1455 3236 1525 quia
3257 1462 3602 1526 praesentem
3628 1457 3765 1511 illu-

2114 1540 2493 1593 miiiuitioneni
2520 1539 2807 1610 rccipiunt
2838 1560 2867 1593 a
2891 1542 3220 1611 Cognitionis
3247 1543 3453 1613 ipsius,
3479 1550 3533 1599 et
3556 1545 3763 1615 hujus-

2112 1628 2267 1681 modi
2295 1630 2523 1682 «nubes
2549 1629 2898 1683 transierunt
2917 1630 3012 1683 vin
3040 1631 3299 1685 diversas
3322 1636 3762 1703 partcsmundi,

2112 1719 2461 1771 annnntiare
2480 1719 2715 1772 verbum
2734 1719 2852 1773 Dei.
2871 1719 2937 1772 Et
2961 1737 3089 1774 ecce
3112 1738 3179 1775 ex
3206 1720 3322 1776 illis
3352 1722 3609 1777 nubibus
3630 1723 3766 1778 exiit

2113 1828 2133 1849 (ι
2171 1807 2413 1876 grando,
2448 1835 2470 1856 υ
2510 1808 2562 1861 id
2597 1814 2683 1861 est
2736 1809 3066 1878 objurgatio
3098 1810 3166 1863 de
3207 1810 3461 1879 peccatis
3490 1830 3511 1852 ί(
3545 1816 3603 1866 et
3635 1829 3766 1868 car-

2113 1895 2292 1949 bones
2323 1895 2495 1965 ignis,
2530 1919 2552 1937 η
2592 1897 2642 1949 id
2680 1902 2788 1960 est,
2848 1898 3087 1967 quidam
3148 1899 3247 1968 qui
3311 1900 3529 1954 mortui
3578 1906 3762 1970 erant,

2110 1983 2329 2037 fervore
2362 1984 2663 2038 charitatis
2696 1988 2845 2038 tiunt
2870 1986 3059 2055 igniti.

2183 2104 2205 2121 «ι
2236 2074 2453 2139 Nubes,
2488 2102 2514 2129 »
2547 2073 2604 2127 id
2651 2079 2757 2141 est,
2793 2074 3042 2144 apostoli
3092 2076 3473 2146 transierunt,
3507 2084 3563 2134 et
3592 2105 3619 2135 α
3653 2082 3761 2137 Do-

2112 2163 2309 2215 minus
2344 2164 2595 2217 intonuit
2630 2164 2700 2217 de
2733 2163 2893 2231 CtL'lt),
2930 2183 2954 2210 ο
2990 2164 3047 2217 id
3100 2169 3187 2220 est
3238 2167 3306 2221 de
3358 2167 3473 2223 illis
3506 2170 3762 2227 nubibus

2112 2251 2207 2321 qui
2227 2252 2501 2307 dicuntur
2515 2253 2747 2323 cadum,
2770 2270 2841 2323 qu
2856 2254 3138 2308 iasecreta
3153 2255 3724 2315 cnelestiacoutinent
3745 2278 3757 2314 :

2112 2358 2137 2386 α
2170 2341 2455 2396 Dominus
2491 2342 2760 2407 intonuit,
2797 2362 2819 2384 η
2855 2343 2910 2396 id
2943 2347 3050 2410 est,
3086 2361 3188 2414 per
3219 2346 3641 2417 minasjudicii
3674 2349 3759 2404 in-

2111 2430 2354 2501 crepuit,
2391 2436 2447 2484 et
2478 2431 2599 2502 ipse
2636 2456 2657 2475 ιι
2689 2430 3029 2486 Altissimus
3078 2433 3238 2488 dedit.
3288 2451 3483 2489 vocem
3516 2455 3710 2493 suam.
3735 2462 3756 2484 ››

2110 2517 2165 2571 id
2202 2525 2289 2572 est
2319 2520 2709 2591 evangelicam
2746 2520 3070 2576 doctrinam
3106 2539 3117 2576 :
3155 2528 3210 2577 et
3236 2540 3364 2579 cccc
3395 2544 3419 2573 (ί
3452 2529 3676 2597 grando
3706 2533 3761 2584 et

2110 2610 2390 2663 carbones
2424 2610 2594 2678 ignis.
2630 2627 2656 2655 ι)

2182 2698 2249 2751 Et
2282 2698 2401 2769 ipse
2438 2698 2720 2753 Dominus
2758 2730 2780 2753 ‹‹
2814 2699 2971 2754 misit
3020 2701 3264 2771 sagittas
3309 2721 3466 2769 suas,
3499 2723 3526 2752 ι)
3561 2706 3617 2760 id
3650 2711 3756 2775 est,

2109 2786 2427 2856 discipulos
2450 2787 2897 2859 discipulorum,
2928 2790 3027 2860 qui
3050 2789 3327 2845 dicuntur
3349 2793 3591 2865 sagittae,
3623 2797 3760 2867 quia

2107 2876 2418 2930 vulnerant
2463 2878 2637 2931 corda
2686 2877 2993 2932 hominum
3047 2880 3218 2934 verbo
3264 2880 3364 2935 Dei
3399 2898 3411 2936 :
3446 2888 3501 2937 et
3544 2900 3643 2939 eos
3688 2886 3757 2940 ad

2110 2982 2253 3035 quos
2286 2970 2423 3018 sunt
2476 2966 2640 3021 missi
2689 2967 3000 3038 dissipant,
3035 2967 3173 3039 quia
3222 2969 3367 3024 alios
3416 2973 3758 3045 assumpsit,

2109 3053 2253 3108 alios
2276 3055 2471 3123 rejecit
2498 3074 2508 3121 ;
2532 3054 2694 3109 misit
2712 3056 2976 3127 sagittas,
2994 3063 3047 3110 et
3064 3075 3163 3129 per
3179 3075 3275 3113 cas
3292 3079 3315 3102 «
3338 3062 3583 3131 sagittas
3606 3064 3758 3119 mul-

2108 3143 2390 3213 tipliravit
2408 3144 2699 3216 fulgura,»
2716 3144 2771 3197 id
2795 3149 2902 3209 est,
2929 3145 3278 3217 multiplicia
3298 3148 3431 3203 fecit
3452 3150 3754 3207 miracula.

2108 3230 2212 3284 Per
2243 3231 2477 3303 fulgura
2509 3233 2792 3286 miracula
2821 3233 3165 3304 accipimus,
3197 3236 3334 3306 quia
3360 3236 3510 3292 sicut
3536 3256 3639 3310 per
3657 3239 3759 3295 ful-

2107 3337 2253 3390 gura
2276 3321 2542 3375 homines
2577 3325 2887 3389 terrentur,
2922 3322 3003 3377 sic
3026 3340 3130 3393 per
3151 3324 3433 3380 miracula
3461 3330 3516 3381 et
3536 3328 3756 3398 perilla

2103 3408 2387 3464 miracula
2414 3430 2435 3453 α
2472 3412 2838 3465 conturbavit
2867 3429 2965 3466 eos
2995 3431 3018 3455 ιι
3058 3413 3125 3465 de
3156 3414 3408 3484 peccatis
3426 3416 3495 3470 ad
3521 3433 3755 3474 conver-

2104 3498 2351 3553 sionem.

2176 3590 2244 3643 Et
2276 3606 2377 3659 per
2407 3589 2536 3643 illas
2570 3590 2813 3661 sagittas
2848 3591 3054 3647 habuit
3086 3594 3343 3647 mundus
3368 3595 3756 3666 cognitionem

2104 3676 2383 3745 veritatis,
2421 3682 2477 3731 et
2504 3679 2611 3733 hoc
2643 3685 2732 3733 est
2765 3703 2791 3732 α
2821 3684 2877 3733 et
2908 3676 3327 3751 apparuerunt,
3363 3704 3386 3727 »
3419 3682 3476 3737 id
3504 3689 3756 3752 est,om-

2107 3769 2282 3823 nibus
2306 3768 2521 3841 cogniti
2545 3775 2681 3823 sunt
2710 3770 2969 3835 «fontes,
2990 3793 3015 3822 »
3040 3771 3200 3826 idest
3225 3773 3551 3844 sapientes;
3574 3776 3757 3831 fontes

2106 3857 2235 3912 dico
2268 3874 2294 3903 α
2327 3875 2635 3928 aquarum,
2672 3881 2695 3903 η
2731 3858 2783 3912 id
2817 3862 2924 3925 est,
2970 3877 3037 3914 ex
3075 3860 3289 3931 quibus
3332 3862 3524 3918 ﬂuunt
3562 3863 3757 3919 multa:

2107 3963 2289 4016 aqua).
2332 3947 2385 3999 id
2419 3951 2507 4001 est
2540 3946 2737 4001 multa:
2785 3948 3082 4019 doctrina),
3116 3966 3244 4019 quae
3295 3950 3579 4021 sapientia
3626 3969 3756 4008 cum

2108 4036 2271 4106 prius
2302 4034 2527 4101 lateret,
2560 4036 2617 4091 in
2651 4036 2732 4091 eis
2765 4039 2938 4092 modo
2973 4037 3203 4108 cognita
3234 4038 3344 4093 fuit
3379 4055 3391 4092 ε
3426 4043 3484 4094 et
3512 4057 3616 4111 per
3634 4058 3756 4096 eos-

2108 4124 2241 4178 dem
2276 4152 2297 4174 ι(
2333 4124 2784 4191 fundamentum)
2811 4126 2999 4189 idest,
3028 4124 3321 4196 proqhetze
3346 4143 3447 4197 per
3468 4144 3614 4199 quos
3635 4129 3755 4183 fun-

2107 4215 2241 4267 data
2275 4218 2364 4267 est
2396 4213 2649 4267 Ecclesia
2685 4232 2695 4267 :
2742 4215 3125 4268 fundamenta
3174 4215 3302 4269 dico
3330 4237 3351 4259 «
3382 4216 3539 4271 orbis
3580 4221 3755 4272 terra-

2108 4318 2237 4355 rum
2251 4347 2263 4366 ,
2278 4322 2300 4343 υ
2319 4302 2374 4356 id
2391 4306 2499 4369 est,
2517 4302 2808 4370 Ecclesia),
2828 4321 2952 4373 qua:
2971 4321 3037 4357 ex
3055 4303 3192 4357 orbe
3210 4306 3580 4373 terrarum,id
3594 4311 3755 4361 estex

2107 4390 2264 4445 omni
2311 4394 2472 4461 parte
2505 4394 2666 4445 terra)
2709 4391 2949 4446 collecta
2982 4396 3070 4446 est
3103 4410 3124 4432 α
3158 4396 3299 4446 sunt
3340 4393 3610 4461 revelata,
3645 4417 3669 4440 υ
3700 4394 3750 4449 id

2107 4483 2197 4533 est
2230 4478 2603 4533 manifestata
2637 4496 2647 4532 :
2687 4479 2831 4550 quia
2854 4480 3039 4535 sancti
3074 4480 3319 4551 apostoli
3353 4486 3411 4537 et
3438 4482 3532 4537 alii
3552 4483 3752 4554 praedi-

2107 4572 2332 4622 catores
2363 4568 2537 4622 etiam
2574 4568 2990 4639 prophetarum
3025 4568 3387 4641 Scripturam
3421 4570 3751 4644 intelligibi-

2107 4657 2217 4711 lem
2249 4656 2649 4711 reddiderunt.

2179 4774 2201 4795 η
2236 4747 2445 4801 Fontes
2477 4752 2875 4818 apparuerunt.
2905 4770 2931 4799 »
2964 4751 3021 4801 et
3051 4747 3161 4802 hoc
3195 4748 3302 4802 fuit
3338 4768 3362 4793 τι
3392 4749 3463 4803 ab
3498 4748 3750 4822 increpa-

2104 4836 2261 4889 tione
2283 4835 2724 4906 prmdicantium
2754 4852 2765 4890 :
2793 4835 2892 4907 qui
2922 4852 3057 4891 eum
3080 4835 3225 4892 alios
3250 4837 3637 4908 increparent,
3658 4853 3752 4909 per

2104 4924 2292 4995 ipsam
2316 4924 2775 4996 increpationem
2809 4926 2879 4979 ab
2909 4924 3039 4980 aliis
3071 4941 3198 4981 esse
3222 4926 3512 4997 sapientes
3544 4924 3750 4999 cogniti

2104 5018 2262 5081 sunt,
2281 5031 2301 5060 (ι
2320 5019 2377 5067 et
2393 5015 2464 5067 ab
2480 5013 2863 5084 inspiratione
2886 5013 3131 5085 spiritus
3154 5015 3250 5069 ira}
3268 5019 3399 5081 tum,
3416 5034 3439 5057 »
3458 5015 3632 5081 idest,
3656 5029 3750 5085 per

2104 5102 2375 5173 Spiritum
2412 5102 2731 5173 spirantem
2767 5103 2852 5157 eis
2884 5102 3031 5157 iram
3062 5108 3247 5158 tuam.
3283 5104 3544 5159 Ostensis
3565 5120 3746 5159 sacra-

2105 5191 3097 5259 mentisadventns,vultostendere
3111 5192 3248 5264 quid
3265 5191 3365 5247 illa
3390 5196 3747 5248 sacramenta

2104 5279 2338 5345 faciant,
2370 5280 2590 5335 scilicet
2621 5281 2960 5335 Ecclesium.
2998 5281 3366 5336 Continuatio
3402 5300 3414 5335 :

2174 5398 2196 5419 α
2234 5370 2390 5423 Misit
2422 5369 2687 5440 sagittas,
2720 5386 2746 5415 η
2779 5369 3133 5424 misitetiam
3153 5370 3435 5442 Spiritum
3460 5374 3743 5431 sanctum,

2103 5481 2125 5503 α
2158 5461 2226 5513 de
2259 5476 2512 5525 summo,
2547 5476 2571 5504 ι)
2606 5459 2661 5512 id
2687 5463 2793 5525 est,
2824 5460 2893 5513 de.
2915 5459 3102 5514 Patre.
3131 5459 3743 5527 Dicendomisit,notat

2098 5550 2315 5604 donum
2344 5566 2355 5602 :
2383 5548 2627 5602 dicendo
2652 5550 2721 5602 de
2745 5566 2999 5619 summo,
3020 5548 3432 5620 (equalitatem.
3450 5552 3590 5603 Cum
3614 5547 3743 5602 dicit

2100 5638 2282 5705 misit,
2320 5655 2429 5691 non
2467 5637 2608 5691 dicit
2638 5638 2875 5706 eoquod
2898 5639 3185 5692 minorem
3207 5637 3471 5691 mittente
3504 5638 3740 5692 missum

2099 5726 2404 5795 intelligat,
2425 5727 2521 5780 sed
2542 5730 2659 5780 tota
2673 5725 2929 5781 Trinitas
2946 5726 3122 5782 mittit
3136 5725 3417 5797 Spiritum
3445 5732 3709 5782 sanctum
3738 5744 3739 5749 ‘
