3914 6374
377 444 490 506 251

805 442 1216 507 HAYMONIS
1247 438 1786 502 HALBEBSTAT.
1821 438 2067 501 EPISC.
2099 438 2274 501 OPP.
2306 440 2509 504 PARS
2541 441 2591 503 Ι.
2622 476 2699 486 -
2728 442 3139 506 COMMENT.
3169 440 3367 505 BIBL.

3673 437 3785 501 252

376 582 493 641 Deo
524 582 913 656 cognitionem
953 594 1068 633 non
1107 576 1327 631 habent
1350 592 1403 629 ζα
1426 591 1606 639 meas,
1627 598 1647 626 »
1677 574 1733 629 id
1766 577 1855 630 est
1884 592 2026 646 prae-
2055 571 2114 641 Α
2142 577 2461 648 quamdam
2485 576 3017 649 aptitudinem,per
3036 593 3215 649 quam
3235 575 3639 633 ostenditillos
3661 574 3787 631 esse

377 671 652 730 destinati
686 675 750 726 ut
780 668 898 723 sint
929 666 1066 722 mei.

450 764 607 834 Rogo
640 764 706 815 ut
735 757 1036 813 illumines
1072 756 1362 817 tenebras,
1388 757 1445 808 et
1472 753 1582 808 hoc
1613 770 1815 808 secure
1838 773 1857 800 «
1885 769 2028 824 quo-

374 852 534 907 niam
563 848 797 920 eripiar,
826 870 846 895 ι»
876 846 934 901 id
967 848 1057 901 est
1086 843 1409 915 eripientur
1444 842 1525 899 illi
1560 843 1671 898 mei
1705 841 1805 914 qui
1837 842 2030 897 adhuc

373 944 512 997 sunt
558 938 808 994 tenebrae
835 958 855 985 α
882 954 917 990 a
948 934 1267 990 tentatione
1293 956 1314 981 η
1351 932 1566 987 diaboli
1598 954 1618 981 «
1647 933 1706 986 in
1740 937 1814 997 te,
1851 931 1907 985 id
1941 934 2031 985 est

370 1048 474 1103 per
503 1033 560 1084 te
588 1048 608 1075 α
634 1032 691 1084 et
720 1027 777 1080 in
812 1027 929 1081 Deo
960 1040 1144 1089 meo,»
1173 1023 1227 1077 id
1259 1026 1348 1077 est
1376 1021 1436 1076 in
1471 1021 1686 1076 auxilio
1720 1020 1841 1085 Dei,
1867 1020 1926 1073 in
1961 1036 2028 1074 eo

376 1140 398 1168 ι
432 1117 837 1191 transgrediar
864 1129 1126 1179 murum,
1157 1133 1178 1162 1
1209 1111 1269 1166 id
1298 1115 1385 1166 est
1416 1110 1788 1167 obstaculum
1822 1126 2028 1181 pecca—

368 1214 587 1267 torum.
605 1209 809 1263 Murus
828 1208 1022 1260 autem
1046 1201 1144 1258 ille
1163 1219 1277 1256 non
1299 1206 1389 1255 est
1409 1218 1651 1272 prorsus
1669 1201 2026 1266 destructus,

308 1312 317 1321 '
369 1300 471 1356 sed
495 1296 646 1371 justi
676 1295 780 1352 Dei
811 1292 1025 1350 auxilio
1056 1291 1226 1347 illum
1256 1290 1702 1345 transcendunt.

441 1391 596 1445 Bene
626 1388 780 1453 dico,
807 1408 828 1434 ιι
864 1384 925 1439 in
948 1383 1070 1438 'Deo
1102 1397 1256 1449 meo,
1292 1402 1313 1429 ι
1351 1379 1490 1451 quia
1535 1379 1660 1451 ipse
1691 1382 1781 1433 est
1816 1400 1835 1427 α
1874 1377 2028 1432 Deus

370 1497 541 1536 meus
566 1503 587 1530 ι
618 1482 676 1534 et
702 1499 723 1526 ιι
749 1475 843 1531 via
885 1474 1036 1544 ejus,
1067 1494 1087 1520 ο
1126 1470 1185 1525 id
1237 1474 1327 1525 est
1374 1472 1662 1541 prmcepta
1704 1490 1725 1517 α
1778 1471 1867 1523 est
1910 1466 2026 1520 im-

370 1569 615 1643 polluta,
644 1590 664 1616 ι
691 1565 831 1639 quia
875 1561 1021 1619 nihil
1052 1559 1429 1615 immundum
1477 1555 1739 1629 praecipit
1786 1557 1975 1611 facere
2009 1569 2023 1609 ε

369 1681 402 1713 α
433 1664 492 1715 et
520 1655 752 1729 eloquia
782 1650 1036 1718 Domini,
1064 1674 1086 1703 ι
1124 1650 1182 1704 id
1213 1651 1304 1704 est
1330 1647 1462 1720 ipsa
1491 1646 1757 1702 doctrina
1788 1660 2029 1717 evange-

370 1750 505 1815 lica,
526 1752 669 1815 est,«
695 1742 1027 1800 examinata
1058 1738 1233 1811 igni,»
1260 1738 1315 1792 id
1341 1742 1430 1793 est
1452 1753 1587 1791 cum
1610 1733 1878 1805 diligenti
1901 1750 2030 1788 exa-

371 1837 692 1895 minatione
722 1836 863 1889 sunt
903 1829 1095 1895 zedita,
1129 1828 1187 1882 id
1236 1831 1327 1881 est
1378 1824 1601 1896 Spiritu
1660 1827 1884 1879 sancto.
1918 1820 2027 1887 Qui

2140 671 2308 737 aptos
2339 667 2410 721 ad
2441 666 2551 721 hoc
2583 667 2937 722 faciendum.
2969 666 3340 721 Continuatio
3376 683 3388 722 :

2217 778 2238 805 α
2276 757 2521 812 Dextera
2549 760 2652 811 tua
2682 756 2943 828 suscepit
2974 773 3088 822 me,
3113 761 3169 812 et
3189 755 3502 828 disciplina
3534 760 3654 820 tua,
3676 773 3703 806 η
3729 754 3786 809 id

2138 848 2227 899 est
2248 845 2483 915 justitia
2527 863 2643 918 qua
2680 850 2815 902 tuos
2846 846 3164 913 examinas,
3194 869 3214 894 «ι
3242 846 3490 901 correxit
3534 862 3646 915 me,
3668 866 3698 897 ι
3730 846 3787 899 id

2140 938 2228 987 est
2259 950 2421 989 meos
2462 936 2532 990 de
2580 936 2912 1007 praeteritis,
2948 953 3134 1007 usque
3172 956 3192 983 α
3229 936 3287 989 in
3332 936 3529 1001 ﬁnem,
3554 956 3580 983 ι)
3614 935 3669 989 id
3704 938 3793 989 est

2141 1039 2328 1094 usque
2359 1024 2431 1078 ad
2464 1024 3037 1079 consummationem
3073 1041 3084 1077 :
3121 1025 3259 1095 quia
3290 1024 3674 1079 incorrectum
3711 1040 3794 1078 re-

2140 1112 2360 1166 mansit
2386 1136 2405 1161 α
2442 1116 2500 1168 et
2530 1113 2658 1185 ipsa
2686 1118 2789 1169 tua
2818 1113 3132 1186 disciplina
3162 1113 3393 1169 docebit
3421 1129 3534 1180 me,
3566 1134 3587 1161 ι
3614 1111 3669 1167 id
3703 1116 3795 1168 est

2139 1217 2321 1268 meos,
2356 1219 2428 1257 ne
2460 1201 2705 1258 ulterius
2738 1208 2997 1275 peccent.

2210 1290 2279 1345 Et
2307 1307 2410 1362 per
2438 1290 2569 1346 illos
2600 1311 2621 1339 ει
2650 1291 2911 1348 dilatasti
2934 1306 3173 1365 gressus
3205 1309 3420 1361 meos,»
3447 1292 3507 1348 id
3537 1296 3627 1348 est
3654 1307 3794 1364 ope-

2138 1378 2396 1435 rationes
2428 1397 2589 1436 meas
2638 1397 2742 1452 per
2771 1384 2959 1436 totum
2990 1382 3281 1437 mundum
3330 1379 3645 1437 notiﬁcasti
3679 1401 3708 1431 ‹‹
3735 1384 3799 1435 et

2136 1467 2382 1541 vestigia
2409 1486 2559 1537 mea,
2587 1497 2609 1524 ι
2646 1470 2705 1525 id
2750 1474 2839 1525 est
2866 1469 2951 1524 illi
2981 1469 3043 1524 in
3072 1470 3291 1542 quibus
3337 1469 3508 1542 signa
3545 1469 3795 1541 justitiae

2137 1573 2279 1613 mea;
2310 1565 2611 1630 apparent,
2641 1582 2668 1611 «
2700 1576 2816 1614 non
2866 1563 3006 1614 sunt
3053 1559 3372 1626 inﬁrmata,
3399 1581 3420 1607 ι
3449 1559 3505 1613 id
3539 1562 3631 1614 est
3676 1574 3797 1612 non

2136 1650 2277 1701 sunt
2306 1647 2563 1719 superati
2615 1648 2689 1703 ad
2719 1648 3011 1704 hostibus.
3045 1648 3293 1704 Necesse
3341 1647 3498 1703 cnim
3548 1650 3697 1714 erat,
3730 1652 3800 1701 ut

2136 1734 2219 1789 illi
2249 1737 2349 1807 qui
2376 1741 2542 1792 erant
2571 1736 2758 1804 missi,
2783 1740 2849 1792 ut
2877 1736 3023 1793 alios
3049 1738 3342 1802 docerent,
3371 1736 3798 1808 irreprehensi-

2136 1824 2284 1879 biles
2307 1831 2505 1880 essent
2535 1826 2593 1880 in
2624 1826 2921 1882 omnibus.

370 1928 622 2001 Spiritus
654 1926 895 1981 sanctus
925 1919 1054 2010 ideo
1102 1916 1256 2010 ignis
1303 1915 1539 2010 dicitur,
1573 1912 1711 1985 quia
1752 1913 2025 2010 ardorem
2060 1946 2106 2010 Β
2178 1913 2311 2010 ΔΧξθΙ
2458 1914 2818 2010 «disciplina
2851 1919 2976 2010 tua
2990 1915 3237 1969 correxit
3258 1935 3285 1964 »
3312 1931 3476 1969 meos
3495 1918 3554 1969 et
3575 1914 3797 2010 docuit,

369 1998 675 2075 charitatis
722 2011 888 2084 ponit
926 2008 986 2063 in
1028 2006 1243 2078 quibus
1284 2006 1492 2059 estzet
1531 2000 1799 2073 quamvis
1842 2001 1922 2054 ita
1952 1998 2031 2054 sit

369 2108 546 2174 altus,
570 2110 769 2160 tamen
823 2116 940 2154 non
989 2095 1205 2152 deserit
1236 2110 1395 2160 suos,
1421 2092 1521 2147 sed
1559 2113 1580 2141 α
1608 2092 1904 2162 protector
1941 2092 2031 2143 est

369 2195 636 2253 omnium
667 2186 1032 2262 sperantium
1064 2183 1125 2238 in
1153 2201 1234 2238 se.
1265 2202 1288 2232 ι

442 2281 654 2338 Nullus
684 2283 774 2334 est
811 2276 964 2332 alius
996 2275 1175 2340 Deus,
1206 2270 1320 2326 nisi
1362 2270 1471 2323 iste
1512 2272 1716 2323 tantus
1746 2265 2033 2322 Dominus

378 2393 401 2423 ι
437 2369 720 2444 quoniam
749 2366 883 2437 quis
905 2367 994 2419 est
1024 2363 1179 2416 Deus
1210 2362 1419 2431 praeter
1446 2355 1786 2423 Dominum,
1813 2378 1833 2405 ι
1860 2354 1920 2409 id
1944 2358 2035 2409 est

372 2464 582 2535 prazter
624 2472 760 2513 eum
812 2453 912 2524 qui
959 2451 1043 2505 ita
1090 2445 1470 2535 dominaturi?
1498 2447 1633 2509 Aut,
1666 2461 1698 2499 ο
1728 2461 1849 2510 vos,
1885 2459 2032 2535 gen-

370 2532 524 2615 tiles,
554 2569 576 2597 ι
628 2543 762 2617 quis
808 2545 899 2597 est
946 2540 1101 2595 Deus
1159 2539 1369 2608 praeter
1426 2534 1611 2588 Deum
1662 2532 2026 2587 nostrum?»

374 2637 552 2707 Quasi
583 2635 631 2693 si
664 2651 767 2690 vos
797 2629 1115 2687 Dominum
1161 2630 1431 2681 nostrum
1465 2640 1581 2677 non
1613 2621 1863 2687 habetis,
1898 2620 2034 2675 nul-

373 2729 499 2785 lum
549 2723 866 2782 Dominum
920 2716 1172 2774 habetis.
1224 2714 1328 2770 Hic
1385 2711 1595 2784 incipit
1650 2711 1720 2765 de
1776 2709 2037 2781 potentia

374 2818 651 2963 Chl‘tl‘fltliis
682 2904 771 2958 est
794 2921 820 2950 α
844 2900 999 2955 Deus
1027 2897 1235 2968 praeter
1262 2893 1447 2948 Deum
1471 2893 1758 2955 nostrum,
1783 2909 1814 2941 ι
1837 2892 1895 2943 et
1926 2888 2034 2943 iste

379 3018 408 3051 ιι
436 2997 592 3051 Deus
613 2996 723 3058 est,
740 2989 839 3062 qui
865 2985 1164 3060 przecinxit
1184 3000 1333 3051 me,»
1358 2981 1414 3036 id
1437 2985 1544 3045 est,
1572 2978 1918 3052 przeparavit
1940 2994 2033 3032 me

374 3083 740 3141 dominicum
770 3077 1071 3133 hominem
1094 3072 1291 3129 divina
1318 3095 1337 3120 α
1364 3070 1576 3125 virtute
1604 3090 1623 3118 ι
1654 3068 1723 3123 ad
1765 3081 2031 3139 pugnan-

375 3175 519 3231 dum
550 3173 755 3226 contra
782 3164 1082 3221 diabolum
1116 3180 1128 3218 :
1162 3165 1219 3217 et
1248 3160 1405 3215 istud
1438 3158 1790 3230 praecingere
1823 3155 1931 3210 fuit
1961 3156 2032 3209 ab

376 3263 508 3335 ipsa
538 3256 935 3328 conceptione.
970 3250 1274 3307 Prazcinxit
1318 3247 1480 3315 dicit,
1504 3250 1706 3301 contra
1734 3245 1844 3299 hoc
1875 3244 2031 3315 quod

373 3313 649 3422 silperius
666 3313 890 3400 dixerat
910 3358 957 3396 ει
979 3339 1537 3408 Praeoccupaverunt
1560 3351 1651 3388 me
1672 3332 1865 3404 laquei
1888 3351 2039 3387 mor-
2063 3313 2106 3381 (Ι

373 3440 505 3493 tis.»
529 3436 694 3491 Sicut
715 3431 873 3487 enim
896 3426 1179 3499 originale
1199 3428 1503 3497 peccatum
1528 3426 2031 3494 praeoccupaverat

373 3527 706 3582 humanum
724 3536 912 3591 genus
931 3517 991 3571 in
1012 3511 1500 3585 conceptione,ita
1516 3510 1770 3581 Spiritus
1788 3515 2030 3566 sanctus

372 3610 745 3687 signiﬁcabat
763 3605 1063 3662 Christum
1111 3604 1183 3657 ab
1234 3602 1363 3673 ipsa
1410 3599 1807 3670 conceptione,
1833 3603 1890 3654 et
1928 3617 2031 3671 per

372 3704 483 3759 hoc
519 3724 540 3751 α
587 3696 785 3773 posuit
828 3694 984 3750 viam
1042 3707 1235 3746 meam
1284 3687 1750 3759 immaculatam,
1782 3711 1801 3735 ω
1838 3687 1895 3742 id
1941 3691 2031 3743 est

376 3790 580 3848 omnia
609 3804 785 3860 opera
816 3783 995 3840 totius
1024 3780 1153 3836 vitae
1188 3796 1349 3834 mem.

448 3878 557 3946 Qui
589 3877 766 3933 etiam
796 3874 954 3929 Deus
979 3897 999 3922 α
1032 3869 1292 3943 perfecit,
1320 3892 1340 3919 η
1370 3867 1429 3921 id
1463 3870 1551 3921 est
1582 3865 1866 3938 perfectos
1898 3866 2032 3920 fecit

380 3990 402 4019 ι
442 3969 620 4043 pedes
651 3981 833 4029 meos,
858 3962 917 4017 id
948 3965 1037 4016 est
1068 3959 1311 4015 affectus
1342 3973 1504 4011 meos
1537 3976 1567 4007 α
1602 3959 1882 4025 tanquam
1915 3972 2032 4010 cer-

370 4074 600 4124 vorum,
626 4078 646 4106 ι
678 4055 735 4109 id
765 4057 857 4109 est
892 4049 1117 4106 similes
1166 4046 1373 4102 cervis.
1406 4046 1572 4101 Sicut
1621 4044 1778 4098 enim
1827 4059 2032 4098 cervus

370 4148 517 4204 vitat
547 4145 770 4218 spinas,
799 4145 857 4196 et
905 4136 1161 4195 transilit
1204 4137 1413 4202 fossas,
1456 4138 1513 4189 et
1557 4133 1749 4187 lutosa
1798 4132 1944 4198 loca,
1977 4136 2034 4188 et

376 4235 646 4293 ascendit
674 4233 734 4286 in
765 4233 1049 4293 montem,
1071 4226 1152 4281 ita
1170 4225 1438 4280 Christus
1461 4223 1701 4294 spinosa
1727 4226 1784 4276 et
1813 4223 2036 4294 pericu-

373 4326 502 4381 losa
514 4322 726 4378 delicta
737 4316 931 4375 seaculi
942 4320 1019 4384 ,et
1033 4318 1400 4387 peccatorum
1418 4313 1608 4367 foveas
1622 4314 1822 4365 sancto
1832 4310 1923 4365 vo]
1934 4329 2033 4365 un-

374 4415 517 4470 tatis
539 4413 750 4468 affectu
780 4406 1056 4474 transilit,
1081 4409 1139 4459 et
1169 4405 1239 4458 ad
1267 4402 1423 4457 celsa
1443 4400 1722 4457 coclorum
1751 4400 2030 4471 pervenit,

371 4509 430 4560 et
461 4503 572 4558 hoc
604 4504 713 4567 est,
738 4499 864 4570 ipse
894 4497 1048 4551 Deus
1074 4514 1100 4546 α
1124 4496 1388 4549 statuens
1421 4507 1514 4545 me
1545 4505 1721 4561 super
1749 4488 2028 4544 excelsa.»

446 4592 550 4647 Hic
607 4588 787 4645 etiam
847 4586 1003 4642 Deus
1038 4607 1058 4633 α
1096 4583 1264 4637 docet
1309 4595 1470 4634 meas
1521 4594 1752 4644 manus,
1780 4602 1802 4629 ι)
1838 4576 1897 4631 id
1948 4581 2035 4632 est

2138 2007 2195 2057 et
2215 2001 2299 2057 sic
2315 2025 2342 2052 «
2357 2002 2614 2059 dilatasti
2634 2026 2653 2051 υ
2673 2003 2732 2058 in
2753 2003 3074 2057 virtutibus
3094 2026 3113 2051 α
3132 2020 3370 2074 gressus
3392 2020 3609 2072 meos,»
3627 2005 3683 2059 id
3705 2008 3802 2060 est

2139 2091 2462 2162 discipulos
2485 2109 2646 2147 meos
2670 2092 2769 2164 qui
2791 2092 3073 2147 dicuntur
3092 2092 3459 2163 gressus.Vel
3482 2093 3552 2148 de
3564 2092 3797 2149 Christo

2140 2179 2356 2235 dicitur
2403 2181 2728 2236 secundum
2756 2180 3098 2252 Apostolum
3147 2180 3440 2236 dicentem
3475 2197 3486 2236 :
3516 2203 3544 2231 «
3574 2183 3654 2237 Ex
3700 2182 3799 2238 his

2140 2286 2270 2339 quae
2302 2286 2513 2340 passus
2534 2273 2642 2337 est,
2667 2268 2874 2324 didicit
2912 2269 3307 2326 obedientiam
3330 2270 3509 2339 (Hebr.
3531 2271 3608 2342 v).
3632 2293 3660 2321 n
3695 2271 3797 2326 Di-

2141 2357 2351 2428 scipuli
2375 2358 2656 2413 dicuntur
2680 2380 2707 2408 «
2730 2374 3027 2430 gressus,»
3044 2359 3181 2430 quia
3205 2376 3310 2430 per
3333 2376 3431 2414 eos
3452 2359 3607 2415 Deus
3630 2376 3801 2414 mun-

2142 2448 2284 2502 dum
2317 2445 2663 2519 ingreditur,
2687 2451 2744 2502 et
2772 2447 2907 2503 licet
2936 2448 3018 2503 ita
3046 2448 3276 2504 dilatati
3310 2453 3523 2517 essent,
3553 2466 3669 2504 non
3702 2453 3797 2504 ta-

2142 2553 2277 2590 men
2312 2536 2748 2608 superbierunt,
2794 2538 2895 2592 sed
2937 2541 3077 2592 sunt
3110 2558 3138 2587 «
3170 2539 3381 2594 subtus
3418 2554 3530 2604 me,
3554 2559 3583 2588 »
3608 2536 3667 2592 id
3707 2538 3800 2593 est

2143 2624 2289 2679 mihi
2321 2624 2579 2696 plenarie
2601 2625 2842 2693 subditi,
2868 2632 2924 2681 et
2954 2626 3064 2698 ipsi
3099 2627 3253 2682 idem
3280 2627 3379 2698 qui
3401 2631 3605 2699 praeter
3633 2626 3796 2682 aliud

2144 2719 2283 2769 sunt
2315 2737 2342 2764 ‹‹
2372 2713 2616 2786 vestigia
2645 2732 2777 2771 mea
2806 2732 2919 2771 non
2954 2720 3094 2771 sunt
3123 2737 3151 2767 »
3185 2714 3488 2771 inﬁrmati.

2214 2804 2285 2858 Et
2324 2820 2427 2874 per
2472 2804 2616 2858 istos
2667 2804 2814 2859 tales
2851 2821 3266 2876 «persequar»
3298 2821 3402 2877 ego
3442 2803 3797 2859 ratiocinan-

2143 2893 2217 2947 do
2248 2914 2275 2942 «
2307 2891 2579 2948 inimicos
2613 2909 2795 2961 meos,
2823 2917 2844 2943 ι
2873 2894 2930 2949 id
2963 2898 3051 2949 est
3080 2894 3179 2965 qui
3213 2893 3354 2949 mihi
3387 2893 3801 2949 contradicunt

2147 3003 2175 3031 «
2204 2986 2263 3036 et
2293 2982 2788 3053 comprehendam
2821 2981 3003 3038 illos»
3027 2983 3087 3037 in
3127 2983 3517 3053 ratione,quia
3543 2998 3657 3037 non
3691 2981 3797 3036 ha-

2143 3070 2366 3125 bebunt
2404 3071 2565 3126 intus
2597 3072 2891 3142 quomodo
2941 3071 3172 3144 possint
3218 3072 3491 3127 resistere
3520 3094 3540 3121 α
3574 3075 3632 3125 et
3677 3088 3798 3125 non

2142 3163 2481 3215 convertar»
2498 3161 2570 3215 ab
2593 3160 2989 3232 increpatione
3012 3178 3215 3215 eorum
3233 3161 3455 3216 «donec
3474 3160 3749 3214 deﬁciant
3764 3181 3794 3209 »

2144 3264 2179 3303 a
2208 3254 2365 3304 secta
2396 3266 2522 3316 sua,
2557 3250 2614 3304 id
2646 3253 2735 3305 est
2765 3254 3193 3306 convertantur.

2217 3339 2509 3404 Quosdam
2568 3355 2887 3411 persequar
2929 3340 3151 3395 ratione
3199 3339 3353 3394 sicut
3409 3339 3629 3394 dictum
3680 3342 3796 3404 est,

2140 3426 2287 3482 alios
2320 3449 2347 3477 «
2380 3427 2746 3500 confringam
2774 3449 2801 3477 ››
2839 3427 2897 3482 in
2928 3427 3305 3483 tribulatione
3334 3450 3356 3477 ι
3386 3443 3492 3482 nec
3522 3429 3797 3498 poterunt

2140 3519 2297 3570 stare
2352 3538 2373 3564 ι»
2429 3520 2633 3571 contra
2683 3534 2797 3581 me,
2859 3518 2959 3572 sed
3020 3515 3215 3587 potius
3271 3538 3292 3566 α
3346 3516 3558 3571 subtus
3614 3514 3794 3586 pedes

2141 3621 2302 3659 meos
2332 3605 2613 3674 cadent,»
2648 3605 2705 3659 id
2746 3609 2835 3661 est
2880 3605 3137 3676 plenarie
3187 3604 3575 3676 subjicientur
3621 3603 3790 3657 mihi.

2141 3694 2411 3750 Ostendit
2449 3695 2603 3765 quod
2634 3694 2901 3750 Christus
2934 3696 3220 3767 quosdam
3266 3694 3377 3749 sibi
3427 3692 3790 3759 resistentes,

2047 3829 2054 3835 .
2141 3798 2247 3837 suo
2280 3783 2539 3839 dominio
2567 3782 3028 3854 subjiciet,nunc
3060 3784 3131 3838 de
3162 3782 3518 3847 inimicis,id
3548 3785 3658 3847 est,
3684 3782 3795 3835 da:-

2141 3871 2438 3938 monibus,
2472 3876 2531 3926 et
2563 3871 2895 3944 specialiter
2924 3873 2996 3927 de
3025 3872 3247 3928 Judaeis
3274 3869 3620 3943 ingreditur.
3642 3870 3792 3925 Con-

2140 3961 2390 4017 tinuatio
2424 3978 2437 4016 :

2216 4072 2243 4101 ‹‹
2276 4051 2599 4121 Persequar
2646 4050 2937 4117 inimicos,
2964 4071 2990 4101 ››
3026 4054 3081 4105 et
3134 4054 3217 4117 tu,
3250 4049 3513 4115 Domine,
3540 4070 3568 4099 «
3598 4048 3791 4103 insur-

2142 4144 2344 4211 gentes
2376 4140 2434 4193 in
2468 4156 2582 4209 me,
2606 4161 2633 4189 »
2666 4138 2719 4194 id
2753 4143 2842 4194 est
2873 4139 3136 4194 diabolos
3162 4138 3263 4210 qui
3285 4138 3555 4193 volebant
3577 4152 3669 4190 me
3699 4153 3794 4208 op-

2142 4229 2414 4301 primere,
2436 4233 2492 4284 et
2514 4246 2759 4301 regnum
2782 4229 3042 4285 obtinere
3066 4251 3093 4279 «
3117 4226 3532 4301 supplantasti,
3551 4248 3579 4277 ››
3602 4226 3661 4280 id
3683 4230 3792 4293 est,

2143 4319 2459 4373 inscientes
2492 4318 2751 4389 dejecisti
2788 4319 3044 4373 «subtus
3076 4335 3190 4386 me,
3216 4338 3243 4367 ››
3278 4318 3335 4372 id
3365 4321 3453 4373 est
3471 4318 3580 4371 sub
3610 4320 3793 4387 potes-

2142 4410 2262 4461 tate
2292 4424 2441 4475 mea,
2476 4406 2617 4477 quia
2648 4406 2794 4460 nihil
2827 4406 3051 4461 faciunt
3079 4405 3194 4461 nisi
3224 4405 3607 4478 permissione
3638 4403 3792 4458 Chri-

2144 4496 2221 4551 sti
2254 4512 2267 4549 :
2300 4499 2358 4549 et
2387 4495 2689 4566 praemittit
2719 4511 2960 4551 causam
2993 4512 3095 4567 per
3126 4512 3305 4567 quam
3337 4493 3594 4550 ostendit
3621 4492 3790 4547 Chri-

2145 4590 2303 4641 stum
2337 4601 2465 4640 esse
2491 4584 2760 4656 dignum,
2784 4584 2877 4639 cui
2911 4585 3342 4655 subjicerentur
3370 4582 3453 4637 illi
3477 4583 3787 4645 daemones,

375 4678 749 4753 operationes
782 4692 944 4731 meas
973 4697 991 4722 α
1022 4672 1093 4728 ad
1126 4668 1392 4743 praelium
1420 4691 1441 4717 ι»
1468 4671 1672 4722 contra
1692 4665 1992 4721 diabolum
2019 4685 2031 4722 :
2066 4684 2112 4747 D
2144 4690 2279 4729 eum
2312 4673 2454 4729 dicit
2488 4691 2500 4729 :

372 4775 430 4826 et
459 4774 544 4837 tu,
571 4766 843 4832 Domine,
868 4784 898 4816 ι
932 4758 1238 4835 posuisti,»
1264 4762 1324 4812 tu
1352 4757 1482 4812 dico
1505 4754 1605 4827 qui
1635 4755 1811 4810 talem
1848 4755 2036 4811 fecisti

374 4872 684 4931 personam
730 4869 925 4909 meam
966 4848 1263 4926 propriam
1289 4867 1317 4896 «
1349 4843 1590 4900 brachia
1630 4861 1781 4910 mea,
1805 4866 1833 4894 ››
1857 4843 1914 4898 id
1948 4848 2037 4900 est

371 4947 503 5002 illos
530 4962 633 5018 per
654 4960 802 5016 quos
826 4956 1035 5013 operor
1063 4954 1168 5009 ego
1196 4958 1216 4985 σ
1244 4939 1309 4990 ut
1331 4950 1532 4989 arcum
1573 4950 1841 4989 zereum.»
1869 4933 2035 4989 Sicut

372 5036 423 5091 si
473 5051 647 5090 arcus
693 5049 878 5086 mreus
927 5032 1083 5085 esset
1132 5024 1234 5097 qui
1286 5023 1546 5079 mitteret
1594 5021 1859 5092 sagittas,
1895 5024 2035 5094 quia

376 5140 583 5189 aereus,
614 5118 1000 5193 infatigabilis
1049 5119 1251 5172 esset:
1285 5112 1369 5167 sic
1425 5109 1667 5166 brachia
1712 5111 1927 5166 Christi
1976 5116 2034 5167 et

374 5213 621 5285 sagittas
653 5210 899 5263 mittunt
930 5206 1148 5277 quibus
1176 5202 1485 5258 vulnerant
1504 5198 1680 5254 corda
1700 5199 2029 5269 hominum,

373 5306 429 5357 et
460 5296 852 5368 infatigabilia
884 5299 1042 5351 sunt.

447 5387 701 5444 Posuisti
734 5390 792 5441 et
825 5409 853 5436 ‹‹
885 5383 1096 5440 dedisti
1131 5380 1275 5436 mihi
1321 5376 1762 5451 protectionem,
1789 5400 1815 5429 »
1851 5378 1908 5433 id
1945 5384 2036 5435 est

376 5476 800 5542 defensionem,
825 5492 952 5545 quae
983 5477 1074 5528 est
1102 5487 1282 5527 causa
1304 5490 1332 5518 «
1364 5467 1572 5523 salutis
1604 5470 1717 5521 tua)
1740 5489 1766 5517 ››
1793 5468 1851 5523 id
1884 5474 1973 5523 est
2002 5486 2037 5525 a

374 5570 428 5619 te
461 5566 664 5629 datam
700 5568 758 5617 et
781 5563 1015 5617 dextera
1046 5564 1165 5629 tua,
1185 5584 1206 5611 ιι
1237 5559 1293 5613 id
1326 5562 1414 5613 est
1445 5556 1626 5613 Filius
1658 5561 1816 5625 tuus,
1847 5578 1869 5608 (ι
1897 5574 2034 5613 sus-

378 5653 532 5722 cepit
556 5666 671 5716 me,
695 5650 1055 5705 dominicum
1088 5648 1407 5702 hominem.
1434 5645 1581 5712 Quia
1614 5645 1880 5701 dicturus
1912 5652 2036 5703 erat

381 5738 538 5804 quod
572 5735 838 5791 Christus
890 5755 991 5807 per
1042 5754 1181 5794 suos
1226 5737 1483 5791 vinceret
1531 5733 1697 5805 alios,
1734 5736 2036 5807 praemittit

2222 4786 2249 4813 ‹‹
2264 4762 2620 4819 Prmcinxisti
2642 4778 2735 4818 me
2751 4763 2965 4818 virtute
2979 4784 3006 4813 ››
3023 4762 3256 4818 deitatis
3273 4783 3301 4812 ‹‹
3314 4762 3386 4817 ad
3409 4759 3786 4816 bellandum»

2145 4856 2346 4907 contra
2376 4852 2670 4907 daemones
2695 4855 2752 4907 et
2775 4874 2803 4901 «
2837 4851 3107 4905 inimicos
3139 4867 3301 4906 meos
3323 4871 3350 4901 »
3373 4846 3604 4906 Judmos
3637 4846 3789 4903 scili-

2145 4940 2369 5012 eet,qui
2420 4940 2700 4996 dicuntur
2727 4939 3024 5012 spiritales
3055 4939 3277 4995 inimici
3310 4937 3543 5007 Christi,
3578 4937 3789 5009 partim

2146 5052 2173 5080 «
2194 5030 2405 5086 dedisti
2430 5029 2573 5085 mihi
2598 5030 2897 5099 dorsum,»
2913 5030 2971 5083 id
2994 5033 3083 5085 est
3100 5045 3381 5122 seq.uaces
3401 5044 3562 5083 meos
3584 5026 3788 5081 fecisti.

2144 5118 2308 5173 Sicut
2327 5117 2484 5173 enim
2508 5117 2713 5173 famuli
2735 5118 3017 5173 dicuntur
3036 5115 3277 5173 dorsu'm
3300 5115 3691 5186 domini,quia
3711 5128 3791 5169 se-

2142 5210 2407 5278 quuntur
2426 5224 2561 5262 eum
2595 5223 2629 5261 a
2646 5207 2839 5273 dorso,
2864 5207 2949 5262 sic
2970 5223 3251 5277 sequaces
3272 5204 3485 5261 Christi
3516 5204 3791 5259 dicuntur

2144 5296 2387 5350 dorsum
2424 5313 2435 5351 :
2469 5300 2526 5350 et
2555 5296 2768 5367 partim
2794 5318 2821 5347 ‹‹
2852 5295 3254 5368 disperdidisti
3281 5317 3302 5343 ν
3337 5294 3438 5350 sed
3475 5315 3495 5342 ιι
3531 5293 3789 5347 odientes

2144 5401 2313 5451 me,»
2346 5383 2405 5438 id
2432 5388 2521 5439 est
2549 5384 2680 5439 illos
2711 5385 2811 5456 qui
2841 5384 3100 5440 indurati
3132 5389 3272 5440 sunt
3300 5384 3357 5438 in
3387 5382 3519 5437 odio
3552 5381 3692 5435 mei.

2219 5496 2247 5523 ‹‹
2264 5473 2700 5545 Disperdidisti,
2720 5496 2749 5523 »
2775 5478 2831 5528 et
2851 5475 2910 5529 in
2942 5474 3043 5529 illa
3070 5474 3433 5546 dispersione
3457 5492 3485 5521 «
3507 5470 3791 5526 clamave-

2146 5567 2331 5618 runt»
2358 5567 2424 5619 ut
2453 5562 2844 5618 liberarentur
2864 5585 2893 5613 «
2918 5579 3024 5618 nec
3054 5568 3177 5618 erat
3197 5585 3225 5614 »
3253 5562 3402 5617 inter
3421 5577 3521 5615 eos
3542 5560 3645 5631 qui
3676 5557 3788 5614 sal-

2144 5669 2247 5707 vos
2270 5654 2537 5719 faceret,»
2561 5652 2702 5722 quia
2733 5652 2849 5707 dux
2880 5669 3083 5708 eorum
3114 5657 3239 5707 erat
3268 5647 3678 5721 diabolus,qui
3699 5662 3789 5702 eos

2144 5740 2389 5798 liberare
2410 5758 2526 5798 non
2549 5745 2802 5812 poterat;
2833 5763 2860 5793 ‹‹
2883 5740 3285 5799 clamaverunt
3304 5741 3480 5796 etiam
3506 5738 3582 5795 ad
3608 5735 3791 5797 Domi-
