3914 6378
335 498 456 561 259

749 493 1162 557 HAYMONIS
1208 490 1752 553 HALBERSTAT.
1785 490 2032 553 EPISC.
2065 488 2237 554 OPP.
2270 492 2475 554 PARS
2506 490 2557 553 Ι.
2591 527 2668 536 —
2699 490 3111 555 COMMENT.
3144 490 3340 567 BIBL,

3640 490 3756 552 260

409 653 437 685 α
459 629 811 687 Laetabimus
838 647 861 671 »
894 641 999 697 ego
1033 629 1089 681 et
1118 623 1223 679 filii
1275 623 1564 691 Ecclesiae,
1601 640 1852 696 quorum
1886 640 1991 696 ego
2021 625 2077 692 Α
2107 623 2504 680 Christumita
2524 624 2845 698 gloriosum
2863 629 2921 679 et
2938 627 3234 697 potentem
3264 623 3539 691 ostendit,
3558 624 3756 679 admo-

336 737 469 778 sum
503 735 659 774 unus
683 738 710 767 «
734 717 793 770 in
826 714 1071 771 salutari
1105 718 1259 781 tuo,»
1286 711 1345 768 id
1379 717 1470 768 est
1497 711 1557 766 in
1589 713 1730 768 Jesu
1760 717 1860 767 tuo
1897 735 1918 762 α
1942 717 1999 768 et

335 805 872 881 magniﬁcabimus,
909 826 933 851 »
959 803 1014 858 id
1037 806 1147 869 est,
1173 801 1374 875 magni
1405 801 1731 857 efﬁciemur
1762 801 1861 855 «in
1894 817 1996 856 no-

332 898 490 952 mine
515 921 537 944 »
565 892 797 949 Domini
841 914 870 942 ‹‹
904 892 1005 946 Dci
1031 891 1240 959 nostri,
1265 911 1290 936 η
1311 892 1368 946 id
1389 894 1479 946 est
1501 892 1655 963 quod
1681 891 1738 944 in
1758 889 1868 945 hoc
1892 907 1997 944 sae-

330 984 462 1039 culo
490 1000 701 1038 nomen
726 982 854 1052 ejus
880 979 1331 1052 portabimus,id
1366 985 1458 1034 est
1485 979 1803 1034 Christiani
1836 995 2000 1033 voca-

330 1074 548 1128 himur.

398 1163 547 1229 Quia
567 1161 861 1233 particeps
884 1176 1003 1226 ero,
1030 1159 1157 1213 ideo
1180 1163 1337 1229 opto,
1363 1162 1429 1212 ut
1454 1174 1570 1212 non
1596 1161 1824 1212 tantum
1851 1174 1995 1228 prae-

327 1253 515 1307 dictas
538 1249 978 1324 petitiones,sed
1009 1268 1031 1291 α
1047 1264 1252 1302 omnes
1277 1247 1588 1318 petitiones
1604 1250 1737 1301 tuas
1755 1245 1998 1317 impleat

330 1341 697 1405 «Dominus;
726 1361 752 1388 η
778 1338 934 1410 quod
957 1337 1130 1391 toties
1154 1336 1319 1409 ponit
1349 1335 1994 1407 optationes,ati‘ectum

325 1448 447 1486 suae
460 1428 697 1501 pietatis
709 1424 1850 1497 ostendit.Hicincipitconﬁrmarc,quia
1863 1440 1995 1479 vero

327 1537 397 1575 ea
420 1517 659 1591 propria
685 1515 955 1573 evenient
982 1514 1276 1581 Ecclesiae,
1312 1531 1439 1586 quae
1471 1517 1773 1585 optaverat
1800 1513 1993 1568 Eccle-

334 1608 453 1664 siae.
485 1607 633 1679 Opto
666 1605 930 1678 impleat,
963 1609 1019 1659 et
1049 1604 1278 1658 afﬁrmo
1332 1603 1489 1675 quod
1533 1602 1821 1674 implebit,
1855 1600 1995 1673 quia

333 1728 358 1752 .‹
381 1696 787 1767 nunc,»idest,
811 1697 979 1749 tanto
1003 1697 1263 1764 tempore
1276 1697 1411 1747 ante
1429 1692 1746 1746 adventum
1778 1689 1992 1745 Christi

338 1810 360 1837 α
395 1784 660 1858 cognovi,
721 1799 899 1855 quam
959 1782 1187 1838 salvum
1248 1781 1386 1837 fecit
1438 1780 1726 1836 Dominus
1758 1802 1783 1826 ι)
1825 1780 1996 1835 Pater

337 1901 363 1927 (ι
382 1872 736 1939 Christum,»
770 1872 829 1927 id
859 1875 949 1927 est
979 1870 1521 1944 regem«suum»in
1545 1870 1990 1926 resurrectione.

335 1960 713 2019 Continuatio
749 1976 762 2015 :

396 2051 636 2108 Salvum
686 2049 861 2105 faciet
890 2047 950 2103 in
984 2048 1415 2104 resurrectione
1447 2053 1504 2103 et
1536 2048 1901 2115 ascensione,
1934 2050 1993 2103 et

324 2142 502 2197 etiam
536 2170 560 2194 ‹‹
591 2138 862 2195 exaudiet
892 2137 1060 2193 illum
1083 2163 1110 2193 ι)
1144 2137 1498 2193 clamantem
1550 2154 1654 2209 pro
1693 2136 1865 2192 nobis
1898 2153 1990 2191 rc-

332 2228 777 2301 praesentatione
798 2225 1189 2282 humanitatis
1203 2244 1230 2275 ι(
1243 2226 1314 2280 de
1339 2224 1537 2293 ccelo,»
1552 2225 1607 2280 id
1624 2226 1797 2281 estde
1818 2240 1992 2279 carne

330 2316 555 2384 sua,vel
577 2317 647 2371 de
669 2314 813 2371 cmlo
834 2313 1122 2369 materiali
1148 2343 1170 2365 ‹‹
1195 2318 1399 2369 sancto
1431 2332 1537 2369 suo
1559 2343 1584 2367 »
1609 2314 1747 2386 quia
1776 2335 1804 2365 α
1820 2312 1982 2368 salus

329 2409 419 2460 est
438 2405 687 2460 dexterae
720 2404 900 2475 ejus,»
934 2402 992 2456 id
1023 2406 1113 2457 est
1143 2402 1273 2457 Filii
1297 2403 1449 2473 ejus.
1469 2403 1600 2474 Ipse
1629 2402 1788 2457 enim
1810 2401 1991 2456 totius

331 2493 542 2550 salutis
563 2493 731 2549 dator
750 2496 862 2559 est,
884 2496 941 2546 et
962 2490 1065 2546 illa
1088 2491 1250 2546 salus
1272 2508 1387 2545 non
1408 2496 1497 2547 est
1532 2491 1592 2545 in
1624 2490 1987 2558 infirmitate,

331 2584 434 2641 sed
467 2601 493 2632 α
514 2582 574 2637 in
605 2580 1029 2654 potentatibus,
1063 2602 1087 2626 η
1121 2580 1181 2636 id
1214 2584 1303 2635 est
1333 2580 1392 2634 in
1424 2579 1656 2653 magnis
1686 2578 1987 2651 potentiis,

334 2689 450 2745 qua
481 2671 643 2726 nullo
674 2670 848 2725 modo
881 2672 1072 2741 potest
1099 2669 1318 2725 destrui
1351 2670 1506 2725 sicut
1532 2669 1661 2725 laus
1705 2668 1986 2723 humana.

403 2760 576 2817 Salus
598 2760 771 2815 istius
792 2757 1024 2814 Domini
1042 2762 1131 2813 est
1154 2759 1213 2813 in
1238 2758 1659 2830 potentatibus,
1679 2758 1776 2813 sed
1814 2787 1837 2811 «ι
1870 2756 1930 2811 hi
1961 2782 1988 2812 ι»

330 2868 445 2905 non
470 2849 839 2904 attendentes
861 2846 1551 2920 gloriantur,scilicet«in
1584 2846 1854 2902 curribus
1874 2866 1900 2896 ››
1933 2850 1991 2900 et

329 2938 390 2993 hi
413 2937 510 2993 alii
534 2960 557 2982 ‹‹
574 2937 632 2992 in
656 2936 861 3009 equis»
888 2940 946 2991 et
963 2953 1066 3008 per
1086 2952 1294 2991 currus
1316 2940 1374 2991 et
1393 2953 1576 3008 equos
1617 2937 1781 2991 notat
1810 2934 1990 2989 maxi-

330 3045 459 3084 mos
481 3024 983 3092 bonores,scilicet
1003 3026 1119 3081 duo
1131 3041 1345 3097 genera
1356 3025 1793 3098 triumphorum
1810 3041 1823 3079 :
1843 3051 1865 3074 n
1882 3040 1988 3080 nos

329 3121 523 3171 autem
546 3115 994 3171 invocabimusn
1026 3114 1417 3175 habitatorem
1450 3118 1719 3169 nostrum
1743 3113 1849 3167 «in
1882 3129 1985 3168 no-

330 3205 489 3260 mine
522 3204 625 3259 Dei
658 3204 864 3266 nostri,
897 3229 922 3255 η
956 3203 1015 3258 id
1045 3208 1135 3258 est
1165 3220 1268 3275 per
1295 3203 1406 3258 hoc
1437 3204 1591 3275 quod
1619 3207 1850 3259 tantum
1884 3201 1986 3257 Dei

2108 718 2205 769 net
2225 714 2480 784 Judaeos,
2508 719 2624 770 uta
2644 734 2753 771 sua
2784 714 3126 770 infidelitate
3155 714 3485 769 discedant:
3509 713 3759 769 deterret

2107 806 2164 857 et
2185 819 2305 870 eos,
2330 804 2690 859 conﬁrmans
2722 804 2877 876 quod
2912 803 3038 875 ipse
3067 820 3207 858 suos
3237 801 3508 858 inimicos
3538 802 3758 874 puniet,

2109 908 2244 946 cum
2276 892 2449 947 dicit:
2470 893 2693 948 «Pones
2716 909 2815 948 eos
2838 896 2903 947 ut
2930 891 3231 947 clibanum
3253 890 3461 965 ignis.»
3478 890 3549 946 Et
3564 889 3635 946 ad
3656 889 3765 945 vix»

2106 980 2251 1035 tutis
2283 980 2737 1053 descriptionem
2763 980 2846 1036 sic
2877 980 3102 1053 incipit,
3132 985 3188 1036 et
3219 981 3288 1035 ad
3322 980 3505 1035 Deum
3534 979 3763 1035 Patrem

2108 1068 2310 1141 dirigit
2336 1070 2683 1139 orationem,
2718 1070 2801 1125 sic
2833 1071 3033 1126 dicens
3064 1087 3078 1124 :
3116 1089 3140 1113 «
3174 1069 3439 1137 Domine,
3472 1086 3569 1125 rex
3594 1093 3618 1118 ιο
3652 1068 3768 1124 iste

2106 1158 2377 1214 Christus
2417 1158 2639 1214 scilicet
2673 1186 2695 1208 «ι
2728 1158 3025 1213 laetabitur
3053 1184 3077 1209 »
3113 1175 3227 1213 non
3258 1157 3416 1214 velut
3445 1155 3541 1213 alii
3574 1172 3763 1230 reges,

2107 1247 2205 1319 qui
2225 1247 2542 1320 aliquando
2561 1249 2777 1303 cedunt
2806 1247 3205 1315 hostibus,sed
3233 1272 3255 1297 α
3280 1247 3339 1301 in
3369 1246 3583 1301 virtute
3610 1250 3716 1301 tua
3737 1266 3762 1295 ι

2104 1336 2163 1390 in
2182 1338 2383 1393 eadem
2405 1338 2664 1410 potentia
2686 1355 2864 1411 quam
2892 1343 2951 1393 tu
2974 1337 3157 1393 habes
3184 1355 3287 1409 per
3315 1337 3654 1409 adjunctam
3682 1333 3769 1390 di-

2102 1425 2407 1481 vinitatem
2435 1443 2447 1481 :
2482 1426 2587 1481 tibi
2618 1428 2795 1482 etiam
2827 1444 2927 1482 rex
2957 1426 3053 1482 ille
3082 1425 3478 1481 oexsultabit»
3502 1439 3772 1497 corpora-

2104 1512 2238 1569 liter
2266 1540 2290 1565 «
2323 1532 2502 1587 super
2556 1515 2801 1572 salutari
2857 1519 2979 1583 tuo,
3016 1537 3039 1561 »
3072 1515 3130 1570 id
3163 1518 3273 1583 est,
3303 1514 3376 1570 de
3422 1512 3768 1580 salvatione,

2104 1621 2282 1676 quam
2314 1610 2377 1662 tu
2409 1622 2512 1678 per
2540 1622 2675 1662 eum
2707 1605 2885 1662 facies
2915 1605 3176 1660 humano
3206 1604 3435 1677 generi:
3468 1602 3557 1659 vel
3581 1603 3774 1658 inten-

2103 1693 2249 1749 dens
2275 1711 2456 1767 supra
2484 1693 2741 1751 salutare
2770 1698 2941 1750 tuum
2975 1720 2998 1745 «ι
3032 1692 3460 1749 vehementer.»
3496 1692 3649 1747 Bene
3681 1689 3771 1745 di-

2104 1781 2203 1850 cit,
2237 1787 2302 1837 ut
2331 1788 2553 1855 quanta
2581 1784 2657 1839 sit
2686 1784 2853 1856 copia
2885 1783 2942 1838 in
2975 1782 3280 1851 beneficio,
3313 1785 3482 1837 tanta
3520 1779 3597 1836 sit
3626 1795 3774 1853 gau-

2104 1871 2184 1927 dii
2216 1873 2582 1945 magnitudo.

2176 1959 2508 2017 Exsultabit
2527 1965 2585 2016 et
2608 1960 2838 2028 merito,
2859 1959 2997 2032 quia
3019 1963 3080 2014 tu
3110 1984 3133 2008 «ι
3158 1957 3422 2015 tribuisti
3452 1956 3506 2013 ei
3538 1957 3770 2014 deside-

2106 2050 2261 2106 rium
2288 2051 2482 2107 cordis
2511 2052 2660 2122 ejus.
2698 2076 2725 2106 »
2756 2048 3073 2122 Spirituale
3126 2046 3341 2104 Christi
3399 2046 3766 2103 desiderium

2102 2141 2214 2196 fuit
2237 2157 2249 2195 :
2278 2144 2341 2195 ut
2362 2157 2464 2213 per
2486 2144 2734 2196 mortem
2756 2156 2924 2195 suam
2960 2138 3288 2194 humanum
3312 2152 3501 2208 genus
3522 2135 3772 2192 redimo

2103 2228 2359 2284 ret.Cum
2394 2245 2567 2284 omne
2598 2228 2959 2283 desiderium
2979 2225 3422 2294 sitcordis,idco
3454 2228 3651 2280 tamen
3670 2241 3771 2297 ap-

2101 2317 2493 2389 ponitcordis,
2510 2321 2575 2373 ut
2591 2317 2781 2389 magis
2804 2316 3164 2372 desiderium
3198 2331 3301 2387 per
3329 2313 3767 2387 expressionem

2101 2405 2444 2473 notet,sicut
2472 2406 2532 2460 in
2563 2404 2876 2478 Evangelio
2902 2421 2915 2459 :
2944 2424 2965 2445 ιι
2993 2403 3294 2460 Desiderio
3328 2401 3651 2460 desideravi
3689 2417 3703 2456 :
3741 2430 3766 2454 η

2100 2497 2158 2550 et
2177 2494 2352 2550 etiam
2380 2511 2415 2550 a
2446 2521 2474 2552 α
2501 2494 2841 2550 voluntate»
2877 2492 3127 2566 spiritali
3160 2492 3401 2565 quidem
3430 2490 3763 2547 «labiorum

2100 2584 2289 2654 ejus,»
2321 2583 2380 2638 id
2414 2587 2522 2652 est,
2558 2600 2735 2656 quam
2766 2583 2892 2655 ipse
2923 2599 3030 2655 per
3062 2580 3219 2637 labia
3247 2580 3576 2654 proferebat
3596 2595 3766 2634 vnon

2099 2673 2405 2741 fraudasti,
2463 2692 2487 2718 »
2551 2674 2609 2729 id
2649 2677 2757 2741 est,
2819 2672 2967 2728 nihil
3019 2669 3307 2727 remansit
3372 2668 3768 2741 inexpletum,

2099 2761 2256 2832 quod
2296 2760 2419 2833 ipse
2445 2760 2787 2834 spiritaliter
2813 2764 3033 2832 peteret
3065 2777 3078 2814 :
3113 2758 3201 2815 vel
3234 2758 3284 2814 si
3315 2758 3620 2824 habeatur,
3650 2773 3759 2812 vo-

2097 2849 2405 2918 luntatem,
2440 2850 2705 2905 dicemus
2737 2867 2761 2892 «
2794 2866 2911 2905 non
2944 2848 3228 2904 fraudasti
3263 2864 3399 2904 eum
3426 2864 3451 2888 ι
3487 2846 3757 2918 negando

2095 2938 2456 2995 voluntatem
2487 2938 2561 2994 oi.

2169 3030 2239 3084 Et
2260 3029 2467 3084 merito
2497 3028 2758 3083 tribuisti
2807 3028 2935 3098 ejus
2967 3025 3325 3083 desiderium
3361 3037 3380 3063 '
3412 3024 3694 3096 quoniam
3728 3047 3757 3079 ιι

2096 3122 2159 3173 tu
2192 3134 2220 3165 α
2251 3118 2579 3190 praevenisti
2611 3134 2747 3173 eum
2772 3135 2794 3158 υ
2829 3121 2963 3172 ante
3020 3115 3381 3171 nativitatem
3414 3129 3442 3161 α
3467 3112 3528 3169 in
3577 3112 3753 3169 bene-

2096 3207 2509 3275 dictionibus,»
2543 3205 2767 3263 scilicet
2787 3205 2932 3261 dans
2951 3204 3034 3259 illi
3058 3203 3510 3270 benedictiones,
3530 3198 3753 3257 faciens

331 3311 545 3348 nomen
566 3292 984 3359 habemus,sed
1005 3291 1321 3349 Christiani
1342 3309 1621 3347 vocamur
1636 3309 1648 3347 :
1663 3292 1751 3347 vel
1766 3293 1984 3347 famam
2053 3366 2058 3368 Α
2093 3295 2423 3352 immunem
2446 3313 2479 3352 a
2500 3299 2755 3368 peccato,
2771 3294 3092 3366 perfectum
3109 3292 3497 3364 justitia,quae
3529 3294 3757 3359 nostra:

330 3382 519 3453 ipsius
548 3381 838 3435 habemus
868 3379 994 3435 sine
1024 3380 1354 3453 cognitione
1385 3381 1671 3436 essentiae.
1699 3381 1817 3452 Ipsi
1847 3384 1989 3436 sunt
2019 3366 2061 3435 Ο
2100 3403 2231 3440 rum
2262 3366 2517 3458 quoque?
2544 3383 3020 3440 benedictionum
3070 3398 3249 3437 causa
3279 3381 3534 3435 fuerunt.
3567 3379 3757 3435 Bene-

332 3470 393 3524 in
444 3468 717 3524 curribus
764 3471 822 3523 et
864 3468 925 3522 in
977 3468 1165 3539 equis,
1189 3473 1245 3524 et
1275 3485 1384 3524 nos
1412 3468 1699 3525 habemus
1730 3486 1895 3541 spem
1927 3469 1988 3524 in

335 3558 669 3624 Domino,et
686 3555 788 3611 illa
803 3556 1079 3628 superbia
1096 3555 1215 3612 illis
1237 3558 1309 3612 ad
1333 3557 1554 3612 malum
1572 3557 1989 3629 evenit,nostra

333 3650 529 3702 autem
561 3644 867 3700 humilitas
895 3644 955 3699 in
989 3644 1209 3700 bonum
1235 3645 1425 3701 nobis.
1458 3647 1529 3702 Et
1557 3646 1667 3702 hoc
1697 3651 1806 3702 est.

404 3764 428 3788 ‹‹
453 3734 567 3807 Ipsi
601 3732 842 3806 obligati
875 3738 1016 3789 sunt
1046 3752 1070 3777 υ
1105 3734 1165 3788 in
1195 3734 1429 3790 vinculo
1472 3739 1847 3807 peccatorum
1879 3760 1903 3785 σι
1933 3739 1989 3792 et

332 3823 671 3880 ceciderunt
703 3850 727 3875 ι»
759 3823 831 3879 de
859 3823 999 3880 vitio
1031 3823 1088 3878 in
1121 3823 1329 3879 vitium
1357 3842 1370 3891 ;
1406 3851 1431 3876 α
1457 3842 1566 3879 nos
1613 3828 1810 3880 autem
1856 3842 1985 3881 sur-

330 3913 591 3969 reximus
623 3937 647 3961 »
681 3929 715 3967 a
744 3912 998 3984 peccatis
1046 3912 1118 3967 ad
1165 3912 1413 3968 virtutes
1448 3930 1461 3968 :
1494 3918 1551 3969 et
1582 3931 1696 3969 non
1745 3913 1856 3969 fuit
1886 3913 1989 3969 illa

330 4001 682 4058 resurrectio
704 4018 809 4074 per
828 4001 1250 4073 aequalitatem,
1272 4019 1378 4058 nec
1396 4003 1505 4058 fuit
1530 4003 1983 4076 qualiscunque,

330 4090 553 4147 scilicet
581 4092 652 4145 de
684 4108 801 4146 uno
834 4091 906 4146 ad
938 4090 1210 4159 alterum,
1244 4096 1302 4147 et
1345 4092 1455 4147 hoc
1503 4096 1592 4148 est
1626 4117 1647 4143 ε
1683 4093 1857 4149 erecti
1890 4112 1987 4150 su-

331 4198 480 4236 znus.
521 4197 543 4223 π
578 4180 835 4235 Dicendo
865 4180 1249 4250 surreximus,
1284 4184 1449 4237 notat
1487 4183 1715 4238 arbitrii
1748 4183 1984 4240 liberta-

327 4273 467 4325 tem.
502 4269 758 4324 Dicendo
788 4269 961 4324 erecti
995 4286 1225 4336 sumus,
1263 4275 1429 4326 notat
1460 4273 1711 4343 gratiam
1745 4274 1985 4345 adjutri-

328 4375 476 4415 cem.

399 4451 469 4505 Et
491 4450 672 4507 istum
703 4466 898 4523 regem
933 4450 1032 4522 qui
1065 4449 1211 4506 talos
1255 4468 1362 4507 nos
1386 4451 1540 4521 facit,
1574 4470 1647 4510 ne
1678 4455 1985 4526 permittas

329 4544 517 4595 morte
553 4539 939 4607 detineri,sed
964 4544 1050 4607 tu,
1084 4540 1623 4609 «Domine,salvum
1644 4543 1735 4599 fac
1757 4564 1780 4587 ν
1814 4544 1984 4601 illum

335 4647 359 4678 ι
393 4646 587 4702 regem
618 4647 645 4675 η
677 4630 1085 4685 resuscitando
1116 4629 1309 4702 ipsum
1348 4648 1361 4686 :
1397 4635 1454 4687 et
1484 4649 1587 4704 per
1612 4632 1781 4688 illum
1806 4634 1988 4690 salva-

2097 3473 2454 3530 dictionibus
2486 3472 2615 3528 dico
2647 3489 2675 3519 α
2696 3470 3064 3527 dulcedinis»
3087 3469 3225 3543 quia
3251 3469 3389 3542 ipsae
3420 3466 3621 3524 dulces
3636 3466 3761 3524 fue-

2098 3567 2237 3618 runt
2265 3562 2513 3629 Christo,
2548 3560 2688 3634 quia
2717 3577 2950 3634 semper
2980 3559 3207 3634 peritas
3234 3576 3351 3615 suae
3383 3555 3755 3614 conscientia

2095 3651 2335 3724 placuit.
2369 3651 2532 3718 Quod
2563 3649 2703 3706 dicit
2733 3650 3033 3707 Christum
3067 3651 3424 3721 praeventum
3445 3644 3626 3702 fuisse
3659 3646 3759 3702 be-

2096 3740 2529 3797 nedictionibus
2559 3738 2907 3807 dulcedinis,
2943 3739 3085 3794 dicit
3115 3737 3188 3794 ad
3220 3734 3609 3792 differentiam
3631 3733 3757 3791 illo-

2096 3847 2228 3885 rum
2259 3829 2358 3902 qui
2386 3827 2661 3902 praeventi
2709 3832 2849 3883 sunt
2879 3826 3288 3883 maledictione
3317 3823 3752 3894 amaritudinis,

2093 3918 2151 3974 id
2213 3923 2320 3986 est,
2381 3922 2615 3990 peccato
2668 3915 2963 3988 originali.
3023 3914 3191 3971 Ponit
3258 3913 3433 3969 aliam
3504 3910 3754 3985 gloriam

2095 4006 2571 4077 Christi,dicens:
2610 4002 3308 4078 «posuisti»aeternaliter
3338 4018 3363 4044 «ι
3388 4002 3448 4057 in
3480 3999 3685 4073 capite,
3724 4028 3752 4054 ι.

2095 4097 2152 4152 id
2176 4100 2284 4164 est,
2308 4095 2367 4150 in
2423 4093 2661 4168 propria
2716 4110 2967 4167 persona
3021 4091 3235 4147 Christi
3286 4107 3414 4162 quae
3460 4093 3549 4146 est
3574 4094 3754 4161 caput

2093 4185 2275 4241 totius
2295 4183 2527 4252 Christi,
2548 4182 2789 4251 scilicet,
2814 4181 3048 4254 dignior
3068 4197 3204 4253 pars
3226 4180 3287 4235 in
3317 4181 3438 4234 toto
3469 4175 3696 4233 Christo
3735 4193 3749 4234 :

2094 4280 2254 4332 totus
2274 4273 2545 4330 Christus
2566 4270 2780 4328 dicitur
2801 4272 2979 4342 caput
3002 4273 3059 4326 et
3072 4286 3285 4342 corpus
3318 4284 3330 4323 :
3362 4287 3388 4313 ιι
3418 4280 3691 4322 coronam
3725 4294 3749 4321 ιο

2094 4365 2152 4420 id
2176 4368 2286 4434 est,
2307 4360 2620 4435 apostolos,
2648 4359 2746 4432 qui
2770 4359 2900 4415 ideo
2932 4375 3145 4414 corona
3177 4356 3472 4424 dicuntur,
3504 4352 3643 4427 quia
3668 4353 3752 4408 si-

2095 4458 2196 4510 cut
2250 4468 2465 4509 corona
2520 4449 2712 4505 reddit
2781 4464 3094 4521 personam
3179 4445 3493 4518 insignem,
3553 4446 3611 4499 et
3661 4446 3754 4498 est

2094 4542 2402 4617 praemium
2432 4538 2685 4596 victoriae
2720 4554 2733 4594 :
2771 4542 2830 4594 et
2860 4537 2959 4593 illa
2988 4553 3203 4593 corona
3259 4535 3369 4590 fuit
3401 4556 3427 4582 ιι
3454 4533 3526 4589 de
3556 4530 3754 4603 lapide

2095 4632 2370 4705 pretioso.
2398 4645 2426 4676 υ
2456 4626 2717 4701 Apostoli
2767 4630 3006 4699 propter
3053 4624 3407 4681 soliditatem
3438 4624 3495 4677 et
3523 4618 3751 4676 stabili-

329 4723 456 4773 tum
482 4741 508 4771 α
530 4718 740 4774 exaudi
766 4736 871 4773 nos
894 4720 953 4774 in
977 4719 1069 4774 die
1090 4736 1207 4791 qua
1224 4718 1747 4794 invocaverimus,»
1785 4724 1840 4779 id
1871 4729 1979 4793 est,
2015 4740 2062 4805 D
2092 4719 2514 4792 tatomlapides
2532 4715 2930 4805 appellantur:
2948 4713 3452 4805 pretiosi,proptcr
3464 4709 3752 4805 virtuth

329 4807 389 4862 in
432 4811 693 4879 tempore
750 4808 1055 4878 praesentis
1111 4808 1261 4874 vitae,
1294 4808 1354 4863 in
1386 4826 1502 4881 quo
1533 4810 1667 4866 licet
1693 4812 1980 4869 invocare.

327 4895 427 4951 Vel
446 4896 737 4968 praecipue
759 4897 817 4951 in
850 4897 942 4952 die
973 4897 1438 4967 resurrectionis,
1463 4902 1678 4972 ereptis
1714 4902 1986 4960 ﬁdelibus

330 5002 365 5038 a
392 4985 652 5039 tenebris
676 4986 903 5041 mortis.

849 5128 921 5182 IN
963 5127 1090 5181 PSA
1103 5126 1309 5182 LMUM
1350 5128 1462 5183 ΧΧ.

385 5233 661 5287 'I‘i'rULus.
696 5232 758 5287 In
786 5234 973 5303 ﬁnem,
1003 5250 1099 5287 seu.
1130 5236 1341 5299 victori,
1375 5236 1517 5291 alias
1546 5236 1617 5291 ad
1646 5240 1931 5295 victoriam

917 5307 1163 5376 psalmus
1197 5306 1390 5361 David.

405 5426 718 5494 «Domine,
754 5428 812 5483 in
846 5430 1060 5485 virtute
1082 5445 1105 5471 ιθ
1141 5429 1385 5486 materia
1433 5435 1522 5486 est
1563 5433 1830 5491 Christus
1862 5455 1979 5507 rex,

332 5512 402 5568 de
431 5531 498 5568 eo
531 5514 617 5569 sic
648 5515 770 5587 agit
805 5534 816 5569 :
851 5518 1139 5572 Describit
1168 5519 1444 5574 virtutem
1476 5526 1533 5575 et
1553 5522 1797 5594 gloriam
1831 5528 1978 5598 ejus,

332 5606 495 5670 Optat
516 5606 583 5655 ut
606 5603 778 5659 faciat
796 5607 951 5675 quod
973 5608 1161 5662 bonus
1185 5624 1282 5661 rex
1317 5608 1488 5663 debet
1527 5610 1733 5681 facere,
1760 5615 1984 5671 scilicet

336 5700 569 5773 parcere
589 5690 868 5759 subjectis
889 5698 945 5747 et
965 5693 1257 5749 debellare
1278 5684 1840 5766 s'uperboantentio
1870 5708 1980 5773 est,

337 5768 676 5829 Iudaeorum
724 5776 1195 5840 incredulitatem
1244 5782 1596 5859 improbare.
1630 5787 1784 5852 Dum
1826 5768 1986 5853 enim

2096 4807 2764 4884 fulgorem.Exsequitur
2774 4803 3021 4877 gloriam
3037 4803 3304 4875 ejusdem
3321 4799 3474 4872 regis
3490 4814 3593 4871 per
3603 4796 3749 4854 alias

2095 4904 2313 4974 partes.

2169 5013 2194 5039 (ι
2225 4988 2418 5043 Vitam
2447 5009 2474 5039 ››
2507 4986 2683 5040 etiam
2717 4991 2994 5042 aeternam
3046 4981 3270 5038 scilicet
3301 5004 3326 5031 α
3355 4977 3521 5051 petiit
3551 4994 3584 5031 a
3615 4980 3691 5031 te.
3725 5004 3748 5027 ι)

2094 5081 2165 5135 Et
2202 5077 2298 5132 hic
2356 5079 2592 5130 notatur
2628 5093 2765 5132 vera
2796 5072 3158 5139 humanitas,
3190 5087 3315 5143 quae
3347 5084 3462 5123 non
3492 5069 3659 5138 putat
3689 5080 3752 5119 se

2096 5167 2206 5225 sibi
2240 5181 2369 5221 esse
2401 5163 2924 5232 sufﬁcientem,sed
2958 5177 3061 5233 per
3090 5158 3483 5216 humilitatem
3514 5153 3696 5209 vitam
3719 5169 3753 5207 a

2095 5256 2342 5313 Domino
2371 5254 2787 5326 sempiternam
2812 5253 2957 5325 petit
2982 5268 2994 5306 :
3024 5275 3047 5298 «ι
3067 5254 3123 5305 et
3152 5245 3410 5303 tribuisti
3439 5239 3753 5314 longitudi-

2092 5364 2224 5403 nem
2257 5344 2485 5400 dierum
2514 5362 2540 5391 ι)
2574 5360 2689 5398 non
2722 5342 2912 5399 solum
2972 5357 3076 5412 per
3130 5339 3367 5394 centum
3408 5347 3613 5397 annos,
3649 5328 3749 5385 sed

2095 5467 2118 5487 «ι
2141 5436 2199 5490 in
2220 5431 2541 5490 saeculum»
2567 5430 3009 5487 subsecutivum
3040 5428 3220 5499 hujus
3241 5420 3526 5490 «saeculi,»
3550 5419 3609 5473 id
3641 5421 3747 5485 est,

2093 5541 2280 5597 usque
2310 5523 2365 5577 in
2400 5522 2573 5575 ﬁnem
2610 5520 2829 5589 saeculi,
2856 5525 2913 5575 et
2943 5518 3118 5575 etiam
3151 5516 3209 5570 in
3242 5511 3523 5569 saeculum
3553 5507 3752 5565 subse-

2094 5596 2353 5672 cutivum
2382 5611 2479 5666 isti
2515 5609 2879 5666 saeculo.Non
2894 5608 3035 5664 dicit
3068 5603 3496 5679 longitudinem
3522 5596 3749 5653 dierum

2095 5721 2222 5762 esse
2281 5702 2339 5756 in
2402 5701 2602 5755 futura
2658 5699 2794 5769 vita,
2832 5699 2961 5755 ideo
3020 5696 3175 5775 quod
3217 5693 3298 5751 ibi
3331 5689 3443 5747 fuit
3468 5686 3618 5760 dies,
3650 5685 3749 5743 sed

2094 5796 2333 5876 propter
2361 5788 2641 5869 spatium.
