3914 6378
83 480 202 542 261

1279 477 1771 540 EXPLANATIO
1819 476 1894 540 ΙΝ
1937 480 2321 543 PSALMOS.

3390 490 3506 580 262

160 637 187 662 ιι
219 613 490 683 Impones
507 610 687 666 etiam
711 624 888 682 super
906 626 1041 666 eum
1062 637 1084 660 »
1115 615 1179 666 ut
1200 629 1378 683 super
1399 613 1742 667 fundamen-
1769 614 1832 680 Α,
1855 612 2007 667 valet
2035 614 2106 668 ad
2141 613 2391 670 salutem
2426 632 2438 670 :
2475 640 2502 671 α
2531 619 2587 671 et
2631 633 2854 688 semen,
2887 640 2912 664 ››
2944 617 3001 672 id
3053 623 3162 687 est,
3204 625 3386 679 votac
3413 639 3508 678 eo-

87 707 218 756 tum
249 724 277 755 α
305 698 556 772 gloriam
585 719 608 742 »
633 698 916 771 gloriosos
943 699 1164 754 scilicet
1191 704 1477 772 martyres
1508 719 1534 749 ο
1557 706 1612 755 et
1631 718 1750 756 ma-

87 805 274 864 gnum
306 789 598 853 decorem,
622 803 649 834 υ
681 788 740 843 id
771 792 860 844 est
891 805 1136 860 magnos
1168 789 1426 858 decores,
1452 793 1518 843 ut
1550 788 1748 843 Marti-

88 895 235 934 num
267 880 324 932 et
345 875 655 944 Hilarium,
681 877 738 931 et
757 881 996 931 caeteros
1018 878 1382 932 confessores
1407 894 1422 933 :
1445 878 1575 931 ideo
1610 899 1635 923 ιι
1667 877 1750 930 in-

87 984 272 1038 pones
285 983 463 1037 super
483 982 679 1032 cum,»
713 965 853 1037 quia
877 964 1104 1037 «gloria
1124 966 1252 1035 ejus
1277 983 1490 1036 magna
1512 967 1569 1020 in
1586 965 1750 1019 salu-

91 1054 204 1110 tari
237 1057 358 1121 tuo,
393 1075 416 1098 ››
441 1054 500 1108 id
529 1058 618 1107 est
641 1053 699 1107 in
723 1054 896 1108 verbo
929 1058 1029 1108 tuo
1069 1053 1180 1109 sibi
1224 1053 1408 1119 unito,
1433 1055 1603 1124 cujus
1626 1053 1748 1124 glo-

91 1143 190 1198 rias
220 1143 434 1199 decens
464 1147 590 1197 erat
622 1142 1038 1211 manifestatio,
1063 1161 1190 1214 qum
1223 1144 1623 1198 demonstrata
1665 1147 1753 1196 est
1798 1177 1801 1179 -

95 1251 199 1305 per
213 1231 324 1286 hoc
347 1231 504 1302 quod
527 1229 775 1302 apostoli
807 1248 986 1302 super
1014 1248 1148 1285 eum
1175 1232 1398 1286 fundati
1424 1236 1582 1286 sunt.
1601 1232 1752 1285 Bene

94 1323 227 1376 dico
258 1320 526 1392 impones
559 1336 736 1390 super
764 1337 898 1374 eum
929 1318 1199 1390 gloriam,
1230 1325 1288 1374 et
1318 1321 1448 1386 hoc,
1472 1320 1752 1391 quoniam

94 1411 222 1483 ipse
253 1412 344 1464 est
375 1407 700 1463 benedictio
722 1409 986 1462 omnium
1009 1409 1296 1481 gentium,
1321 1415 1378 1464 et
1411 1409 1518 1464 hoc
1541 1414 1631 1463 est
1665 1425 1678 1462 :

167 1521 192 1544 «ι
227 1498 516 1566 Quoniam
551 1497 719 1553 dabis
740 1514 876 1552 eum
911 1497 969 1551 in
1000 1498 1468 1553 benedictionem
1494 1515 1522 1546 υ
1555 1497 1613 1552 in
1645 1497 1755 1552 hac

93 1589 215 1645 vita
234 1588 429 1644 dando
446 1586 714 1657 virtutes,
738 1593 796 1641 et.
829 1607 852 1630 οι
877 1587 936 1641 in
963 1587 1244 1642 saeculum
1269 1587 1526 1657 szeculi,»
1562 1587 1620 1641 id
1643 1591 1755 1654 est,

96 1679 154 1732 in
187 1677 307 1733 alia
332 1677 453 1732 vita
484 1675 676 1731 dando
708 1693 1005 1731 coronam.
1040 1675 1143 1731 Hic
1175 1677 1485 1731 confirmat
1507 1675 1754 1748 promis-

96 1767 493 1838 sionem,quzn
526 1764 679 1820 facta
711 1770 797 1818 est
817 1763 1059 1819 Abrahze
1086 1779 1099 1818 :
1127 1781 1150 1805 (ι
1173 1764 1236 1820 In
1268 1764 1491 1820 semine
1521 1770 1622 1819 tuo
1652 1764 1757 1818 be-

98 1855 448 1912 nedicentur
474 1869 679 1910 omnes
699 1857 904 1924 gentes
927 1853 1078 1923 (Gen.
1109 1871 1262 1908 xxxn
1284 1871 1297 1921 ;
1323 1854 1494 1910 Galat.
1519 1853 1624 1924 ιιι).
1640 1871 1666 1901 ι)
1689 1853 1759 1907 Et

97 1945 277 2002 etiam
312 1965 336 1989 «
361 1940 684 1998 lmtiﬁcabis
704 1958 840 1997 eum
873 1941 932 1995 in
963 1941 1177 2013 gaudio
1207 1957 1234 1988 ι)
1265 1943 1419 2013 quod
1452 1941 1544 1996 sui
1574 1941 1757 1996 habe-

100 2035 250 2090 bunt
280 2053 305 2078 «ι
338 2047 472 2088 cum
503 2030 670 2086 vultu
701 2035 824 2096 tuo,
859 2048 883 2072 υ
917 2029 974 2085 id
1025 2035 1133 2096 est,
1185 2029 1245 2085 in
1294 2029 1603 2103 praesentia
1631 2034 1756 2098 tua,

101 2123 350 2188 scilicet,
403 2119 640 2192 quando
690 2119 919 2174 fruetur
967 2119 1222 2191 perfecta
1267 2119 1597 2192 cognitione
1646 2119 1756 2174 tui.

102 2213 268 2268 Tunc
299 2209 457 2266 enim
490 2208 602 2264 erit
626 2208 882 2280 perfecta
910 2207 1281 2276 lmtitia,cum
1313 2209 1620 2264 tradiderit
1665 2225 1760 2264 rc-

102 2317 287 2374 gnum
313 2299 429 2354 Deo
470 2295 827 2353 Patri.Ponit
872 2312 1112 2352 causam
1151 2296 1417 2352 omnium
1457 2297 1758 2370 prmdicto-

103 2405 258 2453 rum,
274 2392 344 2443 ut
366 2385 450 2441 sic
483 2385 752 2442 dicamus
783 2401 795 2440 :
821 2385 954 2441 Ideo
976 2385 1130 2441 Deus
1151 2385 1312 2441 dedit
1331 2386 1468 2441 huic
1495 2387 1614 2458 regi
1634 2387 1758 2442 lon-

101 2494 234 2550 gam
265 2475 538 2541 vitam,et
579 2473 692 2530 alia
739 2490 867 2546 qum
895 2475 1170 2546 praedicta
1203 2480 1360 2544 sunt,
1381 2475 1520 2547 quia
1553 2493 1700 2532 «rex
1730 2499 1757 2526 ››

101 2567 209 2623 iste
242 2591 271 2622 α
303 2568 522 2638 sperat,
556 2592 580 2616 η
617 2564 675 2618 id
705 2563 1094 2630 est,omnium
1127 2581 1291 2636 spem
1314 2565 1634 2636 posuitain
1659 2567 1764 2621 Do-

103 2655 328 2725 mino,»
363 2657 421 2708 et
450 2669 564 2708 non
589 2651 726 2707 facit
756 2651 864 2706 hoc
889 2669 992 2722 pro
1015 2653 1371 2708 confidentia
1395 2654 1759 2723 meritorum,

105 2745 202 2799 sed
221 2742 424 2816 potius
448 2761 472 2784 ‹‹
501 2742 560 2796 in
583 2740 1032 2796 misericordia»
1057 2741 1246 2812 ipsius
1267 2742 1396 2808 Dei;
1420 2769 1443 2793 ‹‹
1461 2760 1576 2796 non
1603 2759 1762 2798 com-
1817 2763 1826 2772 ·

108 2831 442 2888 movebitur
473 2848 496 2872 η
532 2848 565 2885 a
595 2829 949 2886 conﬁdentia
995 2828 1184 2900 ipsius
1216 2830 1628 2886 misericordia:
1663 2849 1676 2887 :
1709 2837 1767 2888 et

109 2920 490 2992 merito,quia
507 2943 534 2974 α
551 2917 836 2973 Altissimi
857 2922 946 2971 est
966 2916 1066 2972 illa
1089 2918 1690 2974 misericordia.Osten
1701 2939 1768 2976 sa

110 3011 322 3066 virtute
354 3014 413 3064 et
441 3007 629 3080 gloria
659 3005 847 3078 ipsius
879 3005 1283 3076 regis,transit
1313 3007 1384 3061 ad
1422 3008 1764 3076 secundam,

117 3100 360 3169 scilicet,
380 3099 544 3168 optat
588 3095 785 3166 ipsum
825 3110 1021 3164 regem
1060 3110 1324 3150 exercere
1364 3096 1663 3166 justitiam
1706 3099 1767 3152 in

118 3188 295 3244 bonos
317 3189 379 3242 et
399 3182 936 3254 malos.Hucusqne
964 3181 1174 3238 direxit
1202 3184 1273 3238 ad
1311 3183 1540 3242 Patrem
1570 3188 1766 3259 verba,

120 3277 287 3332 modo
309 3270 517 3344 dirigit
545 3271 618 3327 ad
651 3269 885 3326 Filium.

1857 718 1988 755 rum
2021 721 2044 745 »
2080 719 2206 774 qua:
2239 703 2518 758 dicuntur
2546 721 2768 772 semen,
2801 705 2940 777 quia
2970 707 3125 762 sicut
3171 727 3240 764 ex
3286 711 3512 768 semine

1858 789 2117 861 procedit
2151 791 2396 859 fructus,
2430 792 2513 848 ita
2559 809 2627 847 ex
2671 793 2823 848 votis
2871 811 3067 867 opera.
3121 798 3330 854 Semen
3380 799 3510 856 dico

1858 883 2196 949 separatum
2240 902 2263 927 α
2295 898 2329 936 a
2359 881 2496 935 filiis
2527 909 2551 934 ι»
2595 898 2862 937 verorum
2911 904 2939 934 α
2969 884 3298 944 hominum.
3332 905 3359 936 ››
3408 889 3510 945 Vel

1859 983 2082 1032 semen,
2117 967 2172 1021 id
2205 973 2311 1034 est,
2338 986 2639 1040 sequaces.

1933 1055 2066 1108 Ideo
2090 1056 2326 1126 quidem
2362 1059 2569 1128 perdes
2599 1076 2698 1112 eos
2720 1082 2747 1109 «
2769 1061 3045 1132 quoniam
3079 1063 3254 1135 mala,
3278 1092 3305 1122 ι»
3337 1066 3394 1120 id
3427 1072 3516 1123 est

1861 1143 2341 1210 destructionem,
2372 1163 2547 1217 quam
2581 1147 2690 1200 sibi
2724 1149 3058 1208 aliomanis
3102 1151 3301 1209 inferri
3342 1157 3514 1211 time-

1862 1230 2004 1284 bant
2033 1232 2468 1289 deelimwerunt
2501 1235 2554 1287 in
2593 1240 2668 1302 te,
2703 1255 2726 1280 ιι
2753 1237 2808 1291 id
2842 1244 2950 1302 est,
2985 1246 3282 1298 verterunt
3325 1245 3382 1300 in
3415 1251 3513 1302 te:

1863 1334 1997 1372 cum
2031 1323 2084 1373 te
2119 1323 2286 1375 morti
2315 1323 2609 1376 traderent
2643 1343 2669 1371 α
2689 1326 2932 1381 consilia
2961 1331 3518 1406 cogitaverunt,quze

1864 1422 1980 1460 non
2028 1413 2344 1478 potuerunt
2393 1411 2674 1466 stabilire.
2707 1431 2734 1462 υ
2767 1414 3178 1483 Cogitaverunt
3222 1421 3380 1476 enim
3420 1440 3524 1494 per

1865 1501 2113 1551 mortem
2146 1497 2334 1569 ipsius
2368 1498 2618 1554 retinere
2648 1499 2843 1556 locum
2866 1507 2922 1558 et
2961 1509 3195 1576 gentem
3220 1509 3395 1577 (Joan.
3419 1511 3521 1583 ιιι),

1866 1600 1970 1654 per
2001 1602 2178 1656 quam
2210 1587 2406 1658 potius
2441 1593 2756 1662 utrumque
2787 1593 3191 1662 perdiderunt.

1939 1673 2150 1728 Perdes
2183 1692 2302 1743 eos,
2336 1682 2393 1730 et
2426 1703 2450 1729 α
2484 1677 2612 1732 ideo
2643 1696 2826 1750 pones
2856 1697 2956 1737 eos
2989 1683 3253 1755 dorsum,
3289 1714 3313 1738 η
3346 1688 3403 1744 id
3436 1693 3527 1746 est

1867 1777 2075 1818 curvos
2099 1763 2170 1818 ad
2206 1769 2440 1820 terrena
2469 1771 2526 1821 et
2549 1785 2659 1821 non
2684 1767 2980 1825 intuentes
3009 1772 3286 1842 cmlestia,
3303 1777 3527 1833 scilicet

1867 1849 2064 1907 asinos
2079 1853 2434 1922 dmmonum,
2450 1855 2580 1910 ideo
2595 1879 2622 1908 α
2643 1855 2926 1923 vultum,»
2945 1859 3000 1915 id
3023 1866 3111 1916 est
3128 1865 3524 1936 cognitionem

1866 1942 2052 2008 tuam,
2087 1942 2188 2012 qui
2229 1943 2466 1998 deberet
2511 1961 2639 2000 esse
2668 1967 2696 1998 α
2725 1963 2928 2002 eorum
2978 1952 3334 2022 prmparabis
3362 1977 3390 2008 ι)
3425 1971 3528 2026 per

1867 2027 2364 2086 introductionem
2397 2033 2685 2103 gentium,
2709 2039 2767 2089 et
2796 2051 2900 2106 per
2937 2040 3367 2110 asperationem
3401 2043 3525 2115 glo-

1868 2116 1964 2170 riae
1999 2137 2024 2163 α
2056 2117 2115 2172 in
2142 2117 2406 2191 reliquiis
2427 2120 2564 2188 tuis,
2590 2138 2616 2168 υ
2649 2122 2704 2176 id
2736 2128 2847 2189 est,
2875 2128 2938 2179 ut
2970 2125 3107 2197 ipsa:
3139 2128 3396 2202 reliquiae
3430 2132 3530 2188 ha-

1869 2205 2045 2260 beant
2073 2207 2464 2278 cognitioncm
2489 2210 2596 2265 tui.
2615 2211 2912 2284 Reliquias
2943 2215 3155 2287 accipit
3176 2217 3440 2291 illos,qui
3467 2239 3530 2276 se

1871 2295 2094 2351 faciunt
2119 2296 2375 2353 humiles
2407 2304 2464 2354 et
2493 2300 2776 2371 abjcctos.

1941 2385 2029 2440 Tu
2061 2402 2242 2457 pones
2291 2403 2392 2443 eos
2439 2388 2702 2459 dorsum,
2736 2395 2794 2446 et
2843 2396 2908 2446 ut
2947 2391 3056 2448 hoc
3107 2395 3298 2466 possis
3345 2397 3532 2455 facere

1875 2495 1902 2523 α
1935 2473 2188 2529 exaltare
2219 2474 2278 2530 in
2299 2476 2536 2542 virtute,
2571 2504 2596 2528 ι)
2629 2477 2688 2532 id
2720 2482 2808 2533 est
2839 2497 2942 2551 per
2969 2481 3247 2539 virtutem
3271 2486 3530 2558 deitatis,

1871 2566 1928 2617 et
1960 2585 1987 2614 α
2008 2563 2382 2618 cantabimus
2401 2582 2538 2621 voce
2555 2571 2611 2621 ct
2633 2567 2804 2621 corde
2825 2589 2848 2614 ιι
2880 2587 2904 2613 α
2925 2573 2983 2623 et
3001 2571 3360 2641 psallemus»
3384 2575 3532 2632 bene

1872 2652 2167 2722 operando
2200 2682 2222 2706 ‹‹
2252 2651 2496 2709 virtutes
2527 2658 2662 2711 tuas
2693 2677 2716 2699 »
2749 2655 3043 2714 laudando
3065 2661 3289 2718 scilicet
3317 2669 3376 2719 et
3407 2665 3532 2720 imi-

1875 2739 2074 2792 tando.
2107 2739 2168 2792 In
2215 2742 2505 2795 cantando
2543 2743 3084 2815 contemplativam,
3115 2747 3174 2802 in
3229 2751 3532 2821 psallendo

1875 2843 2008 2881 vero
2039 2826 2285 2882 activam
2319 2828 2498 2883 vitam
2532 2829 2944 2904 intelligimus.

2378 2970 2449 3024 IN
2491 2971 2838 3028 PSALMUM
2876 2974 3017 3030 XXI.

2021 3077 2162 3130 TlTU
2173 3092 2296 3131 LUS.
2324 3076 2386 3129 In
2414 3077 2589 3152 ﬁnem_
2609 3093 2707 3147 pro
2735 3082 3072 3152 s_usceptione
3098 3085 3388 3152 matutina,

2467 3149 2714 3219 psalmus
2741 3149 2934 3206 David.

1953 3301 1976 3326 ‹‹
1995 3271 2168 3339 Deus,
2183 3271 2336 3326 Deus
2354 3271 2825 3344 meus,respice.»
2846 3274 3114 3332 Psalmus
3135 3277 3244 3334 iste
3267 3279 3538 3336 convenit

183 3360 677 3433 Quandoquidem
722 3364 786 3414 tu
833 3359 968 3414 talis
1013 3376 1075 3416 es
1123 3377 1240 3430 rex,
1274 3362 1403 3418 ideo
1435 3381 1467 3418 ο
1499 3364 1766 3432 Domine,
1799 3344 1843 3412 C
1882 3359 2154 3428 David,id
2185 3365 2273 3415 est
2299 3359 2805 3427 Christo,habitus
2825 3379 2929 3435 pro
2952 3367 3320 3438 susceptione
3339 3373 3537 3424 matu-

135 3473 155 3502 ι
186 3451 525 3508 inveniatur
549 3466 764 3505 manus
794 3453 914 3517 tua,
948 3476 975 3506 υ
1007 3449 1064 3504 id
1098 3453 1206 3515 est,
1239 3453 1498 3524 operatio
1519 3457 1620 3510 tua
1651 3478 1673 3502 «
1706 3456 1778 3511 ab

121 3542 394 3598 omnibus
426 3538 683 3594 inimicis
733 3539 873 3606 tuis,
912 3558 935 3583 ι)
970 3538 1028 3594 id
1075 3544 1185 3606 est,
1217 3557 1424 3597 omnes
1457 3543 1556 3614 qui
1606 3545 1778 3600 modo

121 3637 254 3687 sunt
283 3628 534 3697 inimici,
569 3627 884 3701 diligenter
910 3626 1276 3700 inquirentes
1309 3647 1485 3703 opera
1517 3632 1786 3703 tua,imi-

123 3723 316 3776 tentur
343 3734 454 3774 ea:
487 3722 544 3773 et
575 3717 624 3773 si
656 3717 759 3790 qui
793 3716 1003 3772 nolunt
1023 3734 1093 3772 ea
1114 3717 1195 3774 ita
1219 3718 1475 3776 invenire
1499 3747 1522 3771 ‹‹
1546 3722 1782 3779 dextera

126 3811 289 3877 tua,»
317 3807 381 3862 id
413 3806 727 3875 est,virtus
758 3809 860 3861 tua
888 3827 916 3856 α
945 3805 1197 3862 inveniet
1219 3835 1242 3858 ι»
1277 3809 1347 3863 ad
1379 3826 1580 3866 eorum
1613 3813 1778 3867 dam-

129 3897 421 3952 nationem
456 3914 479 3938 ‹‹
504 3911 710 3951 omnes
740 3919 768 3950 ι)
802 3911 901 3951 eos
935 3911 958 3936 α
991 3896 1090 3968 qui
1123 3899 1179 3952 te
1207 3897 1477 3955 oderunt.
1511 3927 1536 3951 ι)

193 3985 340 4058 Opto
375 3989 442 4040 ut
472 3984 685 4056 punias
702 4001 820 4051 eos,
841 3989 897 4039 ct
917 4001 1048 4040 vere
1072 3986 1423 4059 facies,quia
1443 3993 1507 4043 tu
1541 4010 1568 4041 α
1599 3998 1780 4062 po'ncs

131 4092 220 4130 eos
276 4075 336 4130 in
398 4073 699 4129 clibanum
760 4073 970 4145 ignis»
1003 4075 1062 4129 id
1121 4081 1230 4144 est,
1266 4076 1490 4133 similes
1547 4079 1778 4134 clibano

133 4162 278 4235 ignis
301 4181 314 4219 :
341 4163 482 4236 quia
495 4162 648 4218 sicut
667 4161 935 4218 clibanus
959 4163 1204 4218 interius
1226 4165 1487 4220 continet
1507 4167 1776 4222 ardorem

135 4249 298 4324 ignis,
331 4252 418 4307 ita
446 4251 544 4307 isti
575 4250 876 4306 continent
903 4251 963 4306 in
1011 4268 1074 4306 se
1123 4253 1392 4308 ardorem
1437 4254 1602 4309 mala:
1634 4273 1778 4310 con-

136 4340 381 4397 scientia:
413 4357 555 4396 81133.
589 4341 773 4396 Pones
806 4341 936 4396 dico
971 4367 994 4390 «
1017 4341 1076 4396 in
1111 4347 1372 4414 tempore
1401 4343 1599 4399 vultus
1629 4344 1773 4414 tui,»

136 4427 189 4484 id
219 4435 329 4502 est,
361 4431 423 4486 in
454 4430 548 4486 die
564 4429 776 4502 judicii
811 4431 870 4485 in
901 4447 1018 4503 quo
1049 4435 1112 4486 tu
1164 4433 1437 4489 ostendes
1484 4433 1777 4490 vultuosi-

137 4520 305 4575 tatem
351 4523 539 4588 tuam,
569 4519 628 4574 id
671 4523 762 4576 est
808 4519 957 4575 iram
1005 4523 1192 4575 tuam.
1224 4521 1327 4576 Vel
1359 4542 1386 4574 α
1414 4523 1474 4578 in
1517 4528 1780 4596 tempore

137 4606 324 4664 vultus
380 4609 470 4664 tui
501 4624 530 4656 π
562 4607 622 4663 in
679 4625 796 4680 quo
855 4612 920 4664 tu
981 4610 1254 4666 ostendes
1303 4612 1421 4667 tuis
1463 4614 1778 4685 perfectam

1888 3449 2030 3504 tina.
2054 3449 2358 3520 Susceptio
2376 3449 2668 3506 matutina
2686 3449 2778 3506 hic
2799 3453 3086 3525 accipitur
3106 3454 3322 3512 Christi
3353 3475 3543 3514 resur—

1888 3537 2088 3604 rectio,
2105 3538 2256 3592 facta
2284 3538 2518 3610 quando
2539 3555 2751 3610 corpus
2774 3543 3152 3614 corruptibile
3182 3548 3441 3620 suscepit
3460 3548 3542 3603 in-

1889 3626 2412 3698 corruptionem,et
2434 3627 2677 3683 mortale
2693 3629 3198 3688 immortalitatem
3216 3636 3264 3703 (l
3273 3639 3398 3693 Cor.
3419 3639 3538 3706 xv).

1890 3716 1996 3771 Per
2024 3715 2174 3771 hanc
2222 3717 2656 3788 susceptionem
2701 3717 2916 3774 Christi
2967 3720 3256 3780 habemus
3303 3725 3541 3781 certitu-

1889 3806 2088 3861 dinem
2110 3809 2321 3859 nostrze
2354 3805 2766 3876 susceptionis.
2801 3809 2964 3874 Quod
2997 3813 3194 3864 autem
3238 3811 3544 3868 Dominica

1889 3892 2277 3964 susceptio,id
2313 3897 2403 3947 est
2431 3894 2992 3954 resurrectio.mane
3015 3897 3126 3950 fuit
3169 3898 3320 3954 facta
3354 3917 3542 3956 sacra-

1887 3987 2154 4038 mentum
2187 3985 2296 4046 est,
2319 3981 2458 4052 quia
2487 3997 2592 4051 per
2621 3981 2728 4036 hoc
2750 3982 2925 4036 datur
2944 3981 3382 4058 intelligi,quod
3415 3989 3544 4060 ipsa

1886 4076 1975 4126 est
2004 4069 2360 4142 principium
2391 4073 2604 4123 nostra:
2636 4070 3100 4140 resurrectionis,
3121 4077 3178 4128 et
3199 4073 3326 4146 ipsa
3347 4094 3542 4132 resur-

1886 4159 2063 4215 rectio
2097 4162 2281 4212 totum
2312 4157 2602 4211 mundum
2633 4156 2990 4216 illuminavit
3021 4177 3034 4216 :
3069 4161 3226 4218 sicut
3255 4164 3340 4219 sol
3373 4181 3546 4222 mane

1883 4248 2076 4305 oriens
2096 4243 2379 4316 paulatim
2403 4245 2688 4314 ascendit,
2711 4251 2776 4301 ut
2801 4251 2990 4305 totum
3014 4253 3304 4308 mundum
3328 4253 3552 4310 illumi-

1885 4341 2002 4392 net.
2036 4337 2104 4391 Et
2136 4333 2228 4388 hic
2260 4331 2526 4404 psalmus
2559 4351 2664 4406 pro
2693 4337 3068 4408 susceptione
3089 4343 3386 4398 matutina
3402 4343 3544 4416 agit,

1886 4426 2028 4499 quia
2057 4439 2266 4480 novam
2297 4421 2466 4478 nobis
2499 4422 2935 4480 institutionem
2960 4430 3550 4503 proponit.Proponit

1887 4514 2044 4570 enim
2075 4512 2374 4568 hominem
2419 4511 2652 4581 justum
2701 4511 3046 4570 derelictum
3096 4521 3155 4572 et
3194 4535 3458 4590 passum,
3492 4523 3550 4574 et

1887 4603 2062 4660 etiam
2087 4600 2332 4674 gloriam
2353 4599 2455 4654 Dei
2497 4599 2684 4655 Patris
2707 4617 2884 4671 quam
2917 4601 3152 4658 exhibet
3176 4606 3228 4660 ei
3278 4605 3549 4663 Christus

141 4697 520 4768 cognitionem
553 4698 873 4769 praesentiae
902 4701 1036 4753 tuae.
1070 4698 1351 4756 Clibanus
1399 4706 1508 4770 est,
1540 4702 1783 4774 quicun-
1812 4713 1861 4778 1)
1892 4689 2376 4778 PBSUSCithSJD
2409 4705 2523 4760 (Ιυο
2547 4688 2724 4778 em}?
2742 4691 3192 4747 commendatur
3221 4695 3548 4766 assumptio

143 4796 248 4852 que
272 4785 501 4854 furnus,
525 4784 612 4842 vel
636 4785 867 4858 proprie
887 4803 988 4841 vas
1005 4787 1160 4858 quod
1184 4787 1421 4844 calescit
1449 4789 1509 4845 in
1541 4792 1694 4864 igne,
1721 4797 1787 4848 ut

145 4871 344 4928 subtus
375 4873 775 4946 coquatur,vel
797 4873 1022 4946 aliquid
1053 4874 1168 4930 tale
1191 4892 1204 4929 :
1228 4881 1286 4930 et
1317 4877 1413 4932 ille
1434 4878 1588 4934 idem
1625 4907 1648 4932 ε(
1682 4882 1786 4937 Do-

146 4958 335 5015 minus
366 4977 393 5008 ιι
425 4963 526 5034 qui
558 4962 752 5032 posuit
784 4980 882 5019 eos
913 4967 977 5018 ut
1023 4963 1320 5020 clibanum
1354 4984 1378 5008 ‹‹
1411 4970 1786 5024 conturbabit

149 5062 237 5103 eos
283 5049 342 5104 in
384 5051 471 5106 ira
520 5069 630 5108 sua
663 5069 685 5094 ι)
731 5068 867 5106 cum
919 5051 1122 5107 dicet:
1158 5053 1316 5122 «Ite,
1370 5055 1664 5112 maledicti
1725 5058 1784 5112 in

151 5130 333 5203 ignem
365 5143 646 5193 internum
679 5137 881 5209 (Matth.
915 5139 1066 5210 xxv).
1097 5157 1124 5187 ι)
1158 5142 1281 5206 Qua
1311 5141 1447 5197 data
1495 5145 1788 5201 sententia

153 5235 274 5276 mox
306 5247 328 5272 «
361 5225 679 5295 devorabit,
713 5243 739 5273 ο
791 5228 846 5282 id
893 5233 1001 5293 est,
1051 5230 1348 5300 torquebit
1376 5249 1404 5280 α
1433 5249 1532 5288 eos
1571 5234 1724 5306 ignis
1759 5260 1780 5288 ι

155 5312 481 5369 materialis.
513 5315 659 5370 Cum
691 5316 834 5371 dicit
867 5316 1040 5388 ignis,
1074 5321 1237 5372 notat
1286 5335 1472 5394 genus
1510 5324 1786 5378 tormenti

158 5400 296 5466 quod
315 5401 560 5458 interius
589 5409 842 5477 torquet.
877 5428 907 5454 «
939 5405 1124 5461 Pones
1151 5424 1249 5461 eos
1271 5413 1337 5462 ut
1358 5408 1712 5480 clibanum,»
1733 5417 1790 5468 et

157 5485 320 5545 etiam
338 5507 362 5532 οι
375 5492 580 5562 perdes
605 5494 916 5561 fructum,»
939 5495 993 5548 id
1016 5499 1104 5550 est
1121 5497 1271 5550 bona
1288 5514 1463 5568 opera
1485 5515 1512 5546 α
1527 5518 1786 5569 eorum,»

158 5583 364 5633 remota
409 5597 432 5621 α
465 5597 498 5635 a
527 5586 680 5638 terra
705 5602 729 5624 ιι
773 5583 1095 5639 viventium
1131 5601 1143 5637 :
1177 5601 1311 5639 cum
1373 5603 1505 5641 vero
1556 5589 1793 5644 desiste-

161 5670 276 5720 rent
305 5683 338 5721 a
365 5669 536 5738 bono,
572 5673 967 5744 perdebantur
995 5674 1148 5728 bona
1178 5689 1352 5745 opera
1399 5691 1624 5744 eorum,
1653 5677 1794 5749 quia

161 5748 282 5812 licet
305 5755 521 5822 faciant
551 5760 790 5838 aliquod
821 5761 1144 5822 remedium
1192 5779 1394 5836 pinnae,
1431 5781 1548 5823 non
1596 5748 1792 5830 tamen

1897 4777 2362 4850 matutina,quia
2386 4781 2622 4849 pr0pter
2646 4776 2806 4832 illam
2841 4781 3309 4850 assumptionem
3337 4783 3402 4837 ﬁt
3431 4782 3552 4856 glo-

1897 4868 2142 4924 riticatio
2159 4865 2260 4920 illa
2288 4869 2409 4920 tota
2438 4865 2558 4920 Dei.
2578 4865 2763 4919 Habet
2787 4865 2904 4921 alia
2919 4866 3244 4932 translalio,
3261 4887 3363 4942 pro
3385 4887 3552 4928 cerva

1896 4957 2279 5023 matutina,et
2309 4959 2448 5009 tunc
2481 4953 2868 5026 intelligimus
2918 4973 3022 5028 per
3067 4973 3297 5013 cervam
3337 4959 3550 5016 huma-

1896 5047 2140 5102 nitatem
2173 5043 2410 5111 Christi,
2445 5060 2572 5114 qua:
2606 5048 2876 5099 naturam
2905 5045 3054 5100 cervi
3085 5045 3551 5120 habuit,quiain

1899 5152 2072 5191 mano
2103 5133 2219 5189 ista
2239 5131 2434 5188 lutosa
2457 5131 2737 5186 deseruit.
2757 5133 3050 5188 Institutio
3075 5151 3223 5190 nova
3243 5135 3300 5190 in
3323 5136 3552 5194 Christo

1897 5224 2185 5296 fuit,quia
2215 5227 2349 5278 ante
2382 5221 2678 5278 Christum
2713 5222 2866 5278 Deus
2884 5223 3064 5294 justis
3086 5228 3367 5296 tanquam
3397 5225 3556 5279 infir-

1900 5315 2011 5370 mis
2056 5311 2403 5384 temporalia
2433 5312 2586 5366 bona
2633 5329 3006 5368 remunerare
3056 5314 3299 5369 solebat.
3323 5314 3555 5371 Christo

1899 5409 2116 5470 autem,
2145 5418 2278 5456 cum
2304 5400 3001 5470 omnibusjustioresset,
3028 5401 3374 5473 temporalia
3402 5403 3557 5459 bona

1899 5511 2014 5548 non
2057 5490 2283 5556 tribuit,
2320 5489 2420 5542 sed
2453 5489 2694 5543 adversa
2724 5489 2902 5560 hujus
2934 5491 3162 5559 mundi,
3191 5495 3256 5545 ut
3285 5491 3370 5546 sic
3401 5492 3558 5548 bona

1901 5579 2158 5637 cmlestia
2188 5577 2504 5643 obtineret;
2537 5579 2596 5630 et
2623 5593 2724 5646 per
2755 5577 2862 5632 hoc
2883 5578 3045 5632 dedit
3072 5577 3558 5653 intelligere,quia
3577 5602 3590 5616 ·

1893 5674 2018 5744 jam
2052 5672 2183 5740 post
2213 5665 2512 5720 Christum
2537 5665 2881 5736 temporalia
2901 5666 3054 5722 bona
3075 5667 3417 5726 hominibus
3439 5687 3556 5726 non

1901 5759 2320 5828 remuneraret,
2359 5751 2462 5814 sed
2517 5757 2747 5815 interna.
2786 5754 3030 5814 Materia
3077 5761 3175 5840 est
3221 5757 3562 5825 dominicus
