3914 6382
168 419 278 484 285

1342 423 1588 485 EXPLA
1601 424 1838 485 NATlO
1883 425 1960 486 IN
2011 427 2392 491 PSALMOS.

156 553 238 610 sic
275 606 285 633 ε
319 552 451 610 ideo
494 567 568 608 ne
614 551 976 622 discesseris,
1002 576 1030 604 α
1067 554 1346 627 quoniam
1378 559 1441 611 tu
1476 573 1537 612 es
1568 556 1669 629 qui
1719 573 1813 613 ex-
1844 558 1896 624 Α
1928 580 1956 607 ‹‹
1990 562 2271 631 tanquam
2299 565 2508 617 testa.»
2522 561 2622 617 Vcl
2645 585 2673 612 «
2697 563 2852 619 aruit
2879 569 3164 636 tanquam
3196 569 3366 634 testa,
3394 587 3422 614 ››
3445 567 3591 639 quia

160 667 184 693 ‹‹
215 640 437 700 traxisti
469 657 563 697 me
595 642 666 696 de
687 645 906 711 ventre,
935 665 962 692 ››
987 645 1127 715 quia
1151 649 1209 698 tu
1235 644 1394 700 solus
1419 651 1628 700 natura
1649 646 1811 700 nulla

159 732 461 803 adjuvante
492 730 681 786 fecisti
714 747 807 786 me
828 731 992 787 nasci
1019 749 1031 788 :
1059 733 1196 804 quia
1217 750 1352 789 cum
1385 734 1444 789 in
1476 735 1606 790 aliis
1628 735 1811 790 soleat

160 824 361 876 natura
388 820 617 892 operari
649 837 784 875 cum
816 821 1139 891 divinitate,
1174 822 1232 877 in
1265 823 1379 878 isto
1416 823 1539 879 solo
1571 827 1810 895 operata

161 908 447 979 divinitas,
471 926 590 965 non
614 913 828 964 natura
851 927 863 964 :
889 914 947 966 et
969 915 1206 983 propter
1226 911 1335 966 hoc
1358 930 1472 968 non
1495 913 1671 967 debes
1694 912 1808 968 dis-

157 998 368 1067 cedere,
395 999 675 1070 quouiam
698 1003 762 1054 tu
787 1016 848 1054 es
871 1022 898 1048 «
925 1015 1060 1072 spes
1084 1017 1215 1056 mea
1236 1018 1269 1055 a
1285 1003 1592 1073 juventute
1613 1018 1800 1070 mea,»

155 1087 211 1144 id
232 1090 316 1144 est
332 1103 466 1143 cum
490 1087 683 1142 adhuc
705 1103 974 1160 sugerem
998 1088 1398 1157 ubera,totam
1422 1108 1587 1163 spem
1610 1107 1802 1147 meam

155 1176 313 1250 posui
343 1175 405 1232 in
425 1179 503 1232 te.
520 1177 584 1232 In
616 1175 727 1232 hoc
747 1177 1000 1233 maxime
1022 1182 1183 1234 notat
1207 1179 1620 1251 perfectionem
1645 1178 1830 1236 Chri-V

156 1265 226 1321 sti
247 1281 260 1320 :
285 1269 340 1322 et
359 1269 600 1338 prepter
620 1265 730 1322 hoc
752 1265 965 1322 iterum
990 1284 1105 1322 non
1127 1268 1304 1324 debes
1327 1268 1646 1338 discedere,
1664 1270 1802 1342 quia

155 1377 182 1404 «
210 1356 502 1426 projectus
523 1371 657 1411 sum
681 1372 750 1411 ex
770 1360 994 1425 utero,»
1020 1356 1079 1411 id
1102 1361 1191 1412 est
1213 1373 1280 1412 ex
1302 1375 1418 1430 quo
1444 1375 1576 1413 sum
1601 1363 1798 1428 natus,

151 1441 276 1500 vilis
304 1443 542 1499 habitus
573 1460 706 1499 sum
729 1448 787 1500 et
806 1445 1218 1518 egenus,velut
1241 1447 1488 1518 quilibet
1511 1447 1797 1518 abjectus,

153 1531 364 1588 scilicet
409 1549 526 1588 non
573 1550 707 1589 sum
756 1535 1051 1606 projectus
1080 1535 1140 1588 in
1169 1536 1377 1603 Adam,
1412 1535 1635 1592 scilicet
1683 1554 1798 1593 non

151 1621 355 1694 recepit
375 1639 472 1678 me
505 1628 832 1694 peccatum,
858 1624 960 1680 sed
987 1648 1013 1674 «
1040 1624 1100 1679 in
1122 1628 1177 1679 te
1203 1647 1229 1673 ››
1253 1625 1354 1696 qui
1376 1642 1468 1680 me
1490 1625 1799 1682 custodisti

150 1710 466 1768 immunem
490 1712 564 1768 ab
586 1712 744 1769 omni
767 1718 1025 1784 peccato,
1048 1719 1284 1786 propter
1304 1715 1459 1786 quod
1485 1731 1598 1770 non
1623 1715 1799 1771 debes

148 1799 438 1857 discedere
459 1818 493 1856 a
513 1818 625 1858 me.
642 1803 712 1857 Et
734 1802 872 1858 item
897 1807 1133 1874 propter
1155 1802 1572 1874 hoc,quoniam
1599 1828 1623 1852 α
1651 1808 1713 1859 tu
1736 1822 1799 1860 es

145 1888 288 1945 Deus
306 1907 536 1961 meus,»
551 1891 608 1946 id
630 1895 720 1947 est
742 1892 944 1946 unitus
967 1908 979 1945 :
1001 1909 1117 1947 non
1135 1896 1366 1948 tantum
1385 1893 1621 1964 quando
1642 1896 1798 1965 pate-

142 1977 232 2034 bat
255 1996 356 2051 per
377 1978 687 2048 miracula,
705 1980 805 2036 sed
831 2003 857 2030 ‹‹
882 1981 952 2035 de
974 1985 1230 2047 ventre,»
1245 1981 1301 2036 id
1326 1985 1414 2036 est
1445 1998 1512 2036 ex
1533 1981 1634 2036 illo
1655 1986 1797 2036 tem-

141 2084 272 2139 pore
287 2068 347 2124 in
362 2086 479 2142 quo
497 2069 690 2125 adhuc
708 2086 868 2124 eram
886 2068 944 2124 in
959 2069 1333 2124 ventre.Cum
1351 2069 1581 2125 invocat
1599 2088 1668 2125 ne
1682 2070 1796 2125 dis-

143 2158 581 2232 cesseris,ponit
602 2159 1070 2230 deprecationem
1102 2162 1305 2214 contra
1335 2158 1794 2214 derelictionem-

207 2247 364 2321 Rogo
395 2265 470 2303 ne
502 2248 790 2314 discedas,
816 2252 873 2303 et
903 2266 1052 2321 opus
1091 2253 1198 2316 est,
1227 2271 1253 2297 ››
1277 2249 1564 2316 Quoniam
1604 2249 1790 2305 tribu-

139 2333 270 2392 latio
302 2336 571 2409 proxima
600 2341 708 2407 est,
733 2360 761 2388 »
797 2338 853 2392 id
900 2343 990 2393 est
1028 2339 1157 2410 jam
1189 2337 1334 2393 mihi
1367 2338 1655 2394 imminet.
1688 2337 1790 2394 Vel

140 2426 414 2496 proxima,
451 2425 591 2500 quia
622 2426 681 2481 in
723 2443 856 2482 mea
903 2426 1137 2500 propria
1185 2444 1437 2500 persona
1483 2432 1592 2483 est.
1628 2428 1791 2493 Quod

137 2515 285 2570 enim
317 2515 386 2571 ﬁt
417 2516 481 2572 in
511 2517 685 2572 rebus
730 2517 950 2572 nostris
997 2516 1086 2573 vel
1138 2517 1365 2584 amicis,
1390 2516 1789 2588 propinquum

137 2607 246 2672 est;
272 2605 430 2677 quod
455 2609 651 2662 autem
675 2605 735 2660 in
757 2605 927 2662 nobis
951 2606 1116 2680 ipsis,
1145 2606 1478 2679 proximum
1502 2611 1608 2661 est.
1645 2609 1789 2662 Item

136 2697 365 2765 prepter
421 2693 534 2750 hoc
578 2711 726 2767 opus
786 2699 895 2764 est,
921 2719 948 2746 «
976 2697 1256 2767 quoniam
1308 2713 1423 2751 non
1473 2700 1563 2752 est
1586 2719 1614 2744 ››
1637 2695 1788 2751 alius

136 2801 161 2829 «
191 2782 287 2853 qui
319 2783 580 2855 adjuvet.
609 2807 636 2834 »
659 2783 761 2840 Hic
793 2784 1002 2856 incipit
1034 2785 1105 2840 de
1137 2785 1428 2856 passione.

198 2869 349 2927 Bene
380 2871 534 2941 dico,
560 2873 718 2945 quod
743 2871 1043 2928 tribulatio
1074 2873 1340 2944 proxima
1361 2876 1473 2941 est,
1505 2874 1787 2944 quoniam

131 2957 286 3014 vituli
306 2959 542 3029 multi,»
562 2960 618 3016 id
638 2964 726 3016 est
747 2960 1063 3015 multitudo
1085 2959 1287 3031 populi
1307 2960 1538 3016 Judaici
1556 2961 1656 3032 qui
1679 2961 1790 3016 las-

131 3046 416 3106 civiebant
448 3052 654 3104 contra
682 3048 1004 3115 Christum,
1039 3048 1200 3103 nullo
1234 3049 1555 3120 compressi
1591 3049 1739 3120 jugo
1770 3067 1782 3106 :

131 3142 326 3195 contra
341 3154 482 3193 eum
502 3136 830 3192 sicutvituli
849 3135 1338 3208 lasciviunt,quos
1356 3137 1618 3192 nondum
1637 3154 1790 3193 com-

133 3225 326 3295 primit
337 3227 581 3300 jugum.
607 3224 674 3281 Hi
698 3225 845 3282 tales
866 3225 1030 3281 vituli
1054 3249 1081 3276 ‹‹
1109 3225 1624 3281 circumdederunt
1645 3243 1738 3282 me
1760 3249 1786 3276 »

1920 647 2073 702 sicut
2115 652 2269 704 testa
2299 651 2706 708 combustione
2761 652 3003 709 solidior
3044 659 3100 709 et
3150 654 3357 710 fortior
3385 656 3470 723 ﬁt,
3505 655 3590 728 ita

1917 736 2124 804 virtus,
2152 738 2363 795 Christi
2392 740 2525 813 igne
2547 741 2841 813 passionis
2862 744 3264 816 comprobata,
3287 744 3586 802 robustior

1918 825 2190 895 apparuit
2215 842 2264 881 ;‹‹
2289 827 2358 882 Et
2389 827 2594 901 lingua
2625 845 2757 886 mea
2787 831 3034 888 adhmsit
3065 831 3344 890 faucibus
3363 833 3532 905 meis,
3551 855 3583 885 »

1916 911 1974 966 id
2007 917 2114 980 est,
2148 914 2245 986 qui
2287 914 2451 987 prius
2503 917 2765 974 solebam
2791 919 3017 988 docere,
3053 921 3331 991 conticui,
3356 925 3422 978 ut
3471 938 3582 980 nec

1917 998 2100 1056 Pilato
2144 1001 2526 1076 interroganti
2561 1008 2973 1078 responderem
3009 1009 3212 1080 (Matth.
3243 1012 3441 1079 xxvn).
3465 1011 3578 1068 Po-

1913 1091 2028 1144 test
2057 1089 2167 1144 hoc
2200 1092 2440 1163 quidam
2491 1093 2604 1166 legi
2657 1095 2728 1150 ad
2772 1095 3134 1169 allegoriam,
3161 1099 3430 1172 quamvis
3476 1100 3574 1158 h‘ic

1911 1177 2107 1234 locum
2139 1196 2256 1234 non
2297 1180 2504 1251 habet;
2530 1183 2615 1238 sic
2641 1183 2895 1256 «lingua
2933 1199 3122 1256 mea,»
3144 1187 3204 1243 id
3224 1193 3314 1245 est
3357 1190 3572 1262 praedi-

1913 1271 2138 1323 catores
2157 1268 2292 1337 mei,
2309 1286 2413 1341 per
2424 1287 2573 1342 quos
2592 1287 2698 1344 ego
2715 1271 2963 1345 loquor«
2979 1276 3224 1332 adhaesit
3241 1277 3585 1348 faucibus,»-

1913 1354 1970 1409 id
1994 1359 2083 1410 est
2103 1356 2323 1411 sanctis
2347 1358 2686 1431 Scripturis,
2703 1363 3030 1418 secundum
3053 1380 3201 1436 quas
3227 1365 3339 1438 ipsi
3361 1367 3571 1439 prsidi-

1912 1449 2212 1500 caverunt.
2247 1446 2562 1518 Scripturae
2594 1448 2875 1504 dicuntur
2917 1450 3115 1508 fauces
3145 1452 3270 1522 Dei,
3304 1455 3442 1526 quia
3471 1473 3574 1528 per

1912 1548 2010 1586 eas
2041 1533 2378 1606 incorporat
2409 1535 2521 1590 sibi
2555 1535 2803 1608 aliquos,
2829 1539 2984 1594 sicut
3020 1556 3124 1612 per
3150 1542 3349 1599 fauces
3379 1543 3577 1600 bellua

1910 1621 2021 1678 sibi
2053 1623 2390 1696 incorporat
2419 1624 2709 1698 aliquid.«
2734 1629 2804 1683 Et
2824 1629 3118 1686 deduxisti
3154 1646 3248 1686 me
3279 1629 3341 1686 in
3373 1630 3573 1703 pulve-

1913 1727 2033 1765 rem
2067 1711 2296 1781 mortis,
2325 1736 2352 1762 ››
2376 1713 2434 1769 id
2466 1719 2556 1770 est
2586 1715 2866 1788 redegisti
2905 1733 2999 1774 me
3039 1718 3100 1773 in
3141 1717 3437 1790 pulverem
3469 1727 3575 1792 per

1910 1804 2181 1868 mortem,
2209 1819 2323 1856 non
2347 1803 2504 1873 quod
2527 1819 2740 1875 corpus
2763 1807 2892 1877 ejus
2915 1809 3300 1878 putresceret,
3321 1809 3425 1864 sed
3445 1809 3574 1882 pul-

1907 1903 2098 1944 verem
2132 1890 2348 1962 accipit
2377 1892 2769 1963 quodcunque
2799 1909 3012 1966 corpus
3059 1899 3374 1967 postquam
3410 1913 3568 1954 mor-

1903 1980 2073 2032 tuum
2102 1983 2208 2046 est,
2225 1979 2399 2049 juxta
2421 1981 2598 2036 verba
2619 1997 2748 2052 quae
2769 1981 3056 2039 Dominus
3078 1983 3220 2039 dicit
3242 1985 3313 2040 ad
3335 1986 3522 2043 Adam
3549 2003 3564 2046 :

1905 2088 1931 2114 ‹‹
1957 2065 2116 2122 Cinis
2138 2083 2221 2135 es,
2245 2072 2304 2122 et
2333 2067 2392 2121 in
2427 2083 2695 2125 cenerem
2737 2071 3043 2127 reverteris
3069 2072 3225 2142 (Gen.
3249 2077 3395 2143 111),»
3418 2075 3584 2148 dans-

1903 2155 2295 2211 universalcm
2342 2157 2696 2213 sententiam
2727 2159 2797 2214 de
2828 2159 2988 2214 omni
3019 2159 3282 2217 humana
3330 2166 3564 2222 natura.

1903 2243 2032 2300 Haec
2063 2245 2354 2301 sententia
2404 2263 2536 2302 vera
2583 2253 2673 2303 est
2713 2247 2830 2304 illis
2881 2249 2983 2320 qui
3031 2249 3144 2305 vivi
3195 2250 3568 2308 invenientur

1901 2349 2036 2389 cum
2068 2334 2356 2390 Dominus
2385 2336 2611 2392 venerit
2635 2337 2904 2408 judicare
2929 2356 2942 2394 :
2966 2337 3106 2410 quia
3142 2338 3278 2395 licet
3307 2357 3423 2396 non
3455 2357 3565 2412 pu-

1900 2423 2154 2492 treﬁant,
2179 2427 2376 2479 tamen
2399 2423 2458 2478 in
2481 2423 2610 2497 ipso
2632 2430 2804 2498 raptu
2828 2427 3220 2483 movebuntur
3235 2427 3329 2484 vel
3357 2427 3418 2484 in
3439 2428 3566 2501 pul-

1899 2529 2115 2579 verem,
2145 2513 2472 2569 secundum
2514 2514 2852 2587 opinionem
2893 2516 3255 2573 Judaeorum.
3280 2517 3478 2574 Potest
3503 2522 3564 2576 et

1899 2600 2008 2656 hoc
2040 2601 2350 2674 allegorice
2382 2601 2518 2676 legi,
2543 2605 2643 2660 sed
2676 2603 2772 2659 hic
2804 2621 2922 2662 non
2952 2605 3129 2662 habet
3155 2605 3391 2664 locum:
3417 2629 3446 2659 κ
3469 2608 3565 2665 de-

1899 2689 2118 2745 duxisti
2151 2707 2246 2745 me
2278 2713 2306 2740 »
2339 2708 2444 2763 per
2483 2692 2957 2764 praedicationem
2997 2711 3263 2752 meorum
3286 2718 3315 2748 «
3336 2695 3397 2752 in
3428 2696 3561 2769 pul-

1896 2795 2092 2833 verem
2125 2779 2406 2847 mortis,»
2432 2779 2490 2834 id
2523 2784 2612 2836 est
2642 2781 2700 2835 in
2733 2781 3004 2853 gentiles,
3028 2783 3132 2854 qui
3159 2782 3350 2855 pulvis
3371 2790 3560 2856 erant,

1898 2866 2122 2922 scilicet
2154 2884 2271 2922 non
2303 2866 2559 2939 colligati
2591 2868 2822 2925 vinculo
2854 2871 2990 2926 fidei
3026 2870 3113 2928 vel
3142 2871 3470 2943 charitatis,
3504 2877 3566 2932 et

1898 2954 2114 3008 mortui
2145 2954 2205 3008 in
2239 2955 2516 3026 peccatis.

1968 3041 2097 3097 Haec
2141 3043 2341 3100 omnia
2387 3043 2543 3100 mala
2589 3044 2718 3101 ideo
2768 3051 3056 3103 venerunt
3081 3071 3108 3100 «
3134 3037 3413 3121 quoniam
3444 3049 3558 3106 cir-

1896 3132 2324 3189 cumdederunt
2371 3149 2466 3188 me
2513 3149 2688 3190 canes
2734 3134 2927 3205 multi,
2959 3159 2986 3186 »
3010 3136 3070 3192 id
3099 3141 3190 3194 est
3218 3137 3431 3205 Judaai,
3455 3139 3564 3212 qui'

1894 3221 2173 3275 dicuntur
2195 3237 2392 3290 canes,
2406 3222 2566 3294 quia,
2583 3223 2737 3280 sicut
2757 3242 2951 3294 canes,
2970 3225 3234 3283 illatrant
3254 3227 3559 3284 irrational-

132 3329 192 3368 cx
220 3331 334 3388 quo
368 3316 742 3386 incmperunt
768 3331 957 3387 usque
987 3314 1045 3369 in
1079 3315 1267 3386 ipsam
1300 3318 1547 3370 mortem
1572 3338 1598 3363 «
1632 3313 1785 3370 tauri
1817 3299 1860 3366 C
1900 3309 2094 3365 biliter
2127 3327 2138 3365 :
2174 3310 2312 3382 quia
2340 3311 2390 3366 si
2420 3311 2656 3368 videant
2692 3313 2998 3371 insolitum
3028 3315 3273 3388 aliquid,
3296 3317 3473 3373 etiam
3505 3317 3564 3387 si;

133 3402 431 3477 pingues,»
452 3403 512 3459 id
536 3408 624 3459 est
646 3404 757 3476 ipsi
783 3403 1075 3476 principes
1097 3407 1302 3460 contra
1322 3403 1618 3458 Christum
1647 3404 1784 3459 fero-

133 3507 219 3548 ces
235 3517 260 3542 ‹‹
281 3494 644 3550 obsederunt
665 3510 814 3561 me,»
830 3494 886 3548 id
908 3498 997 3548 est
1019 3510 1183 3549 mora
1206 3498 1261 3549 et
1283 3492 1527 3548 consilio
1549 3493 1789 3564 quaesie-

131 3585 258 3640 runt
279 3599 374 3638 me
397 3586 586 3638 morte
608 3598 963 3655 expugnare,
991 3583 1062 3637 ad
1088 3582 1329 3637 modum
1363 3581 1783 3637 obsidentium.

192 3670 260 3726 Et
287 3671 348 3726 hi
379 3671 723 3728 obsidentes
746 3675 803 3727 et
830 3671 1265 3726 circumdantes
1289 3695 1315 3721 «
1345 3675 1700 3743 aperuerunt
1722 3687 1785 3728 os

130 3773 354 3829 suum,»
376 3760 438 3817 id
466 3765 558 3817 est
588 3760 778 3816 multa
805 3759 986 3816 locuti
1020 3765 1161 3816 sunt
1184 3784 1210 3810 ‹‹
1236 3777 1413 3832 super
1433 3778 1583 3829 me,»
1608 3761 1664 3815 id
1698 3764 1786 3816 est

129 3847 192 3902 ad
224 3865 414 3905 meam
450 3849 916 3920 depressionem,
944 3873 972 3900 «
1007 3849 1160 3905 sicut
1202 3849 1290 3905 leo
1335 3850 1568 3921 rapiens
1598 3853 1656 3905 et
1684 3867 1782 3906 ru-

126 3933 281 4006 giens
304 3961 333 3988 »
363 3941 712 4011 rapuerunt,
736 3955 871 3994 cum
901 3942 1034 3994 ante
1055 3938 1319 4010 judicem
1351 3942 1672 3994 traxerunt.

187 4023 408 4083 Deinde
441 4050 470 4078 ‹‹
507 4027 728 4083 effusus
760 4044 916 4096 sum,
945 4050 972 4076 ››
1004 4026 1064 4083 id
1105 4032 1194 4083 est
1224 4027 1454 4083 occisus
1486 4045 1617 4083 sum
1649 4028 1782 4083 fun-

125 4112 303 4172 dendo
335 4116 694 4192 sanguinem
726 4117 784 4172 in
819 4116 1017 4174 latere.
1052 4117 1123 4172 Et
1152 4117 1260 4172 hoc
1292 4123 1381 4173 est
1410 4118 1568 4189 quod
1601 4116 1776 4172 dicit:

124 4223 150 4250 ‹‹
180 4203 328 4262 sicut
375 4223 554 4280 aqua.
582 4229 610 4256 »
634 4208 703 4262 Et
734 4207 881 4262 bene
933 4210 1236 4278 comparat
1285 4210 1534 4261 mortem
1565 4203 1781 4260 Christi

126 4293 309 4350 eii‘usai
338 4313 532 4368 aquae,
557 4295 694 4368 quia
717 4295 873 4352 sicut
893 4297 1080 4352 effusa
1109 4312 1262 4367 aqua
1282 4299 1450 4367 parat
1470 4293 1701 4349 ruinam
1724 4296 1782 4350 et

126 4380 290 4441 etiam
321 4384 498 4454 lavat,
522 4385 606 4441 ita
635 4401 795 4441 mors
820 4383 1036 4440 Christi
1059 4384 1421 4456 quibusdam
1444 4386 1534 4438 est
1563 4383 1635 4438 ad
1667 4383 1781 4439 rui-

125 4473 652 4546 nam,quibusdam
683 4473 922 4529 abolitio
949 4490 997 4529 :«
1022 4474 1093 4528 Et
1115 4474 1383 4545 dispersa
1413 4477 1554 4527 sunt
1582 4471 1781 4528 omnia

125 4573 250 4617 ossa
279 4579 429 4632 mea,
459 4586 487 4614 ››
511 4563 571 4619 id
594 4567 684 4620 est
713 4561 982 4636 apostoli,
1007 4562 1107 4635 qui
1140 4562 1690 4636 robustioreslerant
1718 4561 1778 4616 in

125 4661 354 4722 corpore
388 4651 630 4710 Christi.
1808 4669 1856 4735 ι)

189 4736 256 4793 Et
277 4761 305 4790 «
328 4756 430 4796 cor
454 4756 718 4810 meum,»
741 4740 800 4796 id
841 4744 932 4797 est
970 4741 1240 4796 doctrina
1281 4757 1434 4812 mea,
1461 4741 1520 4795 in
1545 4758 1661 4813 qua
1683 4758 1778 4796 ex-

124 4827 352 4894 ponitur
378 4829 657 4886 voluntas
701 4847 853 4899 mea,
889 4853 918 4881 «
954 4833 1043 4885 est
1074 4830 1293 4885 factum
1335 4836 1618 4902 tanquam
1648 4847 1781 4886 cera

124 4909 469 4988 liquescens,
496 4940 526 4969 ››
548 4918 606 4975 id
641 4922 732 4975 est
761 4936 898 4975 cum
921 4923 1093 4975 antea
1117 4923 1273 4974 esset
1303 4917 1492 4974 solida
1522 4922 1580 4974 et
1611 4920 1781 4974 firma

125 4999 178 5057 in
206 5005 349 5077 ipsis
382 5008 687 5082 apostolis,
715 5008 851 5082 igne
877 5009 1173 5081 passionis
1197 5007 1428 5063 defecit.
1454 5008 1600 5063 Cum
1623 5009 1780 5064 enim

124 5090 398 5152 vidissent
431 5113 568 5154 eum
613 5103 804 5155 morte
832 5098 1038 5166 teneri,
1061 5098 1411 5154 diffidebant
1442 5099 1514 5153 de
1545 5115 1654 5153 sua
1679 5099 1783 5154 do-

128 5182 304 5240 ctrina
328 5202 341 5242 :
368 5191 425 5242 et
445 5187 507 5242 in
532 5187 735 5261 paucis
759 5204 874 5243 non
909 5187 1140 5256 defecit,
1166 5187 1267 5242 sed
1292 5209 1319 5237 ‹‹
1347 5186 1405 5241 in
1437 5187 1651 5255 mediO,
1673 5212 1699 5236 υ
1723 5187 1783 5242 id

127 5274 208 5326 est
228 5272 284 5328 in
309 5277 612 5332 communi
637 5299 666 5328 «
693 5277 914 5333 ventris
945 5276 1084 5345 mei,
1110 5299 1136 5326 »
1160 5276 1218 5332 id
1251 5281 1342 5332 est
1374 5294 1514 5332 metu
1548 5294 1780 5346 congre-

129 5361 389 5429 gationis.
410 5365 475 5422 In
498 5367 717 5438 quibus
742 5365 872 5423 ideo
897 5367 1126 5435 defecit,
1152 5365 1291 5438 quia
1321 5383 1455 5422 cum
1488 5367 1653 5439 prius
1677 5367 1786 5423 for-

132 5451 211 5505 tes
241 5451 512 5523 fuissent,
538 5458 712 5512 modo
752 5457 889 5513 facti
913 5461 1080 5514 erant
1098 5459 1317 5523 venter,
1345 5455 1401 5510 id
1427 5462 1515 5512 est
1554 5455 1782 5512 molles.

194 5539 260 5595 Et
289 5542 466 5599 etiam
489 5567 518 5595 ‹‹
550 5547 741 5603 virtus
783 5563 934 5616 mea,
959 5570 986 5596 »
1009 5563 1137 5619 quae
1167 5545 1334 5618 prius
1355 5545 1579 5602 virebat
1611 5545 1670 5600 in
1703 5546 1787 5602 eis

133 5627 264 5708 dum
311 5632 564 5691 facerem
615 5635 922 5706 miracula,
947 5637 1076 5709 ipsa
1103 5659 1131 5686 «
1157 5635 1313 5691 aruit
1337 5657 1366 5685 »
1389 5634 1698 5699 exsiccata,
1731 5638 1790 5692 et

132 5717 271 5779 nihil
297 5721 656 5783 valetudinis
686 5725 903 5792 habere
933 5724 1228 5800 apparuit,
1261 5727 1533 5802 reputate
1560 5723 1788 5802 fragilis

448 5851 726 5919 Paraon.
771 5852 975 5919 CXVI.

1897 3399 2119 3453 bonum
2139 3399 2223 3454 eis
2240 3401 2462 3466 afferat,
2478 3400 2769 3471 illa'trant;
2791 3403 2839 3458 si
2858 3404 3094 3460 videant
3111 3405 3564 3478 solitum,etian1-

1896 3487 1946 3542 si
1971 3487 2178 3544 inutile
2201 3489 2299 3559 sit,
2318 3489 2717 3562 applaudunt;
2744 3493 2824 3548 ita
2844 3493 3033 3549 Judaei
3055 3495 3384 3552 doctrinam
3400 3497 3561 3552 Chric-

1895 3577 1970 3646 sti
1994 3578 2261 3649 quamvis
2301 3579 2537 3648 bonam,
2563 3584 2761 3638 tamen
2794 3582 2936 3655 quia
2974 3582 3214 3640 insolita
3241 3590 3386 3656 erat,
3409 3587 3558 3658 reje-

1895 3670 2101 3722 cerunt
2132 3684 2144 3722 :
2177 3667 2226 3722 si
2259 3669 2586 3724 secundum
2620 3687 2789 3726 suam
2821 3670 3011 3745 legem
3043 3673 3420 3746 praedicasset
3449 3674 3556 3746 eis,

1894 3756 2237 3828 gauderent,
2264 3757 2406 3829 quia
2437 3775 2528 3814 res
2576 3759 2751 3815 solita
2799 3762 3069 3832 quamvis
3117 3761 3348 3819 inutilis
3377 3769 3554 3820 esset.

1895 3867 1922 3894 «
1948 3844 2273 3900 Concilium
2305 3846 2784 3919 malignantium,
2810 3871 2838 3898 »
2870 3849 2930 3904 id
2960 3854 3050 3905 est
3087 3850 3422 3922 principum
3453 3851 3566 3922 qui;

1893 3932 2039 3988 mihi
2070 3933 2223 3988 male
2254 3934 2546 4003 volebant,
2572 3959 2600 3986 ‹‹
2634 3935 2886 4005 obsedit,
2922 3952 3038 4006 me,
3066 3958 3095 3987 »
3117 3935 3177 3992 id
3199 3939 3288 3994 est
3309 3935 3555 3997 consilio

1892 4026 2141 4077 mortem
2173 4022 2460 4094 quaesivit.

1961 4111 2152 4165 Etiam
2183 4134 2209 4160 ‹‹
2247 4111 2520 4167 foderunt
2558 4129 2802 4182 manus;
2835 4135 2864 4162 »
2895 4111 3033 4170 licet
3079 4113 3237 4170 enim
3285 4132 3402 4172 non
3451 4133 3558 4188 per

1891 4199 2116 4270 seipsos
2143 4193 2418 4268 facerent,
2451 4203 2649 4257 tamen
2683 4201 2964 4259 dicuntur
2993 4202 3222 4273 fecisse,
3246 4203 3387 4276 quia
3414 4221 3556 4277 prte-

1890 4291 2058 4359 cepto
2079 4286 2342 4360 ipsorum
2367 4288 2563 4346 fiebat.
2580 4290 2789 4347 Melius
2805 4291 2960 4364 dixit
2981 4315 3009 4343 «
3027 4293 3349 4351 foderunt»
3373 4305 3553 4367 quam

1890 4377 2332 4445 transﬁxerunt,
2366 4377 2506 4448 quia
2536 4379 2691 4435 sicut
2720 4383 2877 4436 terra
2912 4382 3070 4438 fossa
3097 4383 3438 4452 fructiﬁcat,
3469 4382 3559 4441 ita;

1890 4465 1992 4520 illa
2013 4465 2192 4522 fossio
2211 4464 2395 4522 Chisti
2413 4464 2738 4523 maximum
2762 4468 3019 4525 fructum
3044 4471 3206 4528 dedit
3223 4488 3274 4527 :«
3297 4475 3356 4527 et
3375 4471 3553 4544 pedes

1891 4571 2054 4611 meos
2076 4578 2102 4606 »
2117 4555 2388 4611 foderunt
2408 4554 2643 4624 etiam,«
2659 4556 3181 4615 dinumeraverunt
3201 4559 3401 4615 omnia
3419 4575 3557 4617 ossa

1891 4661 2044 4716 mea,
2072 4667 2099 4694 ››
2123 4661 2240 4700 non
2281 4644 2439 4717 quod
2473 4643 2586 4716 ipsi
2627 4652 2972 4702 enumerare
3011 4651 3304 4718 curarent,
3335 4648 3440 4705 sed
3471 4649 3560 4706 sic

1890 4735 2281 4791 extenderunt
2310 4734 2467 4806 quod
2501 4750 2847 4791 enumerare
2877 4739 3216 4807 potuerunt.

1964 4824 2072 4879 Per
2097 4822 2241 4878 alios
2267 4823 2560 4892 foderunt,
2586 4825 2688 4880 sed
2712 4848 2738 4875 ‹‹
2763 4823 2878 4897 ipsi
2902 4847 2932 4875 »
2953 4824 3013 4880 in
3047 4825 3286 4899 propria
3305 4843 3557 4900 persona

1891 4913 2414 4970 consideraverunt
2435 4934 2464 4961 »
2483 4929 2550 4968 ea
2572 4929 2699 4984 qua:
2725 4914 2794 4970 de
2818 4931 2911 4970 me
2934 4915 3196 4971 fiebant«
3219 4920 3279 4973 et
3296 4916 3560 4989 inspexee

1893 5007 2031 5058 runt
2060 5019 2154 5058 me
2187 5025 2216 5051 »
2251 5001 2420 5074 quasi
2447 5018 2574 5063 rem
2610 5001 3059 5074 beneplacitam,
3093 5021 3197 5076 per
3225 5006 3380 5078 quod
3398 5009 3558 5062 nota-

1890 5096 1988 5146 tur
2017 5107 2220 5146 eorum
2256 5091 2478 5146 duritia
2506 5091 2762 5147 maxima
2794 5109 2806 5149 :
2834 5115 2860 5144 «
2886 5092 3221 5150 Diviserun’t
3245 5094 3358 5151 sibi
3377 5095 3557 5152 vesti~

1894 5185 2094 5236 menta
2125 5197 2256 5236 mea
2282 5203 2308 5230 ››
2341 5181 2412 5236 ad
2456 5179 2831 5250 derisionem,
2861 5205 2889 5232 «
2921 5186 2979 5238 et
3018 5198 3198 5255 super
3235 5182 3560 5255 quamdam

1892 5274 2112 5328 vestem
2129 5288 2382 5339 meam,»
2399 5270 2620 5326 scilicet
2635 5271 3049 5328 inconsutilem
3063 5273 3322 5330 tunicam
3335 5279 3554 5344 meam,

1898 5384 1924 5410 «
1960 5360 2252 5417 miserunt
2283 5363 2500 5416 sortem
2532 5360 2736 5428 (Matth.
2768 5378 2951 5430 xxvn;
2995 5363 3152 5419 Joan.
3190 5365 3375 5432 xvm).
3399 5384 3428 5413 »
3457 5359 3557 5418 Ala

1895 5450 2146 5523 legoriee
2194 5450 2411 5524 legitur
2457 5449 2540 5506 sic
2574 5467 2586 5507 :
2615 5473 2642 5502 «
2677 5450 3012 5508 Diviserunt
3058 5453 3172 5509 sibi
3210 5452 3560 5510 vestimenta

1897 5558 2050 5612 mea,
2079 5563 2108 5590 »
2127 5540 2184 5595 id
2220 5545 2309 5598 est
2354 5539 2708 5611 Scripturas,
2740 5542 2810 5598 de
2842 5542 3058 5614 quibus
3084 5542 3340 5600 haeretici
3371 5541 3559 5600 diver-

1897 5649 1994 5688 sas
2025 5635 2225 5704 partes
2257 5632 2577 5698 traxerunt,
2606 5633 2665 5686 et
2695 5646 2872 5704 super
2898 5633 3121 5690 vestem
3150 5648 3365 5705 meam,
3390 5632 3450 5689 id
3468 5635 3565 5693 est

1897 5723 2074 5784 fidem
2102 5719 2477 5791 catholicam,
2502 5725 2631 5794 quas
2659 5736 2894 5797 semper
2914 5721 3197 5782 manibus
3222 5721 3566 5800 integraret-

3193 5853 3236 5937 9.
