3914 6396
326 416 445 481 26⁷1

748 418 1160 481 HAYMONIS
1193 413 1742 478 HALBERSTAT.
1776 410 2021 476 EPISC.
2056 410 2229 476 OPP.
2267 410 2470 475 PARS
2503 410 2553 475 Ι.
2584 449 2663 458 -
2693 411 3107 476 COMMENT.
3132 410 3329 474 BIBL.

3631 404 3768 472 268

326 555 547 621 manet,
573 575 601 603 ‹‹
636 551 924 607 miserunt
952 554 1190 616 sortem,
1219 573 1243 596 »
1267 547 1407 620 quia
1437 547 1823 620 intelligimus
1855 563 1984 602 eam
2014 548 2067 615 Α
2099 546 2207 601 erit
2238 569 2266 595 «
2299 545 2359 601 in
2401 550 2739 619 conspectu,
2765 570 2792 596 »
2817 546 2872 600 id
2903 550 3012 614 est,
3037 545 3095 601 in
3122 545 3456 618 cognitione
3476 565 3504 594 ‹‹
3538 544 3767 601 timen-

326 655 431 715 per
459 640 649 698 solam
680 638 1052 695 dilectionem
1086 638 1231 693 dari.

399 729 519 803 Ipsi
541 728 688 785 mihi
709 728 791 783 ita
813 728 1096 795 fecerunt,
1117 728 1259 782 sed«
1280 730 1367 795 tu,
1385 726 1647 797 Domine,
1665 743 1736 782 ne
1758 726 1989 799 elonga-

327 819 480 877 veris
510 815 796 874 auxilium
826 819 996 871 tuum
1020 832 1053 871 a
1076 832 1225 883 me,»
1250 817 1309 871 id
1331 821 1421 872 est
1442 833 1513 871 ne
1532 815 1766 871 differas
1793 831 1985 870 meam

330 905 816 963 resurrectionem
849 921 1037 977 usque
1065 904 1123 958 in
1167 922 1542 960 communem
1573 904 1862 971 omnium,
1885 904 1987 958 sed

329 992 524 1068 potius
544 1016 573 1045 α
598 994 672 1050 ad
700 992 1101 1049 defensionem
1134 1009 1327 1049 meam
1363 994 1693 1066 conspice,»
1718 993 1773 1048 id
1811 997 1899 1048 est
1931 997 1987 1048 te

328 1083 641 1139 intendum
664 1082 909 1138 ostende
929 1098 1071 1137 mea
1094 1082 1400 1138 offensioni
1421 1081 1533 1138 cito
1558 1082 1985 1138 resuscitando.

398 1170 539 1228 Dico
561 1193 591 1223 ‹‹
613 1170 906 1242 conspice,
926 1192 953 1220 »
974 1164 1059 1227 ita
1082 1170 1305 1227 scilicet
1334 1171 1481 1226 mihi
1512 1171 1776 1227 faciendo
1800 1194 1828 1220 «
1851 1187 1988 1226 erue

329 1276 365 1317 a
391 1260 616 1317 framea
646 1260 904 1316 animam
936 1276 1188 1329 meam,»
1209 1260 1267 1315 id
1298 1265 1443 1317 esta
1475 1265 1660 1317 morte
1692 1278 1764 1315 ne
1796 1261 1987 1331 ipsam

326 1348 517 1422 possit
534 1348 808 1417 retinere,
824 1348 963 1403 licet
992 1353 1326 1420 separatam
1350 1366 1384 1404 a
1404 1365 1663 1421 corpore.
1681 1349 1836 1403 Mors
1858 1348 1987 1403 ideo

327 1438 548 1494 dicitur
565 1436 976 1508 framea,quia,
993 1437 1147 1492 sicut
1167 1438 1407 1505 framea,
1424 1438 1633 1493 dividit
1664 1436 1922 1492 animam
1956 1453 1991 1492 a

326 1543 569 1601 corpore
602 1542 616 1582 :
642 1549 669 1577 ‹‹
696 1531 752 1583 01
775 1527 846 1582 de
868 1544 1048 1583 manu
1070 1526 1292 1591 canis.»
1316 1526 1373 1581 id
1396 1532 1486 1583 est
1504 1527 1734 1583 Judaici
1765 1524 1985 1598 populi,

330 1633 470 1674 erue
491 1639 519 1668 ‹‹
543 1615 781 1673 unicam
808 1632 1022 1685 meam,
1050 1638 1077 1665 »
1102 1616 1159 1671 id
1181 1619 1270 1671 est
1300 1615 1560 1672 animam
1592 1631 1988 1687 meam,quam

328 1704 475 1763 dicit
494 1703 752 1772 unicam,
770 1704 910 1776 quia
932 1705 1063 1777 ipsa
1080 1722 1198 1760 una
1218 1703 1503 1760 immunis
1525 1722 1558 1760 a
1580 1709 1817 1777 peccato
1840 1704 1950 1759 fuit
1972 1720 1984 1760 :

329 1794 417 1853 sic
448 1792 656 1867 quarit
685 1793 831 1862 erui,
856 1797 923 1848 ut
955 1810 1069 1849 non
1111 1793 1187 1848 sit
1223 1810 1357 1848 vera
1396 1794 1594 1865 opinio
1638 1809 1860 1862 eorum,
1889 1809 1992 1865 per

330 1900 511 1956 quam
543 1882 656 1955 ipsi
688 1880 1103 1939 existimabant
1133 1898 1268 1937 eum
1300 1882 1359 1936 in
1392 1886 1577 1937 morte
1609 1882 1879 1938 detineri.

404 1970 687 2029 Similiter
708 1994 736 2021 ‹‹
760 1969 919 2025 801νο
940 1986 1034 2025 1110
1054 1987 1123 2026 ex
1142 1987 1240 2025 ore
1266 1970 1510 2038 leonis,»
1535 1971 1592 2026 id
1616 1978 1723 2039 est,
1750 1971 1988 2040 diaboli,

331 2060 435 2134 qui
456 2059 758 2116 Christum
778 2059 838 2114 in
862 2075 960 2114 ore
978 2058 1355 2127 habuit,dum
1378 2076 1513 2116 eum
1538 2077 1727 2132 usque
1749 2062 1823 2116 ad
1845 2078 1995 2115 mor-

331 2154 456 2205 tem
478 2147 738 2204 deduxit.
762 2147 834 2201 Et
861 2146 1021 2202 salva
1042 2170 1069 2195 ‹‹
1094 2146 1491 2203 humilitatem
1518 2165 1767 2218 meam,»
1792 2147 1845 2203 id
1881 2152 1989 2216 est,

335 2254 431 2293 me
452 2235 739 2292 humilem
762 2258 790 2285 ‹‹
811 2252 844 2290 0
866 2234 1202 2303 cornibus,»
1224 2234 1281 2290 id
1306 2240 1412 2304 est,
1439 2253 1472 2291 a
1496 2238 1789 2309 superbis,
1814 2261 1843 2286 ‹‹
1870 2237 1993 2295 uni-

335 2325 626 2393 oornium,
652 2345 680 2373 »
706 2324 765 2379 id
787 2326 895 2393 est,
920 2324 1309 2395 superborum
1340 2325 1700 2381 Judaorum.
1726 2327 1833 2382 Per
1864 2326 1993 2381 uni-

335 2430 573 2472 cornem
591 2413 749 2468 idem
764 2413 999 2469 Judaos
1016 2411 1503 2485 accipimus,quia
1519 2416 1672 2470 sicut
1694 2415 1994 2472 unicornis

336 2520 455 2560 uno
486 2501 610 2558 8010
640 2518 821 2558 cornu
853 2501 1136 2574 superbit,
1161 2501 1243 2557 ita
1279 2502 1466 2558 Judai
1505 2503 1629 2561 solo
1658 2504 1853 2560 Veteri
1885 2507 1993 2561 Te-

336 2591 909 2649 stamento.Ostensa
930 2590 1109 2663 igitur
1126 2591 1340 2647 Christi
1366 2592 1741 2649 derelictione
1775 2597 1831 2649 et
1859 2611 1993 2666 pas-

334 2681 523 2748 sione,
556 2697 628 2737 ne
658 2697 764 2753 per
802 2680 909 2736 hoc
947 2681 1320 2736 detineamur
1356 2680 1408 2737 ei
1449 2682 1704 2750 obedire,
1737 2684 1996 2739 ostendit

335 2770 473 2827 inde
502 2786 779 2843 magnam
810 2768 1294 2842 εἰσι-1110011011οω
1335 2772 1640 2843 provenire
1670 2772 1785 2828 Deo
1815 2772 1990 2843 Patri,

334 2864 392 2918 et
421 2860 503 2915 ita
532 2858 644 2932 ipsi
667 2858 899 2915 Christo
926 2876 937 2914 :
964 2875 1092 2930 qua
1118 2859 1463 2932 glorificatio
1486 2866 1577 2917 est
1608 2862 1777 2919 nobis
1807 2879 1993 2919 reme-

334 2949 501 3005 dium
523 2951 725 3004 contra
740 2948 1078 3020 pradictam
1101 2948 1614 3024 derelictionem:et
1634 2953 1991 3024 passionem.

405 3038 477 3095 Et
504 3038 651 3095 bene
681 3039 859 3094 debes
902 3054 995 3093 me
1037 3037 1281 3107 salvere,
1317 3040 1457 3111 quia
1503 3058 1638 3096 cum
1686 3041 1863 3099 salvis
1895 3060 1993 3100 ero

335 3126 585 3185 narrabo
618 3142 832 3184 nomen
863 3130 1035 3182 tuum
1084 3127 1366 3184 fratribus
1413 3129 1581 3197 meis,
1609 3151 1636 3178 ››
1671 3130 1729 3186 id
1760 3136 1869 3201 est,
1903 3134 1993 3189 fa-

334 3232 497 3274 mam
531 3220 719 3282 tuam,
754 3238 783 3265 ‹‹
826 3215 1109 3272 fratribus
1148 3216 1316 3284 meis,
1351 3239 1378 3265 »
1412 3217 1470 3272 id
1509 3223 1618 3289 est,
1659 3221 1941 3291 apostolis
1974 3237 1992 3279 :

2020 1916 2070 1982 B

2094 634 2243 690 tium
2270 652 2428 691 eum.
2456 657 2483 685 »
2506 636 2639 691 Ideo
2671 652 2774 708 per
2802 635 2912 691 11οο
2942 638 3379 691 sacramentum
3402 634 3592 706 major
3619 632 3766 690 laus

2095 725 2206 779 erit
2236 724 2358 793 Dei,
2384 725 2522 797 quia
2552 725 2711 781 istud
2757 730 2847 781 est
2885 724 3273 780 consideratio
3301 723 3455 779 inter
3483 724 3667 779 Deum
3698 726 3771 778 et

2095 812 2417 882 hominem,
2450 815 2605 886 quod
2648 815 2838 871 fadus
2875 815 3244 871 attendentes
3292 812 3579 883 homines,
3620 812 3773 868 inde

2096 901 2280 957 Deum
2316 902 2569 958 maxime
2599 902 2864 959 laudant.
3588 956 3594 961 .

2171 992 2298 1047 Hac
2316 996 2511 1047 autem
2529 996 2665 1047 vota
2678 1016 2705 1041 «
2720 992 2893 1047 edent
2912 1007 3198 1065 pauperes
3214 996 3269 1048 et
3286 992 3717 1048 saturabuntur
3733 1011 3771 1039 »ι

2097 1079 2432 1152 recipiendo
2455 1082 2610 1153 quod
2632 1085 2935 1153 appetunt,
2955 1081 3177 1137 scilicet
3197 1081 3606 1137 remissionem
3627 1094 3775 1153 pec-

2098 1172 2382 1237 catorum,
2408 1169 2837 1225 incrementum
2870 1171 3117 1243 justitia
3148 1171 3209 1226 in
3247 1170 3359 1226 hac
3386 1170 3525 1239 vita,
3549 1169 3609 1225 in
3639 1168 3772 1226 alia

2096 1273 2395 1325 coronam,
2409 1262 2468 1314 et
2489 1259 2559 1314 de
2579 1259 2689 1317 hoc
2712 1282 2740 1310 ‹‹
2763 1259 3091 1316 laudabunt
3110 1259 3427 1316 Dominum
3449 1283 3477 1309 »
3496 1259 3581 1315 illi
3604 1256 3774 1315 scili-

2098 1349 2189 1400 cet
2210 1369 2239 1395 ‹‹
2263 1347 2364 1418 qui
2406 1348 2707 1419 requirent
2730 1364 2886 1417 eum,
2915 1371 2942 1398 »
2965 1353 3021 1404 et
3060 1349 3143 1404 ita
3163 1371 3192 1398 «
3219 1348 3416 1404 vivent
3438 1371 3466 1398 »
3489 1348 3551 1403 in
3573 1347 3773 1419 justi-

2096 1434 2180 1489 tia
2200 1458 2228 1485 ‹‹
2252 1436 2426 1491 corda
2447 1454 2673 1504 eorum,
2690 1459 2716 1485 »
2741 1437 2911 1506 idest,
2935 1437 3142 1492 anima
3175 1454 3400 1506 eorum,
3427 1460 3455 1487 ‹‹
3480 1438 3540 1493 111
3573 1452 3775 1493 sacu-

2097 1521 2221 1578 lum
2253 1523 2516 1593 saeuli,»
2540 1525 2597 1580 id
2619 1529 2728 1593 est,
2750 1525 3012 1596 quandiu
3044 1526 3318 1581 succedet
3342 1524 3627 1581 saculum
3660 1542 3779 1581 sa-

2098 1612 2500 1680 culo,‘scilicet
2539 1630 2643 1685 per
2690 1617 2872 1669 totam
2904 1613 3057 1669 hanc
3087 1614 3268 1669 vitam
3304 1631 3317 1670 :
3350 1613 3440 1669 vel
3471 1636 3502 1664 «
3536 1613 3599 1667 in
3652 1628 3779 1669 saec

2098 1700 2319 1768 culum,
2348 1724 2375 1751 »
2397 1702 2456 1757 id
2489 1706 2577 1758 est
2606 1702 2665 1757 in
2711 1701 2820 1757 hac
2849 1702 2971 1759 vita
2996 1703 3177 1771 vivet;
3211 1725 3240 1753 ‹‹
3273 1705 3330 1758 01
3358 1701 3420 1757 111
3469 1701 3778 1758 saculum

2099 1791 2318 1857 saculi,
2340 1813 2369 1840 »
2401 1791 2457 1846 id
2489 1796 2577 1847 est
2609 1792 2667 1847 in
2699 1790 2814 1847 alia
2839 1791 2958 1848 vita
2985 1791 3179 1847 vivent
3209 1792 3270 1847 in
3303 1791 3509 1864 gloria.

2172 1880 2310 1936 Dico
2332 1903 2360 1929 ‹‹
2386 1896 2671 1952 pauperes
2703 1881 3185 1948 saturabuntur,»
3207 1884 3263 1936 et
3283 1896 3401 1936 non
3433 1879 3630 1952 pauci,
3656 1880 3776 1936 sed

2102 1992 2129 2019 ‹‹
2155 1969 2412 2025 universi
2434 1970 2602 2036 fines,
2631 1991 2658 2019 »
2690 1969 2749 2025 id
2778 1973 2886 2037 est,
2909 1968 3089 2041 aliqui
3120 1968 3181 2024 in
3213 1968 3506 2024 universis
3536 1968 3776 2026 ﬁnibus

2100 2062 2268 2114 terra
2298 2082 2326 2108 ‹‹
2359 2058 2831 2127 reminiscentur,
2864 2081 2891 2108 »
2924 2062 2980 2114 et
3022 2059 3106 2115 sic
3147 2082 3176 2107 ‹‹
3223 2062 3633 2114 convertentur
3687 2059 3774 2116 ad

2102 2147 2441 2203 Dominum.
2480 2171 2507 2197 ››

2175 2238 2244 2291 Ε1
2272 2254 2343 2291 110
2364 2237 2763 2309 acciperemus
2786 2254 2972 2292 unum
3003 2238 3195 2293 solum
3220 2238 3508 2307 ordinem,
3537 2227 3777 2294 scilicet

2103 2326 2463 2395 rustiealem,
2485 2326 2573 2381 vel
2597 2326 2853 2399 aliquem
2882 2325 3059 2382 talem
3085 2344 3187 2399 per
3206 2344 3411 2383 omnes
3432 2332 3631 2400 partes
3653 2331 3775 2384 ter-

2104 2432 2199 2483 ra,
2220 2414 2361 2469 dicit
2386 2432 2434 2471 :«
2460 2416 2530 2471 Et
2559 2416 2890 2472 adorabunt
2920 2416 2980 2471 in
3011 2420 3329 2488 conspectu
3358 2417 3544 2488 ejus,»
3568 2417 3625 2472 id
3650 2421 3771 2486 est,

2103 2504 2163 2559 in
2197 2504 2559 2576 beneplaeito
2591 2505 2799 2577 ipsius,
2826 2529 2855 2556 «
2887 2505 3169 2562 universa
3211 2505 3468 2575 familia,
3496 2494 3525 2557 3»
3556 2505 3616 2562 id
3649 2510 3769 2576 est,

2104 2592 2287 2665 aliqui
2318 2594 2387 2649 de
2419 2594 2697 2650 omnibus
2728 2594 3032 2650 ordinibus
3065 2617 3093 2645 «
3126 2594 3413 2667 gentium.
3444 2617 3473 2645 »

2175 2683 2327 2738 Bene
2359 2682 2572 2738 debent
2616 2683 2859 2739 adorare
2891 2706 2918 2734 «
2952 2683 3232 2755 quoniam
3285 2684 3517 2740 Domini
3550 2689 3644 2741 est
3674 2702 3773 2742 ne-

2103 2788 2307 2844 gnum,
2336 2795 2363 2821 »
2386 2772 2442 2827 id
2476 2777 2585 2841 est,
2619 2772 2905 2827 Dominus
2934 2776 3023 2827 est
3054 2789 3152 2828 rex
3181 2772 3447 2829 omnium
3472 2790 3522 2829 :«
3547 2777 3606 2829 et
3638 2774 3773 2846 ipse

2103 2861 2506 2917 dominabitur
2534 2862 2821 2934 gentium,
2844 2884 2870 2911 »
2888 2860 2947 2916 id
2980 2866 3089 2933 est,
3113 2862 3402 2918 exercebit
3425 2862 3768 2919 dominium

2103 2968 2284 3024 supra
2312 2954 2515 3023 gentes
2547 2967 2708 3020 suas,
2744 2950 2883 3023 quia
2912 2955 3073 3023 reget
3102 2967 3201 3007 eos
3232 2950 3293 3005 in
3320 2951 3577 3022 justitia.

2174 3063 2203 3089 ‹‹
2226 3040 2515 3113 Pauperes
2536 3040 2711 3095 edent
2731 3043 2788 3095 et
2808 3040 3291 3107 saturabuntur,»
3303 3044 3361 3096 et
3379 3040 3558 3097 etiam
3578 3064 3608 3092 «
3632 3042 3770 3115 pin-

2102 3145 2247 3203 gues
2268 3134 2454 3198 terra,
2482 3150 2510 3178 »
2533 3128 2590 3184 id
2613 3132 2725 3198 est,
2748 3127 3102 3201 impinguati
3124 3128 3184 3184 in
3206 3128 3560 3198 terrenitate,
3585 3153 3615 3181 «
3637 3147 3768 3187 om-

2105 3235 2210 3274 nes
2235 3241 2263 3267 »
2285 3218 2356 3274 de
2376 3216 2622 3275 ecclesia
2644 3240 2672 3268 ‹‹
2696 3218 3218 3288 manducaverunt,
3238 3240 3265 3267 »
3286 3218 3345 3274 id
3368 3222 3476 3287 est,
3499 3219 3769 3276 Domini-

338 3312 467 3379 q’ua
509 3304 767 3361 narratio
813 3320 930 3358 non
978 3307 1210 3359 tantum
1238 3304 1477 3376 verbis,f
1498 3308 1599 3361 sed
1649 3309 1900 3366 maxime
1931 3310 1992 3367 in
2023 3283 2067 3351 Ο
2105 3324 2241 3364 00111
2271 3325 2483 3381 corpus
2527 3311 2931 3381 gustaverunt,
2966 3330 2994 3357 «
3027 3310 3085 3362 et
3132 3307 3518 3363 adoraverunt
3549 3325 3563 3363 :
3592 3330 3621 3358 »
3654 3309 3764 3365 sed

332 3393 617 3452 missione
646 3391 835 3448 sancti
867 3391 1122 3463 Spiritus
1174 3392 1285 3448 fuit
1316 3410 1328 3448 :
1366 3397 1424 3448 et
1469 3394 1644 3450 etiam
1679 3419 1706 3446 «
1740 3396 1992 3456 laudabo

332 3485 412 3550 te,
438 3502 467 3530 »
487 3480 548 3536 id
579 3482 690 3547 est,
712 3478 939 3534 laudari
972 3479 1185 3535 faciam
1216 3484 1272 3535 te
1291 3504 1318 3530 ‹‹
1344 3481 1405 3535 in
1436 3483 1687 3551 medio,»
1711 3485 1767 3541 id
1796 3492 1907 3556 est,
1932 3489 1993 3546 in

332 3566 749 3626 communione
772 3588 800 3617 ‹‹
826 3564 1154 3622 Ecclesia.»
1177 3567 1473 3624 Convertit
1492 3585 1555 3626 se
1577 3572 1649 3627 ad
1675 3572 1834 3645 ipsos
1856 3592 1992 3633 cum

333 3656 479 3714 dicit
510 3672 526 3713 :

406 3769 435 3797 ‹‹
457 3744 575 3801 Vos
598 3743 698 3817 qui
727 3743 949 3801 timetis
978 3744 1317 3815 Dominum,
1342 3745 1577 3805 laudate
1598 3765 1733 3806 eum
1759 3775 1786 3801 ››
1811 3755 1996 3810 omni-

332 3836 503 3892 mode
536 3851 551 3891 :
587 3838 645 3890 et
675 3833 1003 3891 subdividit
1032 3834 1092 3889 in
1126 3840 1343 3907 partes,
1380 3853 1527 3909 quos
1559 3839 1836 3897 admonet
1866 3842 1992 3899 lau-

331 3925 490 3994 dare,
543 3921 763 3980 activos
819 3922 1045 3979 scilicet
1098 3928 1156 3980 et
1203 3925 1709 3998 contemplativos.
1759 3932 1991 3989 Activos

330 4013 500 4088 ponit
526 4011 627 4069 ubi
659 4011 802 4068 dicit
835 4028 848 4068 :
876 4033 904 4061 «
930 4008 1271 4068 universum
1303 4031 1563 4083 semen,»
1586 4016 1643 4072 id
1675 4023 1784 4087 est,
1807 4019 1995 4078 imita-

332 4106 511 4171 tores,
544 4123 573 4151 ‹‹
605 4100 808 4168 Jacob,
863 4100 1185 4172 gloriﬁcate
1241 4118 1399 4158 eum.
1436 4124 1463 4154 »
1498 4104 1993 4180 Contemplativos

333 4190 500 4264 ponit
528 4188 631 4245 ubi
662 4189 807 4244 dicit
837 4211 865 4239 «
898 4190 1105 4245 timeat
1148 4206 1285 4245 eum
1315 4208 1488 4247 omne
1518 4210 1719 4256 semen
1751 4197 1927 4255 Israel
1962 4223 1992 4251 »

333 4281 466 4337 ideo
497 4298 527 4329 «
557 4277 837 4350 quoniam
870 4294 988 4333 non
1020 4279 1305 4349 sprevit,»
1342 4280 1398 4335 id
1433 4285 1539 4351 est,
1575 4301 1818 4357 prorsus
1852 4289 1994 4361 abji-

333 4368 471 4439 ciet,
492 4388 522 4418 ‹‹
554 4382 747 4438 neque
776 4366 1063 4438 despexit,
1090 4389 1117 4415 »
1149 4367 1206 4422 id
1246 4373 1352 4438 081,
1379 4370 1575 4442 aliquo
1611 4375 1785 4431 modo
1815 4376 1990 4435 vilem

331 4457 543 4516 habuit
564 4479 596 4508 «
628 4456 1100 4528 deprecationem
1133 4478 1160 4507 »
1197 4458 1310 4513 mei
1345 4481 1373 4509 «
1398 4463 1696 4533 pauperis.
1723 4486 1751 4514 »

402 4570 431 4600 «
452 4548 571 4604 Nec
594 4546 801 4603 avertit
822 4546 1029 4601 faciem
1054 4563 1222 4601 suam
1245 4565 1279 4603 a
1300 4550 1522 4616 me,»id
1546 4556 1655 4620 est,
1680 4569 1910 4626 semper
1929 4558 1989 4613 in

2102 3396 2238 3452 licet
2266 3395 2376 3452 hoc
2408 3395 2593 3468 aliqui
2618 3413 2735 3452 non
2756 3395 2992 3452 videant
3019 3411 3149 3452 esse
3179 3396 3250 3451 ad
3282 3397 3534 3466 ruinam,
3556 3399 3764 3455 tamen

2103 3507 2130 3534 ‹‹
2156 3484 2446 3541 cadentia
2473 3488 2790 3556 conspectu
2830 3485 3017 3555 ejus,»
3040 3483 3355 3556 Dei,quem
3386 3484 3531 3541 nihil
3575 3484 3765 3544 latere

2102 3579 2311 3649 potest.
2337 3573 2559 3630 Cadent
2589 3574 2718 3631 dico
2742 3598 2770 3624 «
2794 3590 2999 3630 omnes
3031 3573 3133 3645 qui
3164 3573 3530 3629 descendunt
3557 3574 3618 3630 in
3648 3580 3768 3632 ter-

2103 3681 2288 3734 ram,»
2301 3662 2359 3719 id
2377 3662 2596 3735 est,qui
2619 3662 2917 3719 declinant
2932 3663 3004 3718 ad
3023 3662 3347 3735 appetitum
3364 3666 3759 3721 terrenarum.

2175 3776 2202 3803 «
2238 3752 2590 3809 Laudabunt
2620 3752 2937 3808 Dominum
2969 3752 3071 3824 qui
3110 3750 3419 3823 requirunt
3453 3767 3624 3823 eum;
3649 3776 3678 3803 ››
3701 3757 3763 3811 et

2102 3842 2302 3899 anima
2319 3858 2506 3908 mea,»
2520 3842 2577 3896 id
2598 3846 2705 3909 est,
2724 3842 2835 3913 ipsi
2849 3858 2996 3913 quos
3014 3857 3120 3913 ego
3133 3840 3309 3913 diligo
3327 3839 3479 3895 sicut
3492 3841 3758 3900 animam

2102 3948 2316 4005 meam,
2339 3955 2365 3982 ‹‹
2391 3932 2542 3987 vivet
2561 3930 2667 3999 illi,
2695 3954 2721 3981 »
2746 3932 2803 3986 id
2826 3935 2936 4001 est,
2959 3931 3031 3987 ad
3052 3931 3332 3986 honorem
3355 3929 3534 4000 illius,
3559 3936 3617 3987 et
3638 3949 3756 3988 non

2100 4027 2339 4078 tuntum
2362 4021 2512 4093 justi
2546 4024 2883 4094 praesentes,
2909 4020 3010 4078 sed
3034 4042 3062 4070 ‹‹
3086 4022 3143 4075 01
3170 4036 3370 4075 semen
3401 4035 3623 4089 meum,
3640 4043 3669 4072 ››
3696 4022 3755 4077 id

2102 4115 2211 4180 est,
2246 4111 2574 4167 imitatores
2605 4110 2741 4178 mei,
2776 4108 2880 4164 filii
2914 4108 3183 4177 istorum,
3208 4131 3235 4158 «
3261 4096 3471 4164 serviet
3491 4108 3627 4182 ipsi.
3653 4131 3683 4160 ››
3712 4160 3725 4173 ,

2174 4202 2326 4257 Bene
2347 4201 2531 4269 dico,«
2552 4198 2958 4271 semen,»quia
2974 4220 3001 4248 ‹‹
3022 4196 3317 4271 generatio
3332 4220 3360 4247 ››
3376 4200 3467 4253 081
3486 4198 3754 4270 quadam

2103 4314 2131 4341 «
2154 4294 2456 4359 ventura,»
2478 4294 2535 4345 et
2555 4289 2686 4361 ipsa
2706 4282 2733 4339 ἆ
2761 4286 3211 4344 annuntiabitur
3230 4284 3475 4341 Domino
3499 4309 3528 4336 »
3554 4288 3628 4343 ab
3658 4304 3758 4343 an-

2101 4370 2267 4453 gelis,
2292 4379 2445 4435 sicut
2474 4377 2720 4451 angelus
2763 4377 2958 4433 Tobia
2991 4392 3004 4431 :
3032 4398 3060 4425 ‹‹
3093 4375 3211 4448 Ego
3242 4373 3427 4430 obtuli
3460 4375 3755 4433 orationes

2098 4472 2321 4524 vestras
2352 4467 2424 4522 ad
2457 4467 2641 4522 Deum
2663 4465 2803 4537 (Lib.
2827 4466 2931 4538 111).
2957 4462 3059 4519 Vel
3090 4486 3118 4514 α
3153 4461 3621 4532 annuntiabitur,
3642 4486 3671 4515 »
3695 4463 3754 4519 id

2099 4561 2207 4624 est,
2253 4556 2678 4628 pradicabunt,
2701 4579 2730 4607 «
2762 4553 3030 4622 Domino,
3053 4576 3081 4604 »
3115 4553 3173 4608 id
3215 4555 3322 4621 est,
3358 4552 3429 4608 ad
3469 4552 3752 4609 honorem

329 4636 697 4709 beneplaeito
714 4634 904 4707 ipsius
922 4636 1221 4707 persisti.«
1233 4637 1303 4692 Et
1318 4637 1610 4695 exaudivit
1625 4656 1719 4696 me
1731 4658 1865 4697 cum
1880 4643 1992 4699 cla-
2018 4656 2066 4721 Ι)
2098 4644 2328 4703 Domini
2357 4646 2654 4717 generatio
2674 4649 2939 4713 ventura,
2964 4647 3021 4699 et
3052 4658 3155 4715 per
3175 4642 3371 4697 cales.
3393 4642 3463 4697 Et
3483 4641 3593 4697 hoc
3614 4641 3754 4699 dicit

330 4741 614 4795 marem,»
637 4725 697 4780 id
718 4728 827 4793 est,
844 4741 909 4779 eo
933 4729 1193 4796 tempore
1216 4742 1331 4797 quo
1364 4728 1634 4798 petebam
1667 4732 1949 4787 exaudiri.

399 4815 471 4870 Et
491 4814 632 4887 quia
664 4824 758 4869 me
780 4813 1135 4870 clamantem
1158 4816 1469 4883 exaudisti,
1493 4816 1622 4873 ideo
1649 4840 1676 4868 «
1703 4818 1832 4876 laus
1858 4839 1990 4879 mea

328 4907 418 4960 est
446 4903 602 4976 apud
646 4907 703 4958 te
740 4903 801 4958 in
846 4903 1093 4959 ecclesia
1140 4921 1375 4976 magna,
1403 4926 1430 4953 »
1463 4905 1521 4960 id
1553 4911 1663 4975 est,
1697 4912 1818 4965 toto
1849 4912 1989 4968 orbe

329 4992 592 5048 collecta.
610 4991 714 5046 Vel
737 4992 852 5048 ita:
874 4991 1020 5057 Quia
1039 4993 1350 5048 exauditus
1373 5011 1528 5063 sum,
1554 4996 1684 5052 ideo
1706 4997 1834 5055 laus
1857 5018 1990 5058 mea

330 5086 421 5138 est
449 5082 512 5137 in
540 5080 785 5136 ecclesia
816 5097 1054 5152 magna,
1081 5080 1140 5135 id
1173 5087 1261 5136 est
1292 5083 1497 5138 laudor
1526 5086 1680 5157 apud
1716 5091 1770 5142 te
1803 5090 1862 5144 in
1894 5107 1987 5145 ec-

331 5168 527 5239 clesia,
563 5169 621 5225 id
651 5173 759 5237 est,
794 5169 948 5223 sicut
977 5175 1039 5224 tu
1074 5170 1333 5226 laudaris
1363 5177 1419 5227 et
1449 5189 1554 5245 ego
1585 5176 1887 5245 aqualiter
1912 5184 1989 5237 te-

329 5273 465 5314 cum
498 5276 512 5315 :
547 5262 605 5313 et
635 5261 699 5312 ut
728 5256 856 5313 laus
886 5258 1003 5313 ista
1032 5259 1091 5313 in
1136 5258 1392 5315 Ecclesia
1420 5262 1497 5316 sit
1528 5263 1801 5333 perfecta,
1836 5268 1986 5325 dabo

327 5345 441 5419 ipsi
462 5345 733 5402 Ecclesia
760 5364 972 5418 corpus
995 5352 1051 5402 et
1073 5348 1419 5420 sanguinem
1446 5367 1663 5406 meum.
1680 5354 1749 5408 Et
1770 5354 1989 5428 hocZest

329 5439 515 5492 «vota
542 5451 733 5504 mea,»
755 5436 813 5491 id
846 5442 935 5491 est
964 5453 1176 5508 corpus
1208 5455 1428 5510 meum,
1451 5441 1606 5511 quod
1639 5458 1744 5515 ego
1785 5445 1984 5503 devovi

328 5524 534 5580 offerre
562 5524 682 5580 Deo
705 5524 765 5579 in
798 5526 1226 5596 reparationem
1260 5525 1505 5584 humani
1536 5531 1833 5602 generis,«
1856 5536 1985 5591 red-

329 5608 535 5679 dam,»
556 5610 616 5667 id
647 5615 756 5680 est,
780 5613 936 5685 quod
973 5614 1100 5684 jam
1133 5615 1407 5671 dederam
1448 5618 1508 5673 in
1550 5636 1744 5690 cruce,
1765 5621 1984 5681 iterum

332 5693 485 5757 dabo
502 5696 565 5755 in
585 5697 785 5772 altari;
803 5704 863 5761 et
881 5698 1021 5760 licet
1039 5698 1222 5781 aliqui
1254 5719 1371 5763 non
1400 5703 1750 5783 intelligant,
1786 5713 1985 5772 tamen

2100 4759 2127 4786 ‹‹
2151 4739 2208 4790 01
2238 4734 2677 4789 annuntiabunt
2697 4733 2884 4801 coeli,»
2905 4732 2963 4787 id
2985 4735 3093 4799 est,
3118 4730 3303 4787 sancti
3322 4730 3749 4803 praedicatores,

2099 4848 2127 4875 ‹‹
2145 4824 2441 4896 justitiam
2465 4824 2648 4895 ejus,»
2674 4824 2733 4878 id
2757 4827 2845 4878 est
2865 4821 3026 4889 Dei,«
3049 4819 3263 4893 populo
3289 4819 3388 4892 qui
3418 4824 3750 4888 nascetur,»

2098 4931 2215 4969 non
2246 4912 2501 4969 naturali
2545 4912 2867 4981 nativitate,
2893 4910 2996 4966 sed
3028 4927 3181 4981 aqua
3210 4913 3267 4965 et
3295 4907 3516 4981 Spiritu
3547 4913 3750 4965 sancto

2098 5004 2273 5070 (Joan.
2308 5005 2396 5071 111)
2423 5024 2451 5052 ‹‹
2488 5018 2662 5073 quem
2689 5023 2717 5051 »
2740 5000 2821 5056 ita
2850 5023 2878 5050 «
2911 4998 3197 5055 Dominus
3227 4998 3364 5053 fecit
3395 5020 3422 5048 »
3452 5014 3650 5053 suum.
3687 4998 3749 5056 In

2096 5091 2316 5147 carnali
2348 5091 2649 5147 nativitate
2683 5094 2957 5163 operatur
2985 5089 3141 5145 Deus
3187 5091 3244 5144 et
3291 5090 3519 5154 natura,
3552 5088 3655 5145 sed
3689 5087 3749 5145 in

2096 5178 2531 5251 regeneratione
2561 5178 2723 5235 solus
2753 5179 2929 5234 Deus.

2588 5287 2659 5343 IN
2702 5263 3052 5343 PSALMUM
3094 5285 3261 5341 xxu.

2167 5376 2444 5433 Trruws.
2473 5377 2537 5432 In
2565 5377 2731 5448 ﬁnem
2751 5377 3000 5503 118ιῦ111ηὲ
3038 5374 3229 5446 David,
3263 5376 3376 5431 sive
3405 5375 3679 5430 canticum

2869 5465 2935 5503 av
3003 5489 3019 5503 .

2869 5465 3019 5506 ama.

2167 5558 2195 5587 α
2229 5536 2515 5593 Dominus
2538 5537 2740 5609 regit.»
2767 5536 3036 5595 Psalmus
3074 5535 3399 5605 David,vox
3428 5533 3745 5608 propheta,

2093 5628 2152 5680 et
2180 5624 2358 5682 habet
2404 5626 2466 5682 111
2514 5626 2820 5684 materiam
2868 5626 3092 5701 gratias
3121 5626 3244 5682 Dei.
3268 5625 3349 5682 De
3380 5640 3450 5680 ea
3476 5623 3562 5680 sic
3591 5624 3744 5697 agit;

2093 5712 2326 5777 ordinat
2354 5715 2555 5773 decem
2598 5716 2840 5794 gratias.
2875 5714 3130 5775 Intendit
3177 5712 3346 5773 nobis
3394 5712 3748 5789 persuadere
