3914 6374
146 461 263 522 269

1324 465 1829 528 EXPLANATIO
1875 467 1952 527 IN
2002 468 2378 528 PSALMOS.

3353 456 3358 461 ’
3445 467 3563 529 270

148 585 262 649 non
295 605 423 649 esse
453 592 885 664 desperandum
909 610 1042 649 cum
1082 595 1228 652 tales
1265 597 1418 652 Deus
1439 598 1627 670 gratia
1659 617 1796 654 suas
1826 606 1879 673 Α
1911 601 2049 655 bent
2080 601 2256 656 corda
2285 602 2535 657 obscura
2582 603 2654 656 ad
2700 601 3003 657 veritatem
3045 602 3510 673 cognoscendam
3547 618 3559 656 :

149 683 461 749 tribuat,et
494 686 808 754 antequam
843 684 912 737 de
942 684 1147 756 gratiis
1170 687 1643 757 ag:_it,pra;'mittit
1665 706 1802 760 qua-

147 771 196 829 si
227 770 535 845 prologum
564 775 621 827 et
659 774 1224 830 commendationem
1277 775 1538 848 ipsarum
1580 777 1801 850 gratia-

146 878 299 928 rum,
328 864 396 916 ut
423 859 508 917 ita
536 860 750 917 dicam.

214 950 405 1006 Nolite
437 951 764 1024 desperare,
799 953 898 1008 sed
931 953 1294 1010 considerate
1344 956 1635 1027 quomodo
1681 955 1798 1010 Do-

145 1040 343 1096 minus
393 1041 543 1113 regit
590 1057 684 1096 me
716 1063 743 1091 n
781 1059 814 1097 a
845 1043 1288 1100 seductionibus
1336 1043 1672 1118 impiorum,
1727 1045 1800 1099 si-

145 1134 241 1186 cut
269 1131 462 1186 bonus
495 1134 698 1202 pastor
725 1131 875 1204 regit
905 1149 1039 1189 oves
1073 1151 1231 1202 suas,
1267 1137 1324 1189 et
1353 1134 1501 1190 bene
1541 1133 1810 1190 custodit

145 1226 214 1274 n'e
258 1218 383 1292 lupi
434 1217 742 1291 dilanient,
773 1224 830 1275 et
859 1238 924 1277 eo
957 1226 1190 1293 regente
1221 1244 1248 1273 ‹‹
1280 1221 1424 1277 nihil
1458 1244 1486 1274 »
1521 1239 1796 1278 necessa-

145 1309 295 1364 rium
347 1308 586 1381 quidem
637 1310 708 1364 ad
752 1310 1050 1382 justitiam
1089 1335 1109 1360 α
1149 1311 1293 1367 mihi
1335 1313 1537 1368 deerit.
1570 1335 1596 1362 η
1632 1312 1795 1368 Unde

146 1396 404 1452 dicitur:
453 1395 829 1453 Timentibus
879 1397 1063 1454 Deum
1113 1399 1260 1453 nihil
1301 1400 1484 1454 deest.
1535 1399 1640 1453 Per
1685 1399 1796 1454 hoc

145 1484 286 1540 nihil
319 1484 526 1557 deerit,
561 1485 700 1557 quia
722 1485 1006 1541 Dominus
1039 1487 1205 1558 ponit
1234 1504 1328 1542 me
1363 1509 1390 1537 «
1422 1488 1480 1542 in
1511 1487 1637 1542 loco
1661 1505 1793 1559 pas-

146 1591 260 1630 cuae
291 1597 318 1626 ››
357 1579 414 1629 et
444 1578 684 1630 caeteras
725 1591 852 1646 qua:
903 1579 1232 1647 sequuntur
1278 1576 1498 1648 gratias
1551 1576 1791 1630 confert.

144 1663 512 1720 Continuatio
548 1680 561 1719 :
597 1663 805 1718 «Nihil
838 1664 983 1719 mihi
1007 1664 1208 1720 deerit.
1245 1688 1273 1715 ‹‹
1309 1663 1449 1720 Mihi
1482 1664 1610 1719 dico
1641 1663 1796 1735 posit

148 1753 262 1808 «'in
289 1752 416 1810 loco
449 1769 701 1826 pascuae,
730 1775 756 1802 ››
781 1752 838 1808 id
873 1758 982 1822 est,
1015 1753 1073 1808 in
1108 1753 1305 1809 divina
1336 1753 1791 1825 Scriptura,quae

141 1846 376 1898 vocatur
409 1859 631 1916 pascua
659 1859 762 1914 per
791 1842 982 1897 simile
1016 1860 1028 1897 :
1063 1843 1203 1914 quia
1235 1843 1388 1898 sicut
1425 1841 1701 1898 animalia
1730 1839 1791 1894 in

143 1931 375 2004 pascuis
408 1931 771 2000 reﬁciuntur,
797 1931 878 1987 ita
911 1931 1110 1986 ﬁdeles
1145 1933 1353 1988 animm
1386 1932 1599 1990 divinis
1633 1935 1791 1991 Scri-

142 2020 325 2092 pturis
354 2020 826 2093 impinguantur.
880 2021 1158 2075 Eamdem
1192 2021 1555 2093 Scripturam
1598 2024 1791 2081 locum

143 2110 428 2182 nominat,
465 2110 605 2182 quia
635 2110 695 2165 in
727 2125 794 2165 ea
825 2108 950 2165 sola
980 2109 1264 2164 certitude
1299 2111 1660 2167 sufﬁcientia:
1703 2114 1784 2170 in-

140 2200 387 2267 venitur,
422 2215 603 2271 quam
635 2199 970 2272 philosophi
999 2198 1134 2254 licet
1165 2200 1428 2256 studiose
1469 2208 1795 2273 quaererent

141 2287 198 2342 in
247 2288 400 2360 aliis,
455 2305 760 2360 nunquam
807 2294 1009 2344 tamen
1059 2288 1318 2345 invenire
1365 2295 1684 2364 potuerunt
1731 2293 1792 2350 in

143 2376 269 2434 aliis
300 2377 632 2450 scripturis.
686 2378 749 2434 In
798 2377 978 2434 nullis
1029 2380 1186 2434 enim
1235 2379 1365 2436 aliis
1408 2388 1617 2453 praater
1645 2383 1792 2438 divi-

141 2472 294 2535 nam,
317 2467 575 2542 cognitio
596 2468 698 2524 Dei
731 2468 1049 2542 reperitur;
1085 2473 1141 2524 et
1172 2470 1310 2542 quia
1333 2487 1392 2523 se
1415 2471 1638 2527 dixerat
1664 2488 1792 2528 esse

143 2553 198 2609 in
228 2555 352 2611 loco
384 2573 642 2629 pascuae,
671 2562 727 2613 et
756 2574 873 2613 non
924 2558 1150 2614 dixerat
1202 2558 1334 2631 quis
1383 2576 1518 2614 eum
1570 2561 1650 2615 ibi
1697 2579 1794 2632 po-

145 2645 375 2715 suisset,
412 2645 636 2714 subdit,
654 2671 682 2697 «
715 2647 796 2702 ibi
829 2663 922 2703 me
950 2646 1252 2702 collocavit
1288 2670 1314 2695 ››
1348 2649 1656 2704 Dominus.
1682 2649 1790 2705 Ubi

145 2732 276 2789 dicit
305 2751 367 2791 se
394 2735 656 2807 positum
686 2735 746 2792 in
777 2735 902 2792 loco
934 2754 1186 2809 pascua},
1221 2742 1496 2793 notamus
1535 2739 1788 2810 primam

143 2823 410 2893 gratiam.

209 2911 374 2968 Ponit
406 2914 727 2969 secundam
758 2912 1066 2985 gratiam,«
1095 2913 1397 2969 collocavit
1427 2916 1642 2980 me,»ei
1665 2915 1790 2986 ipse

142 2999 423 3058 Dominus
456 3025 483 3050 ‹‹
517 3001 784 3056 educavit
815 3018 908 3056 me
941 3018 1118 3073 super
1147 3019 1331 3074 aquas
1371 3003 1722 3072 refectionis,
1759 3026 1788 3053 »

142 3088 194 3144 id
224 3094 331 3158 est,
354 3106 571 3161 aquam
602 3089 904 3161 baptismi,
939 3106 1066 3161 qua:
1095 3090 1311 3145 dicitur
1341 3109 1493 3163 aqua
1526 3091 1788 3148 refectio-

143 3177 394 3250 nis,quia
415 3194 519 3249 per
539 3194 667 3232 eam
699 3180 756 3232 et
787 3195 820 3232 a
850 3177 1102 3250 peccatis
1134 3179 1578 3248 mundamur,et
1599 3181 1671 3234 ad
1695 3181 1792 3235 bo-

142 3283 240 3323 nos
269 3269 501 3323 fructus
525 3267 793 3322 ferendos
825 3267 1271 3340 irrigamur,qui
1296 3268 1433 3324 sicci
1465 3287 1530 3325 ac
1563 3270 1790 3326 steriles

1822 1979 1870 2044 B

1911 693 1967 741 et
2025 690 2150 744 ideo
2209 691 2436 757 mortis,
2481 690 2620 762 quia
2678 689 2774 762 qui
2823 689 3045 744 intrant
3085 693 3302 744 sectam
3336 705 3560 757 eorum,

1909 777 1969 831 in
2003 783 2250 834 mortem
2298 779 2626 847 incurrunt,
2662 780 2803 851 quia
2855 796 3007 856 vera
3047 777 3163 833 vita
3223 777 3485 851 privatur
3533 795 3558 856 _:

1909 865 2062 922 sicut
2092 872 2288 923 autem
2322 869 2542 924 umbrae
2577 868 2804 934 mortis,
2836 855 3164 938 inter-quas
3197 867 3246 922 si
3286 866 3420 939 quis
3469 855 3560 924 inr-

1909 958 2042 1023 tret,
2075 956 2186 1011 cito
2220 957 2500 1012 moritur:
2524 957 2674 1012 inter
2705 956 2893 1012 tales«
2929 973 3044 1012 non
3080 956 3298 1012 timebo
3329 954 3557 1024 mala»,

1907 1043 1964 1098 id
2015 1049 2103 1099 est
2148 1051 2462 1101 venenatas
2510 1046 2920 1117 persuasiones
2971 1062 3173 1101 eorum
3206 1068 3236 1094 «
3278 1044 3558 1117 quoniam

1907 1136 1970 1188 tu
1996 1150 2226 1189 mecum
2254 1152 2316 1190 es
2353 1157 2379 1184 »
2412 1134 2512 1207 qui
2545 1134 2791 1191 tuitione
2821 1139 2934 1190 tua:
2967 1134 3275 1206 prasentia
3315 1149 3407 1189 me
3458 1135 3558 1190 de-

1905 1222 2118 1278 fendis.

1978 1312 2049 1366 Et
2080 1311 2256 1367 etiam
2289 1336 2316 1362 ‹‹
2364 1311 2527 1385 virga
2556 1316 2676 1381 tua,
2715 1335 2742 1361 »
2775 1312 2833 1366 id
2865 1316 2956 1368 est
2985 1313 3262 1369 correctio
3292 1316 3396 1369 tua
3440 1335 3469 1363 ‹‹
3501 1316 3559 1370 et

1906 1399 2154 1456 baculus
2185 1405 2343 1468 tuus,
2379 1424 2407 1450 »
2429 1401 2485 1456 id
2521 1405 2610 1457 est
2641 1402 3002 1472 adjutorium
3032 1406 3224 1470 tuum,
3267 1417 3382 1474 quo
3432 1419 3562 1458 sus-

1905 1492 2170 1544 tentatur
2201 1490 2416 1561 aliquis
2448 1489 2807 1560 ﬁdelis,cum
2831 1506 2934 1562 per
2965 1507 3025 1545 sc
3059 1507 3173 1545 non
3205 1489 3392 1562 possit
3421 1490 3560 1545 sub-

1905 1578 2129 1646 sistere,
2187 1578 2338 1634 sicut
2385 1578 2660 1634 infirmus
2711 1579 2920 1634 baculo
2956 1595 2968 1633 :
3007 1601 3034 1628 »
3067 1579 3200 1650 Ipsa
3231 1593 3325 1634 me
3351 1594 3563 1653 conso-

1903 1667 2024 1723 lata
2081 1671 2280 1723 sunt»
2313 1668 2372 1723 in
2421 1668 2603 1741 virga,
2653 1668 2924 1741 quamvis
2980 1684 3097 1724 non
3143 1667 3378 1724 videtur
3433 1684 3563 1725 esse

1904 1757 2200 1825 solatium,
2263 1757 2646 1813 consolantur
2701 1761 2900 1813 tamen
2961 1762 3020 1814 et
3065 1758 3125 1812 in
3177 1757 3289 1813 hoc
3346 1758 3560 1828 sancti,

1901 1846 2040 1916 quia
2071 1863 2174 1918 per
2201 1846 2310 1902 hoc
2341 1847 2679 1919 intelligunt
2707 1851 2763 1902 et
2793 1846 3032 1918 purgari
3084 1863 3147 1901 se
3197 1864 3231 1902 a
3279 1845 3554 1918 peccatis,

1901 1939 1957 1990 et
1990 1936 2046 1989 in
2080 1935 2194 1990 alia
2225 1935 2341 1990 vita
2372 1953 2489 1990 suae
2519 1935 2812 2006 patientiae
2863 1951 2924 1990 se
2967 1950 3250 2007 magnum
3298 1934 3556 1990 fructum

1905 2024 2204 2095 consequi.
2259 2025 2423 2080 Unde
2477 2023 2790 2096 Apostolus
2845 2039 2856 2078 :
2911 2045 2938 2073 «
2990 2023 3194 2078 Omnis
3243 2022 3556 2094 disciplina

1903 2113 1960 2168 in
1995 2113 2268 2185 prmsenti
2302 2130 2419 2168 non
2448 2112 2678 2168 videtur
2706 2128 2834 2167 esse
2864 2111 3086 2184 gaudii,
3119 2112 3221 2166 sed
3262 2111 3554 2182 mmroris,

1904 2203 1961 2256 in
1997 2204 2191 2258 futuro
2223 2207 2421 2258 autem
2456 2202 2712 2256 fructum
2736 2202 2903 2257 affert
2919 2199 3550 2272 pacatissimum(Hebr.

1901 2296 2022 2361 x11),
2056 2316 2084 2341 ››
2117 2297 2174 2348 et
2203 2292 2323 2349 haec
2355 2296 2445 2348 est
2477 2296 2638 2347 sexta
2667 2291 2874 2365 gratia.
2909 2288 3076 2346 Ponit
3106 2287 3420 2360 septimam
3461 2285 3554 2342 di-

1902 2398 2039 2437 C-CI'lS
2073 2398 2086 2436 ἒ

1974 2469 2234 2525 «Parasti
2253 2470 2310 2525 in
2330 2473 2647 2542 conspectu
2683 2469 2937 2536 meo,»id
2964 2471 3054 2524 est
3082 2465 3340 2523 habilem
3365 2482 3459 2522 me
3480 2465 3558 2523 fe—

1901 2559 2031 2615 cisti
2064 2558 2164 2631 qui
2197 2557 3039 2632 intelligerem,«mensam,nid
3069 2561 3159 2613 est
3182 2555 3555 2612 Dominicum

1901 2667 2136 2720 corpus,
2171 2665 2437 2704 mensam
2470 2649 2623 2716 dico,
2655 2645 3004 2719 adjutricem
3032 2647 3147 2702 mei
3161 2669 3188 2695 «
3224 2646 3502 2722 adversus
3527 2667 3556 2694 »

1900 2753 2105 2792 omnes
2138 2761 2164 2785 ‹‹
2195 2754 2293 2792 eos
2326 2737 2423 2808 qui
2455 2735 2745 2792 tribulant
2795 2753 2908 2791 me.
2957 2758 2984 2784 »
3015 2736 3143 2791 Non
3174 2734 3365 2790 solum
3396 2734 3554 2790 enim

1899 2825 2202 2882 Dominico
2236 2841 2474 2896 corpore
2524 2842 2558 2879 a
2602 2825 2760 2880 vitiis
2809 2825 3188 2891 mundamur,
3235 2822 3554 2877 virtutibus

1899 2913 2214 2985 replemur,
2251 2913 2352 2967 sed
2383 2912 2560 2967 etiam
2593 2916 2797 2967 contra
2826 2926 3062 2967 omnem
3086 2909 3553 2983 persecutionem

1900 3005 2325 3057 sustentamur.
2359 3000 2635 3056 Octavam
2666 2999 2919 3072 gratiam
2949 2998 3115 3070 ponit
3143 3014 3279 3054 cum
3311 2997 3454 3052 dicit
3484 3013 3499 3052 :

1971 3088 2395 3161 «Impinguasti
2419 3087 2929 3160 caputmeum,»id
2945 3091 3036 3141 est
3054 3091 3311 3142 mentem
3333 3101 3549 3156 meam,
3626 3132 3628 3134 .

1901 3202 1927 3228 ‹‹
1966 3179 2023 3232 in
2053 3177 2197 3245 oleo,
2234 3200 2262 3226 »
2295 3176 2354 3231 id
2385 3181 2476 3232 est
2523 3177 2582 3231 in
2616 3175 2837 3248 Spiritu
2885 3179 3087 3231 sancto
3136 3174 3238 3248 qui
3284 3178 3554 3248 penetrat

1901 3267 2180 3336 animam,
2216 3271 2273 3321 et
2307 3267 2454 3320 fovet
2479 3266 2739 3321 animam
2772 3265 2924 3320 sicut
2950 3263 3144 3320 oleum
3171 3280 3428 3320 carnem.
3447 3261 3552 3319 Vel

144 3358 194 3410 et
229 3356 398 3429 quasi
451 3355 643 3428 pulvis
692 3356 856 3429 prius
903 3357 1202 3413 fueramus
1235 3357 1494 3414 disoluti.
1529 3361 1598 3415 Et
1625 3360 1792 3432 ponit
1819 3347 1862 3414 C
1901 3380 1927 3404 ‹‹
1965 3359 2140 3427 caput
2169 3372 2426 3422 meum,»
2458 3355 2516 3408 id
2547 3358 2636 3410 est
2665 3353 3089 3419 Christum,cui
3119 3354 3292 3409 datus
3314 3357 3403 3409 est
3421 3351 3554 3431 Spi-f

143 3445 367 3502 tertiam
393 3446 648 3520 gratiam
673 3463 808 3502 cum
833 3446 975 3501 dicit
1002 3464 1049 3501 :u
1068 3448 1327 3503 animam
1347 3466 1536 3504 meam
1562 3467 1794 3506 conver-

145 3531 230 3589 tit.
259 3557 286 3583 »
319 3535 482 3590 Hanc
512 3534 763 3608 gratiam
795 3537 1191 3592 conversionis
1220 3537 1382 3609 ponit
1423 3538 1792 3611 Augustinus

145 3621 631 3692 primam,deinde
660 3624 910 3698 gratiam
935 3625 1446 3698 baptismi,postea
1468 3627 1663 3683 locum
1689 3646 1788 3701 pa-

143 3724 285 3766 scuze
311 3729 324 3766 :
351 3713 451 3768 sed
478 3718 729 3784 possunt
750 3714 923 3768 etiam
945 3713 1053 3769 hoc
1066 3715 1269 3770 ordine
1287 3720 1437 3771 recte
1456 3718 1789 3774 considera-

143 3796 312 3870 ri,per
341 3801 508 3872 prius
531 3801 747 3873 aliquis
781 3820 884 3874 per
913 3803 1172 3858 divinam
1202 3805 1566 3878 Scripturam
1598 3807 1789 3878 pasci-

141 3887 246 3955 tur,
279 3890 492 3945 deinde
531 3890 882 3962 baptizatur,
931 3898 1135 3964 postea
1183 3893 1358 3948 etiam
1410 3896 1788 3968 convertitur,

141 3975 269 4045 quia
298 3995 415 4034 non
447 3983 680 4035 tantum
714 3985 850 4036 ante
881 3981 1242 4053 baptismum
1277 3983 1341 4038 fit
1372 3985 1690 4054 conversio,
1726 3989 1792 4041 ut

142 4063 205 4119 de
233 4065 574 4125 infidelitate
606 4070 677 4124 ad
713 4071 906 4139 fidem,
926 4071 1025 4126 sed
1057 4071 1230 4126 etiam
1264 4077 1396 4143 post
1426 4073 1788 4145 baptismum

141 4156 425 4212 conversio
477 4161 587 4227 est,
623 4157 865 4227 scilicet,
910 4159 1068 4231 quia,
1124 4161 1372 4217 dimissa
1421 4161 1600 4233 priori
1646 4162 1786 4229 vita,

141 4239 312 4299 solam
343 4263 557 4302 novam
589 4247 913 4320 sequimur.

205 4332 477 4397 Quartam
510 4336 678 4408 ponit
707 4336 980 4409 gratiam,
1016 4341 1074 4394 et
1104 4338 1200 4394 ille
1231 4338 1516 4396 Dominus
1545 4339 1644 4410 qui
1669 4339 1789 4395 ani-

141 4432 287 4476 mam
318 4439 510 4481 meam
539 4427 842 4496 convertit,
876 4451 904 4478 ‹‹
940 4427 1181 4483 deduxit
1210 4445 1325 4495 me,
1348 4451 1375 4478 ››
1409 4429 1464 4483 id
1497 4432 1587 4484 est
1617 4428 1786 4501 quasi

141 4503 496 4578 ignorantem
530 4514 697 4584 rexit,
732 4539 761 4565 «
791 4533 968 4588 super
998 4517 1238 4573 semitas
1263 4519 1530 4590 justitiae,
1556 4541 1584 4567 »
1616 4518 1673 4573 id
1700 4522 1789 4574 est

143 4609 236 4664 per
256 4599 418 4670 justa
449 4620 628 4676 opera
649 4621 776 4676 quae
802 4610 940 4662 sunt
970 4606 1192 4662 semitae
1210 4624 1222 4662 :
1240 4607 1379 4680 quia
1408 4625 1513 4679 per
1543 4625 1610 4663 ea
1632 4612 1786 4663 recte

1902 3445 2053 3499 ritus
2077 3448 2460 3512 sanctus,non
2494 3445 2564 3498 ad
2597 3443 3040 3514 mensuram,de
3061 3443 3233 3513 cujus
3254 3442 3556 3497 abundan-

1899 3534 1981 3589 tia
2000 3537 2240 3588 cazterea
2261 3534 2526 3589 membra
2545 3531 3084 3588 collaetanturﬂum
3105 3531 3347 3586 dicituin
3371 3529 3554 3600 oleo,»

1902 3624 2186 3694 majorem
2219 3622 2645 3678 abundantiam
2672 3625 2856 3690 notat,
2877 3637 3053 3693 quam
3087 3620 3136 3676 si
3168 3620 3387 3676 diceret
3407 3619 3552 3676 oleo.

1901 3713 2070 3768 Ponit
2100 3730 2314 3768 nonam
2349 3712 2596 3784 gratiam
2630 3712 2829 3768 dicens
2865 3728 2922 3766 :«
2948 3710 3125 3766 Cadix
3155 3710 3445 3778 meus,nid
3467 3712 3558 3765 est

1898 3806 2072 3874 potus
2089 3801 2376 3872 Dominici
2402 3801 2763 3873 sanguinis,«
2782 3799 3283 3869 inebrians,»quia
3303 3803 3557 3854 terreno-

1899 3908 2031 3946 rum
2065 3891 2202 3946 facit
2232 3891 2515 3956 oblivisci,
2550 3893 2608 3944 et
2637 3889 2814 3943 etiam
2844 3887 2962 3942 vita
3011 3891 3358 3958 praesentem
3411 3902 3555 3941 con-

1899 3980 2104 4048 temni,
2140 3984 2206 4034 ut
2238 3979 2296 4034 in
2327 3977 2638 4034 Laurentio
2681 3981 2842 4048 patet
2891 3979 2948 4029 ct
2994 3973 3288 4030 similibus
3323 3990 3335 4030 :
3370 3977 3427 4030 et
3455 3973 3554 4030 ille

1899 4067 2048 4124 calix
2079 4091 2104 4116 ‹‹
2138 4083 2311 4138 quem
2346 4065 2661 4138 prmelarus
2689 4068 2778 4119 est
2799 4063 2848 4118 ἰ»
2882 4062 3133 4119 Multum
3164 4061 3554 4134 scilicet,quia

1897 4158 2120 4213 confert
2148 4156 2326 4211 vitam
2359 4153 2842 4211 aeternam.Ponit
2869 4151 3136 4208 decinam
3168 4151 3555 4224 gratiam,per

1897 4261 2074 4317 quam
2107 4248 2324 4299 caetera;
2358 4259 2564 4299 novem
2595 4246 3036 4310 conservantur,
3071 4245 3138 4297 ut
3164 4240 3247 4297 ita
3298 4239 3550 4309 dicatur,

1899 4334 1969 4390 ad
2001 4333 2329 4389 custodiam
2363 4331 2611 4386 aliarum
2635 4330 2980 4404 gratiarum.

1969 4447 1996 4474 «
2031 4421 2431 4478 Misericordia
2459 4424 2564 4476 tua
2592 4421 2989 4491 subsequetur
3015 4436 3167 4475 me.»
3199 4420 3364 4476 Sicut
3393 4417 3552 4474 enim

1897 4513 2172 4586 praacedit
2198 4508 2600 4568 misericordia
2631 4509 2980 4565 conferendo
3010 4508 3284 4581 gratiam,
3300 4505 3383 4562 sic
3413 4506 3554 4562 sub-

1898 4607 2182 4676 sequatur
2213 4602 2283 4656 ad
2316 4599 2678 4657 custodiam:
2702 4613 2838 4653 nam
2857 4597 2906 4653 si
2927 4600 3159 4653 tantum
3182 4595 3552 4668 praecederet,

144 4684 208 4738 ad
234 4686 411 4747 vitam
435 4692 732 4749 inceditur
755 4697 1062 4767 super,dat
1085 4696 1253 4752 nobis
1277 4696 1785 4770 intelligere,quod
1823 4723 1870 4788 D
1903 4693 2103 4748 nullus
2135 4691 2417 4747 collocata
2447 4703 2676 4788 servare
2707 4690 2906 4786 posset
2939 4703 2951 4741 :
2987 4709 3014 4736 «
3047 4683 3556 4788 omnibusdiebus

144 4786 248 4829 non
277 4779 506 4837 tantum
539 4783 782 4840 semitas
817 4785 951 4841 illas
985 4785 1383 4858 cognovit,sed
1409 4790 1474 4840 ut
1506 4787 1791 4859 magister

144 4875 330 4922 earum
357 4885 460 4941 per
487 4887 589 4927 eas
621 4871 767 4930 alios
800 4873 1069 4930 incedere
1101 4875 1365 4930 docuerit
1394 4891 1406 4929 :
1436 4879 1494 4930 et
1540 4875 1650 4931 hoc
1674 4892 1789 4930 non

147 4957 367 5024 Propter
414 4958 694 5016 meritum
750 4979 972 5032 meum,
1037 4965 1137 5018 sed
1199 4987 1224 5014 ‹‹
1287 4968 1526 5035 propter
1578 4981 1791 5020 nomen

151 5052 332 5112 suum,
369 5067 396 5096 »
424 5047 483 5102 id
515 5054 604 5105 est
644 5056 711 5107 ut
746 5069 951 5109 verum
1003 5057 1279 5125 appareat
1330 5070 1541 5108 nomen
1592 5072 1792 5127 suum,

154 5127 361 5216 scilicet
389 5139 543 5208 quod
578 5139 846 5197 Salvator
876 5143 1111 5198 dicitur.
1147 5143 1316 5198 Ponit
1347 5142 1611 5214 quintam
1662 5160 1792 5216 gra-

154 5213 304 5288 tiam,
335 5228 390 5278 et
414 5226 496 5282 sic
517 5229 815 5303 jungitur.

220 5305 363 5366 Bene
394 5315 577 5386 dico,«
614 5319 858 5377 deduxit
889 5338 983 5378 me
1016 5338 1194 5394 super
1224 5321 1465 5377 semitas
1489 5322 1795 5394 justitiae,»

161 5410 342 5490 «.nam
367 5408 454 5490 aet
483 5409 640 5478 quod
674 5411 869 5482 majus
901 5415 992 5467 est
1023 5411 1160 5466 fecit
1190 5410 1358 5478 mihi,
1394 5411 1800 5483 scilicet,quod

163 5489 204 5534 81
232 5489 533 5556 persistam
557 5497 714 5554 inter
741 5499 1400 5572 haereticesmumquam
1424 5499 1569 5554 mihi
1595 5518 1800 5558 nocere

163 5575 435 5638 poterunt.
470 5584 540 5641 Et
571 5586 682 5644 hoc
719 5593 846 5646 est<<
877 5594 936 5647 et
967 5589 1014 5646 si
1049 5588 1482 5657 ambulavero,»
1502 5587 1557 5643 id
1590 5594 1679 5645 est
1699 5591 1800 5646 diu

167 5669 520 5761 Permaneam
551 5696 580 5725 «
611 5675 673 5731 in
705 5677 899 5733 medio
930 5678 1153 5733 umbra:
1186 5677 1413 5746 mortis,
1450 5698 1478 5725 ››
1511 5677 1568 5732 id
1609 5682 1699 5733 est
1740 5679 1800 5734 in

168 5747 343 5810 medio
373 5753 917 5844 haereticorum,qui
950 5755 1231 5826 dicuntur
1260 5767 1490 5839 umbra,
1525 5767 1662 5847 quia
1703 5768 1803 5828 ha-

1900 4782 2028 4839 vitae
2062 4798 2224 4836 meae.
2244 4781 2370 4834 »Ad
2402 4779 2511 4834 hoc
2544 4776 2944 4848 subsequitur,
2961 4779 3026 4832 ut
3057 4791 3160 4848 per
3189 4773 3409 4848 gratias
3437 4773 3554 4830 col-

1899 4873 2049 4927 latas
2105 4876 2160 4926 et
2211 4868 2535 4925 custoditas
2581 4867 2906 4922 inhabitem
2953 4865 3014 4920 in
3064 4864 3239 4919 domo
3277 4862 3553 4919 cmlestis.

1901 4959 2270 5019 Hierusalem
2305 4983 2331 5008 «
2365 4958 2425 5013 in
2457 4955 2824 5030 longitudine
2854 4955 3105 5023 dierum,
3155 4975 3184 5003 »
3228 4953 3286 5008 id
3335 4955 3444 5021 est,
3490 4951 3556 5009 in

1904 5057 2207 5108 aeternum.
2247 5049 2306 5105 Si
2337 5051 2393 5103 et
2416 5047 2722 5114 habeatur,
2771 5045 2855 5102 sic
2900 5045 3174 5118 legatur:
3218 5043 3556 5114 Subsequa—

1902 5147 2002 5197 tur
2033 5159 2126 5196 me
2157 5137 2560 5194 misericordia
2585 5135 2688 5192 Dei
2720 5139 2785 5190 ut
2815 5134 3128 5208 persistam
3159 5133 3219 5188 in
3259 5132 3371 5188 hac
3415 5131 3554 5203 vita,

1906 5255 1933 5282 ‹‹
1969 5235 2025 5286 et
2058 5235 2119 5286 ut
2154 5228 2476 5284 inhabitem
2512 5226 2568 5280 in
2605 5225 2777 5280 domo
2811 5223 3066 5280 Domini.
3109 5246 3136 5272 ››
3186 5223 3256 5279 Et
3301 5220 3424 5276 hac
3470 5224 3560 5278 est

1906 5317 2340 5378 commendatio
2372 5314 2886 5389 gratiarum,quod
2916 5312 3174 5369 ostendit
3200 5327 3305 5386 per
3332 5309 3441 5368 has
3463 5309 3559 5384 dav

1909 5412 1958 5468 ri
1991 5409 2286 5467 caelestem
2318 5407 2581 5461 domum.

2387 5495 2459 5550 IN
2501 5491 2849 5549 PSALMUM
2887 5491 3083 5548 XXIII.

2078 5589 2354 5644 Trruws.
2390 5583 2642 5639 Psalmst
2673 5581 2841 5638 David
2862 5583 2923 5638 in
2947 5583 3133 5655 prima
3164 5579 3395 5637 sabbati.

1983 5703 2010 5730 ‹‹
2044 5675 2279 5736 Domini
2309 5677 2399 5730 est
2426 5677 2636 5728 terra.»
2652 5670 2920 5727 Psalmus
2950 5669 3061 5728 iste
3090 5669 3360 5727 convenit
3378 5668 3562 5727 David

1910 5767 2204 5850 prophetae
2236 5763 2332 5824 hic
2363 5761 2626 5840 loquenti
2655 5759 2715 5820 in
2746 5759 3212 5821 consideratione
3245 5758 3566 5822 Ι)οωίιήοω
