3914 6388
157 463 272 528 973

1332 455 1832 523 EXPLANATIO
1876 453 1956 516 IN
2003 455 2390 521 PSALMOS.

3453 457 3574 524 ειη

154 613 268 673 quo
295 594 550 654 intendit
568 613 676 654 nos
707 597 1023 654 admonere
1051 593 1211 652 hunc
1232 594 1550 651 Dominum
1582 609 1798 667 magno
1829 588 1886 657 Α
1988 590 2186 664 Neque
2217 592 2315 648 alii
2346 592 2646 651 rstrahent
2664 610 2898 669 me,per
2917 591 3073 672 quod
3104 583 3573 673 erubescentiam

154 688 360 745 affectu
393 685 845 758 suscipiendum
867 703 1017 742 esse.

223 801 250 828 ‹‹
271 778 384 834 Iste
402 793 500 832 rex
513 776 710 848 gloriae
728 799 754 826 »
772 781 861 833 est
875 800 903 827 «
919 776 1238 832 Dominum
1249 776 1595 845 virtutum,»
1619 777 1674 832 id
1696 780 1804 844 est,

155 865 548 938 angelicorum
580 867 848 922 omnium
880 867 1155 922 ordinum
1191 882 1204 922 :
1238 866 1375 921 licet
1405 865 1649 920 virtutes
1681 881 1806 936 pro-

155 945 342 1019 prium
373 962 588 1001 nomen
620 947 693 1001 sit
723 947 901 1002 unius
931 946 1378 1015 ordinis,tamen
1403 946 1470 1001 ﬁt
1491 960 1804 1001 commune

151 1033 434 1091 omnium.
458 1034 775 1091 Sciendum
805 1040 893 1091 est
923 1037 1080 1106 quod
1111 1036 1293 1091 David
1323 1036 1383 1090 in
1417 1052 1668 1108 persona
1697 1051 1806 1090 sua

153 1123 535 1180 utiturverbis
555 1124 920 1197 angelorum.
938 1125 1207 1180 Przevidit
1223 1125 1380 1180 enim
1403 1142 1506 1197 per
1518 1124 1802 1197 Spiritum

151 1217 440 1282 sanctum,
473 1213 714 1286 angelos
734 1231 1125 1286 praecursores
1147 1214 1472 1282 Christi,ad
1507 1213 1801 1269 infernum

151 1301 267 1359 haec
317 1302 582 1359 dicturos
615 1319 629 1359 :
661 1325 690 1353 «
722 1319 756 1359 o
806 1302 1122 1376 principes,
1160 1327 1187 1353 »
1220 1304 1277 1359 id
1337 1307 1427 1359 est
1484 1303 1800 1373 daemones,

149 1413 178 1443 α
205 1391 430 1448 attolite
460 1396 679 1465 portas,
708 1414 735 1443 »
766 1392 825 1448 id
856 1397 964 1462 est,
999 1393 1305 1449 clausuras
1331 1391 1563 1460 inferni,
1583 1390 1800 1464 quibus

147 1481 350 1537 tenetis
379 1481 612 1538 animas
643 1487 1002 1538 sanctorum.
1020 1481 1287 1537 Praavidit
1306 1497 1539 1554 quoque
1560 1480 1800 1554 angelos

148 1568 355 1626 Christi
386 1587 804 1643 praecursores,
829 1571 889 1626 in
933 1571 1275 1628 ascensione
1320 1571 1445 1626 haec
1489 1571 1795 1626 dicturos:

149 1657 386 1715 «Porta:
418 1659 744 1728 eternales,
783 1682 810 1711 »
842 1660 900 1716 id
933 1662 1041 1729 est,
1076 1660 1275 1716 aditus
1303 1660 1364 1715 in
1395 1658 1673 1728 caelestia,
1698 1675 1802 1731 per

149 1763 292 1820 quos
320 1747 523 1811 nullus
551 1748 728 1805 homo
762 1766 950 1822 usque
972 1750 1148 1805 modo
1165 1748 1384 1805 intrare
1405 1748 1615 1820 potuit,
1643 1772 1670 1799 «
1690 1747 1800 1804 ele-

146 1836 358 1894 vamini
415 1860 446 1887 »
478 1837 537 1893 id
570 1842 662 1894 est
689 1839 1084 1911 ampliamini,
1117 1861 1145 1889 «
1179 1843 1236 1894 et
1264 1838 1532 1893 introibit
1562 1855 1660 1892 rex
1681 1837 1800 1910 glo-

145 1925 260 1981 rias.
287 1948 323 2028 ζ).
347 1927 620 2028 Praevidit
647 1944 884 2000 quoque
912 1928 1199 2001 propheta
1227 1928 1350 1983 haec
1376 1928 1797 2028 ‘responde‘nda
1826 1961 1874 2028 Β

142 2014 396 2088 angelis:
431 2015 707 2072 dixerunt
719 2017 881 2073 enim
903 2017 1198 2073 daemones
1223 2015 1448 2089 angelis
1471 2017 1796 2088 praeceden-

140 2103 297 2161 tibus
327 2104 631 2164 Christum
663 2107 735 2162 ad
759 2106 1078 2162 infernum.
1099 2131 1126 2156 ‹‹
1153 2105 1293 2173 Quis
1315 2109 1405 2161 est
1427 2106 1538 2162 iste
1559 2122 1656 2160 rex
1677 2105 1796 2177 glo-

136 2191 250 2260 riae,
282 2210 461 2267 quem
501 2193 626 2251 huc
671 2195 1006 2252 venientem
1059 2194 1466 2251 annuntiatis?
1513 2195 1626 2250 Sed
1683 2195 1792 2250 hoc

136 2279 289 2338 idem
305 2283 677 2356 quaesierunt
704 2284 971 2342 caelestes
1005 2283 1217 2358 angeli,
1253 2301 1388 2340 cum
1420 2284 1504 2339 eis
1527 2284 1792 2339 ascensio

135 2369 342 2428 Christi
377 2391 412 2429 a
445 2373 835 2445 praesentibus
881 2373 1106 2447 angelis
1136 2374 1532 2430 nuntiaretur.
1552 2373 1792 2428 Certum

136 2460 401 2516 estsenim
436 2463 726 2534 quosdam
757 2461 997 2536 angelos
1042 2463 1346 2536 ignorasse
1385 2463 1792 2518 ascensionem

138 2547 345 2606 Christi
375 2552 564 2607 donec
594 2551 889 2620 viderunt,
913 2556 970 2607 et
995 2552 1261 2608 videntes
1302 2550 1469 2607 valde
1519 2551 1792 2607 admirati

139 2640 750 2714 sunt.lnquirentibus
772 2645 969 2700 autem
993 2641 1221 2714 angelis
1251 2645 1372 2696 tam
1405 2640 1793 2697 infernalibus

141 2743 310 2799 quam
332 2729 672 2786 caelestibus
683 2731 1106 2802 praecurrentes
1120 2728 1310 2802 angeli
1329 2730 1756 2801 responderunt
1775 2746 1788 2784 :

143 2837 169 2866 «
201 2817 486 2877 Dominus
508 2819 676 2875 fortis
697 2824 754 2874 et
777 2819 1299 2891 potens,Dominus
1325 2821 1532 2888 potens
1553 2817 1613 2872 in
1646 2835 1791 2889 prae-

141 2901 232 2960 lio.
261 2907 502 2964 Attolite
532 2913 752 2980 portas,
790 2931 817 2957 ››
848 2906 1218 2979 ingeminant
1248 2923 1417 2962 suam
1449 2905 1790 2977 praaceptio-

141 3009 286 3064 nem,
321 2996 463 3069 quia
492 3013 613 3052 rem
645 2996 858 3052 miram
887 2999 944 3051 et
984 2993 1388 3050 incredibilem
1437 2994 1791 3050 annuntiare

143 3082 433 3141 videntur.

619 3208 693 3264 IN
733 3208 1082 3264 PSALMUM
1121 3207 1312 3264 XXIV.

436 3315 710 3372 Trruws.
741 3316 808 3372 In
833 3316 1000 3387 ﬁnem
1024 3315 1272 3388 psalmus
1301 3316 1494 3371 David.

205 3460 232 3488 «
253 3439 337 3494 Ad
362 3439 752 3506 te,Domine.»
777 3439 1130 3512 Loquiturin
1150 3439 1258 3494 hoc
1272 3438 1500 3512 psalmo
1513 3439 1790 3512 Ecclesia,

141 3542 262 3598 quae
283 3528 654 3602 significatur
672 3545 777 3601 per
806 3529 986 3585 David
1015 3533 1106 3584 :et
1138 3533 1229 3585 est
1257 3528 1507 3583 materia
1531 3527 1792 3584 clamans

141 3613 198 3675 in
219 3618 518 3692 angustiis
551 3618 730 3690 hujus
760 3618 989 3672 mundi.
1013 3617 1094 3674 De
1123 3618 1254 3690 ipsa
1273 3617 1355 3672 ita
1377 3618 1534 3690 agit:
1562 3617 1795 3690 petitle—

143 3708 278 3760 vataa
303 3707 517 3762 animae
549 3725 667 3764 suae
698 3707 822 3763 vias
852 3706 1086 3763 Domini
1135 3705 1550 3774 demonstrari,
1581 3706 1793 3762 deinde

145 3794 282 3864 petit
309 3796 748 3853 misericordias
779 3813 927 3868 quas
950 3797 1252 3852 consuevit
1282 3796 1437 3852 Deus
1475 3796 1663 3852 facere
1693 3813 1794 3851 cae-

145 3883 276 3939 teris
315 3885 610 3956 patribus,
653 3884 864 3941 deinde
913 3885 1194 3941 describit
1231 3886 1488 3957 justum,
1522 3889 1580 3941 et
1627 3886 1794 3958 ponit

144 3972 440 4040 pramium
470 3972 718 4044 justitiae
748 3973 897 4044 ejus,
930 3976 988 4028 et
1019 3973 1309 4045 promittit
1354 3991 1416 4029 se
1463 3991 1668 4030 vovere
1713 3974 1791 4030 si-

147 4057 334 4115 milem
365 4061 438 4131 ei,
475 4065 533 4117 et
564 4061 818 4117 intendit
838 4061 1176 4130 admonere,
1208 4066 1274 4117 ut
1303 4061 1593 4133 patienter
1612 4061 1792 4133 hujus

147 4148 341 4204 mundi
371 4149 804 4217 necessitatem,
821 4166 925 4204 nec
946 4153 1146 4205 monet
1173 4151 1247 4204 ad
1297 4149 1666 4221 martyrium,
1687 4149 1791 4203 sed

148 4239 568 4295 utcommunes
600 4237 900 4295 molestias
929 4239 1111 4310 hujus
1139 4238 1268 4294 vitae
1300 4238 1591 4309 patienter
1621 4238 1795 4292 susti-

149 4337 404 4397 aeamus,
417 4326 766 4400 quasetiam
787 4343 994 4383 omnes
1013 4326 1202 4383 sancti
1233 4327 1598 4383 confessores
1618 4325 1794 4381 inevi-

148 4411 393 4471 tabiliter
420 4416 855 4474 sustinuerunt.

209 4501 283 4558 Et
300 4509 618 4578 antequam
637 4508 796 4578 petat
815 4504 1379 4561 demonstrationem
1400 4504 1796 4578 viarnm,prse-

153 4589 324 4649 mittit
341 4593 592 4651 levatam
624 4611 754 4651 esse
770 4593 1032 4650 animam
1053 4610 1189 4649 cum
1221 4593 1393 4650 dicit:
1415 4616 1443 4645 ‹‹
1468 4595 1734 4664 Domine,
1764 4617 1792 4644 »

1918 681 2194 753 patiar,et
2216 682 2323 738 hoc
2349 684 2523 739 dicit:
2550 709 2576 733 «
2592 685 2789 757 Neque
2808 669 3033 740 inimici
3049 684 3162 740 mei
3185 706 3212 734 »
3235 669 3572 758 spirituales

1917 769 2038 826 sive
2067 773 2396 844 corporales
2429 797 2455 824 «
2489 774 2773 832 irrideant
2795 791 2911 844 me,
2937 797 2965 824 ››
2995 774 3054 830 id
3080 778 3188 843 est,
3211 774 3574 833 faciantirri‘

1917 859 2170 915 sibilem.
2206 864 2460 918 Tantum
2491 864 2643 919 valet
2675 864 2796 919 haec
2829 863 3068 936 optatio,
3085 868 3373 937 quantum
3405 865 3454 922 si
3486 865 3571 922 di-

1916 955 2088 1019 ceret,
2109 967 2223 1005 non
2257 952 2610 1018 irridebunt,
2631 959 2686 1009 et
2715 970 2846 1010 vere
2867 971 2984 1010 non
3015 955 3357 1011 erubescam
3371 969 3567 1031 neque

1913 1037 2220 1106 irridebor,
2254 1057 2389 1096 cum
2417 1041 2605 1097 levata
2637 1043 2836 1098 anima
2866 1043 2925 1098 in
2975 1047 3031 1099 te
3081 1043 3393 1112 conﬁdam,
3427 1043 3568 1120 quia

1913 1125 1997 1182 ita
2024 1131 2113 1182 est
2141 1127 2200 1183 in
2232 1129 2528 1185 omnibus.
2549 1131 2619 1185 Et
2661 1130 2771 1186 hoc
2800 1135 2888 1187 est
2924 1132 3077 1204 quod
3110 1131 3270 1200 dicit,
3295 1155 3323 1183 ‹‹
3347 1132 3565 1190 etenim

1913 1216 2168 1272 universi
2196 1217 2296 1288 qui
2327 1218 2620 1274 sustinent
2638 1223 2714 1286 te,
2741 1242 2768 1270 ››
2802 1220 2860 1275 id
2892 1220 3117 1292 est,qui
3138 1221 3250 1277 sub
3267 1220 3564 1299 malorum

1912 1307 2315 1376 persecutione
2345 1307 2628 1363 auxilium
2661 1312 2832 1364 tuum
2860 1309 3211 1366 ﬁducialiter
3228 1314 3569 1386 exspectant

1911 1415 1941 1442 «
1970 1410 2085 1449 non
2110 1396 2563 1469 confundantur,
2592 1420 2620 1447 ››
2643 1397 2702 1453 id
2725 1402 2834 1467 est,
2859 1415 2975 1454 non
2997 1397 3301 1474 habebunt
3330 1385 3567 1474 erubes-

1911 1483 2162 1538 centiam
2195 1484 2266 1540 de
2289 1484 2505 1557 aliquo.

1981 1572 2353 1629 Sustinentes
2386 1591 2500 1630 non
2530 1575 2985 1646 confundentur,
3020 1578 3120 1632 sed
3155 1593 3359 1633 omnes
3380 1576 3569 1653 iniqui

1909 1663 2362 1730 confundentur,
2387 1667 2516 1719 tum
2539 1664 2678 1736 quia
2702 1665 2904 1738 inique
2924 1670 3128 1739 agunt,
3145 1668 3275 1722 tum
3297 1665 3437 1740 quia
3468 1685 3567 1740 su-

1908 1768 2212 1823 pervacue.
2228 1753 2297 1808 Et
2326 1753 2435 1809 hoc
2457 1757 2546 1808 est
2574 1770 2586 1808 :
2617 1778 2644 1804 «
2667 1754 3119 1810 Confundantur
3138 1771 3344 1830 omnes
3357 1755 3568 1828 iniqua

1909 1846 2144 1913 agentes
2167 1859 2546 1914 supervacue.
2581 1865 2610 1891 »
2643 1867 2670 1892 «
2707 1844 3075 1915 Supervacue
3110 1866 3140 1893 ››
3170 1844 3452 1900 dicuntur
3471 1845 3565 1918 agi

1907 1929 2007 1983 illa
2028 1930 2148 1985 sive
2178 1930 2333 1985 bona
2353 1931 2494 1998 sint,
2527 1932 2646 1986 sive
2677 1931 2852 2000 mala,
2876 1932 2936 1987 in
2969 1933 3186 2004 quibus
3214 1931 3379 2008 nulla
3407 1918 3566 1990 certa

1904 2019 2260 2091 exspectatio
2290 2023 2398 2085 est,
2415 2023 2471 2075 et
2514 2020 2736 2092 optatio
2767 2037 2947 2092 quam
2979 2020 3118 2077 boni
3147 2025 3384 2097 tantum
3412 2021 3562 2097 valei

1903 2112 2192 2180 quantum
2212 2109 2546 2164 affirmatio.
2561 2109 2708 2164 Cum
2731 2109 2892 2177 dicit,
2914 2110 3274 2168 sustinentes
3294 2128 3410 2187 non
3433 2129 3567 2168 con-

1901 2197 2091 2267 fundi,
2113 2202 2170 2252 et
2199 2198 2434 2270 iniquos
2458 2198 2760 2267 confundi,
2787 2198 3040 2255 maxime
3061 2215 3168 2276 nos
3201 2199 3479 2256 admonet
3500 2204 3567 2256 ut

1902 2287 2329 2342 sustineamus.

1973 2399 2002 2426 ‹‹
2028 2374 2235 2432 Levavi
2257 2375 2516 2431 animam
2539 2391 2762 2444 meam;
2787 2392 2904 2431 non
2923 2376 3330 2444 erubescam,»
3354 2380 3413 2452 et
3434 2377 3564 2454 ideo

1902 2487 1931 2515 «
1966 2465 2306 2521 demonstra
2331 2465 2477 2519 mihi
2525 2465 2650 2520 vias
2697 2468 2854 2533 tuas,
2891 2487 2918 2514 »
2965 2466 3024 2520 id
3073 2469 3182 2534 est,
3215 2483 3564 2524 communes

1901 2554 2341 2626 praeceptiones,
2359 2554 2576 2626 quibus
2598 2554 2720 2609 itur
2745 2555 2816 2609 ad
2840 2557 2917 2621 te,
2933 2554 3200 2611 Domine.
3225 2555 3382 2612 Bene
3399 2545 3561 2626 dieit,

1903 2666 1931 2694 «
1961 2644 2361 2710 demonstra,»
2390 2643 2529 2715 quia
2557 2660 2674 2699 non
2696 2647 2787 2698 est
2817 2643 3074 2699 multum
3093 2643 3481 2722 laborandum
3504 2644 3563 2702 in

1901 2732 2324 2804 cognoscendis
2340 2732 2450 2787 viis
2475 2731 2709 2787 Domini
2733 2749 2746 2786 :
2773 2755 2799 2781 «
2816 2736 2874 2786 et
2896 2733 3141 2788 semitas
3163 2736 3356 2811 tuas.»
3380 2733 3561 2809 idest,

1901 2819 2154 2874 aretiora
2182 2824 2472 2891 praecepta
2494 2824 2618 2886 tua,
2651 2836 2779 2890 qua:
2811 2819 3018 2876 multis
3045 2819 3276 2876 occulta
3313 2824 3474 2900 sunt,
3501 2825 3559 2878 et

1902 2908 2119 2963 rectius
2149 2908 2221 2963 ad
2251 2908 2431 2963 vitam
2455 2908 2681 2963 ducunt
2715 2923 2726 2962 :
2761 2908 2918 2963 sicut
2945 2909 3166 2964 semitis
3193 2925 3320 2982 qum
3341 2907 3556 2984 stricta

1899 2996 2002 3052 viae
2037 3000 2196 3062 sunt,
2231 3000 2288 3051 et
2318 2995 2534 3050 rectius
2566 2996 2639 3051 ad
2688 2994 2982 3050 civitatem
3023 2997 3285 3052 ducunt:
3321 3019 3350 3048 «
3380 2996 3558 3074 edoce

1900 3100 1994 3140 me
2029 3107 2055 3132 ››
2081 3083 2234 3139 illas.
2268 3084 2422 3139 Bene
2453 3082 2616 3149 dicit,
2648 3105 2677 3134 «
2707 3084 2870 3152 doce,
2895 3106 2922 3133 »
2953 3085 3094 3156 quia
3116 3084 3189 3141 ad
3219 3100 3320 3162 eas
3351 3099 3558 3158 cogno-

1901 3173 2148 3229 scendas
2197 3189 2313 3229 non
2365 3176 2598 3228 tantum
2657 3172 3100 3242 demonstratio,
3132 3173 3236 3230 sed
3289 3173 3560 3231 doctrina

1902 3262 2159 3318 maxima
2190 3266 2279 3321 est
2309 3261 2663 3318 adhibenda.

1826 3329 1870 3397 (ἶ
1975 3354 2045 3409 Et
2075 3351 2214 3424 quia
2235 3355 2434 3425 posset
2463 3351 2867 3408 demonstrare
2887 3351 3034 3420 vias,
3059 3356 3116 3408 et
3144 3353 3352 3409 docere
3381 3351 3566 3409 semi-v

1901 3446 2012 3510 tas,
2032 3446 2090 3496 et
2121 3445 2319 3496 tamen
2352 3457 2560 3511 parum
2593 3441 2916 3512 prodesset,
2933 3440 3046 3496 nisi
3070 3458 3206 3497 eum
3229 3441 3384 3498 Deus
3407 3444 3561 3498 recte

1902 3531 1986 3587 ire
2018 3531 2231 3586 faceret
2260 3545 2362 3601 per
2392 3528 2542 3596 illas,
2578 3530 2741 3584 addit
2765 3546 2777 3584 :
2804 3529 3074 3597 Domine,
3096 3545 3190 3585 me
3214 3529 3560 3608 positum-in

1900 3619 2011 3674 viis
2034 3619 2153 3674 tuis
2173 3623 2229 3672 et
2248 3617 2306 3672 in
2332 3617 2559 3673 semitis
2582 3619 2702 3674 tuis
2735 3641 2762 3667 ››
2785 3617 2992 3692 dirige,
3015 3641 3042 3669 ››
3077 3619 3134 3675 id
3157 3620 3562 3688 est,directum

1903 3709 1992 3763 fac
2042 3707 2310 3762 incedere
2341 3730 2369 3756 «
2403 3724 2498 3761 me
2534 3730 2560 3756 ››
2592 3707 2816 3762 scilicet
2865 3707 3124 3779 positum
3148 3732 3177 3758 ‹‹
3209 3707 3270 3763 in
3320 3709 3564 3786 veritate

1902 3800 2025 3865 tua,
2054 3820 2080 3845 »
2102 3796 2160 3850 id
2193 3799 2302 3862 est,
2327 3795 2388 3850 in
2412 3796 2554 3852 Filio
2578 3798 2816 3867 tuo,qui
2847 3800 2937 3851 est
2966 3798 3181 3852 veritas
3206 3812 3218 3851 :
3242 3796 3332 3852 vel
3352 3797 3414 3853 in
3435 3797 3563 3874 lege

1903 3901 2081 3958 quam
2104 3885 2231 3957 ipse
2253 3884 2432 3939 Filius
2449 3885 2667 3951 docuit,
2683 3884 2783 3939 ubi
2807 3884 2932 3940 sola
2946 3885 3163 3940 veritas
3201 3888 3310 3961 est.
3325 3885 3397 3960 Et
3423 3901 3560 3941 cum

1902 3975 2056 4032 bona
2086 3976 2292 4040 fecero,
2319 3995 2348 4021 «
2383 3973 2525 4027 doce
2557 3989 2650 4027 me
2684 3995 2711 4020 »
2739 3976 2804 4026 ut
2833 3988 2939 4044 ego
2967 3971 3294 4045 intelligam
3325 3977 3384 4048 et
3431 3989 3560 4049 quae

1903 4062 2032 4130 feci,
2058 4066 2116 4117 et
2145 4078 2271 4133 quae
2304 4060 2680 4115 credo.Prius
2712 4059 2869 4114 enim
2900 4061 3084 4115 credit
3111 4060 3288 4133 homo
3319 4065 3378 4117 et
3423 4077 3560 4135 ope.

1901 4157 2085 4218 ratur,
2105 4166 2282 4221 quam
2305 4149 2594 4220 intelligat
2615 4149 2770 4220 quod
2795 4149 2975 4204 credit
2996 4153 3054 4205 et
3081 4153 3374 4222 operatur.
3393 4147 3561 4207 Unde

1902 4241 2118 4296 dicitur
2141 4256 2153 4294 :
2176 4261 2204 4288 «
2228 4237 2351 4293 Nisi
2375 4237 2715 4308 credideris,
2742 4255 2858 4293 non
2885 4237 3184 4312 intelliges
3214 4239 3343 4314 (Isa.
3379 4239 3504 4313 vn).
3531 4261 3560 4289 η

1900 4331 1972 4386 Et
2001 4327 2345 4385 Psalmista:
2369 4349 2396 4376 «
2420 4327 2934 4383 Annuntiaverunt
2963 4345 3141 4404 opera
3169 4328 3271 4385 Dei
3321 4333 3378 4386 et
3408 4328 3562 4385 facta

1902 4419 2055 4492 ejus,
2087 4423 2144 4475 et
2171 4421 2487 4490 postquam
2519 4417 3038 4485 annuntiaverunt,
3072 4417 3502 4492 intellexerunt.
3530 4438 3559 4466 κ

1903 4510 2075 4583 (Psal.
2109 4505 2289 4578 um.)
2321 4506 2478 4560 Duas
2510 4520 2721 4560 causas
2751 4506 2918 4577 ponit
2946 4522 3128 4577 quare
3173 4507 3387 4563 debeat
3425 4521 3561 4562 eum

1903 4601 2111 4657 docere
2143 4601 2200 4654 et
2227 4594 2498 4667 dirigere,
2519 4593 2658 4665 quia
2679 4593 2864 4648 credit
2891 4610 3028 4649 eum
3049 4593 3400 4667 salvatorem
3431 4611 3561 4651 esse

152 4691 250 4750 ego
281 4680 513 4740 «levavi
546 4682 805 4740 animam
837 4699 1051 4752 meam,
1077 4706 1104 4732 ‹‹
1138 4683 1196 4738 id
1229 4687 1339 4751 est,
1365 4683 1792 4740 animalitatem
1823 4698 1871 4765 D
1901 4705 2102 4757 suum,
2123 4690 2180 4742 et
2204 4685 2342 4757 quia
2360 4682 2611 4739 sustinet
2636 4697 2771 4737 eum
2804 4698 2817 4736 :
2853 4685 2910 4738 et
2938 4682 3048 4738 hoc
3069 4687 3161 4738 est
3191 4705 3220 4732 ‹‹
3247 4682 3394 4758 quia
3411 4687 3482 4758 tu
3496 4700 3560 4752 es

155 4781 357 4840 meam,
386 4789 520 4845 qua)
551 4773 680 4844 ejus
711 4780 934 4828 natura:
965 4777 1108 4841 erat,
1143 4773 1300 4844 quod
1333 4776 1532 4844 posset
1557 4773 1671 4828 'cito
1703 4774 1798 4829 de-

155 4856 418 4926 primiah
437 4863 704 4934 appetitu
724 4865 1112 4930 terrenorum,
1127 4861 1280 4917 erexi
1304 4884 1332 4911 «
1355 4863 1427 4917 ad
1451 4866 1527 4931 te,
1549 4885 1577 4911 »
1603 4862 1661 4918 id
1683 4866 1792 4932 est,

156 4940 236 5000 ita
261 4952 329 5003 ut.
363 4949 688 5008 obediendo
721 4950 1008 5023 superiori
1027 4951 1083 5006 vi
1106 4950 1456 5020 animae,tibi
1487 4951 1792 5008 deserviat.

154 5030 250 5088 Vel
278 5038 633 5112 accipiamus
663 5039 1026 5112 superiorem
1047 5039 1166 5096 vim
1196 5040 1425 5109 animis,
1449 5040 1641 5113 ipsam
1670 5041 1795 5097 ani-

156 5134 304 5181 mam
325 5126 546 5184 scilicet
562 5128 1006 5199 mentem,velut
1027 5129 1076 5184 si
1096 5129 1255 5185 dicat
1275 5128 1466 5186 fidelis
1489 5146 1502 5185 :
1520 5130 1796 5187 Animam

154 5223 357 5280 meam,
376 5215 444 5272 .id
473 5222 860 5286 est,.mentem
882 5235 1076 5274 meam
1099 5218 1173 5274 ad
1201 5223 1258 5274 te
1287 5220 1688 5276 contuendum
1710 5219 1798 5276 le-

154 5300 270 5355 vavi
279 5300 560 5374 ,id.est,ad
573 5311 804 5363 terrena
819 5307 942 5363 haec
955 5325 1071 5364 non
1082 5307 1326 5381 permisi
1341 5308 1414 5364 ab
1438 5309 1800 5365 animalitate

158 5384 499 5460 deprimi.Et
527 5395 666 5467 quia
694 5396 996 5469 cognoscit
1027 5413 1088 5453 se
1119 5396 1354 5453 mobilis
1401 5401 1646 5465 naturae,
1671 5413 1798 5469 quae

158 5488 254 5544 per
278 5480 532 5554 seipsam
559 5502 676 5540 non
708 5485 898 5556 possit
943 5490 1137 5542 erecta
1175 5486 1516 5557 consistere,
1549 5486 1750 5542 subdit
1783 5504 1796 5543 :

162 5563 360 5624 «Deus
390 5587 576 5642 meus,
612 5575 842 5630 confido
891 5575 951 5630 in
1003 5579 1079 5643 te,
1115 5597 1141 5625 ››
1177 5575 1235 5630 id
1286 5578 1394 5643 est,
1427 5575 1486 5629 in
1533 5577 1801 5632 custodia

164 5654 270 5710 tum
295 5657 725 5732 misericordiae,
741 5668 799 5718 et
819 5665 950 5720 ideo
973 5687 999 5714 ‹‹
1027 5681 1143 5720 non
1166 5665 1532 5731 erubescam,
1550 5686 1578 5713 »
1607 5664 1663 5720 id
1687 5671 1797 5734 est,

166 5756 273 5802 non
299 5750 594 5808 retraham
619 5769 714 5809 me
740 5753 814 5808 ab
845 5753 1042 5826 aliquo
1073 5754 1224 5810 bono
1255 5753 1504 5824 incepto.

1904 4802 1933 4830 «
1957 4779 2112 4834 Deus
2129 4772 2408 4831 salutaris
2429 4774 2681 4840 meus,et
2701 4775 2757 4825 te
2779 4770 3040 4846 sustinui
3063 4774 3184 4846 tota
3201 4769 3422 4845 die,»id
3447 4777 3559 4844 est,

1904 4868 1964 4923 in
1995 4865 2155 4922 omni
2189 4868 2454 4935 tempore
2482 4861 2612 4916 vita:
2646 4875 2807 4917 mea).

1976 4954 2170 5011 Posita
2198 4948 2721 5007 demonstrationis
2748 4949 2978 5004 viarum
3024 4948 3327 5022 petitione,
3345 4948 3564 5006 transit

1905 5046 1977 5102 ad
2026 5041 2368 5116 petitionem
2420 5037 3062 5107 misericordiarum,ut
3099 5037 3184 5094 sic
3233 5037 3411 5108 faciat
3449 5038 3562 5094 sibi

1905 5129 2371 5191 sicutconsuevit
2391 5129 2579 5183 facere
2593 5126 2852 5199 antiquis
2865 5125 3561 5200 patribus.Continuatio:

1906 5221 2054 5289 Quia
2073 5220 2246 5276 credo
2285 5222 2343 5273 te
2367 5216 2716 5273 salvatorem
2740 5220 2799 5271 et
2835 5216 3123 5284 sustineo,
3145 5216 3322 5272 debes
3352 5231 3446 5272 me
3477 5215 3564 5272 di-

1906 5311 2096 5384 rigere
2127 5326 2140 5363 :
2174 5311 2235 5364 'et
2264 5307 2314 5364 si
2347 5324 2464 5363 non
2498 5304 2718 5362 sufﬁcit
2746 5304 2877 5373 hoc,
2916 5306 3174 5361 sufﬁciat
3203 5305 3566 5374 consuetudo

1908 5396 2324 5456 misericordiae
2356 5401 2492 5459 tuae,
2525 5398 2583 5450 et
2611 5393 2720 5448 hoc
2769 5399 2861 5449 est
2893 5410 2906 5447 :
2942 5417 2970 5444 «
3004 5392 3421 5464 Remiuiscere,
3447 5415 3476 5442 ››
3505 5392 3568 5449 id

1908 5492 2018 5557 est,
2053 5488 2143 5542 fac
2178 5483 2322 5540 mihi
2355 5483 2510 5538 sicut
2542 5481 2769 5537 caeteris
2799 5482 3067 5552 patribus
3099 5483 3292 5538 facere
3321 5498 3569 5538 consue-

1908 5575 2042 5632 visti
2077 5593 2089 5629 :
2126 5571 2570 5629 miserationum
2629 5573 2890 5640 tuarum,
2929 5571 3198 5640 Domine,
3229 5574 3287 5626 et
3339 5570 3570 5626 miseri-

1910 5664 2240 5722 cordiarum
2275 5667 2530 5716 tuarum.
2556 5683 2581 5708 ››
2617 5658 2910 5714 Miseratio
2933 5663 3021 5714 est
3052 5659 3333 5716 cxbibitio
3350 5659 3578 5716 miseri.

1913 5754 2122 5811 cordiae
2159 5770 2170 5807 ε
2209 5749 2611 5806 misericordia
2634 5751 2721 5803 est
2751 5748 2994 5804 interior
3035 5748 3268 5822 pietatis
3311 5749 3570 5820 aifertus,
