3914 6366
164 446 284 511 977

1348 446 1847 511 EXPLANATIO
1889 445 1971 509 IN
2014 445 2399 511 PSALMOS.

3466 444 3584 513 278

165 574 383 638 cadunt
409 579 471 637 in
499 578 744 655 laqueos
781 598 794 640 :
827 581 928 655 qui
977 585 1174 640 autem
1219 583 1292 639 ad
1336 582 1653 639 Dominum
1703 582 1816 640 ele-
1844 581 1902 650 Α
1930 582 2152 650 mine,«
2165 582 2369 655 judica
2398 598 2513 637 me.
2539 604 2567 632 »
2600 581 2659 638 id
2681 585 3033 651 est,secerne
3054 598 3149 640 me
3169 581 3243 640 ab
3266 583 3504 658 impiis:
3527 587 3588 642 et

163 672 301 724 vant
331 668 551 739 oculos,
593 669 881 727 Domiuus
913 687 1012 726 eos
1043 689 1078 726 a
1101 670 1327 743 laqueis
1358 671 1551 743 eripit.

235 757 505 831 Respicio
536 757 596 813 in
628 762 704 827 te,
724 764 781 815 et
809 764 872 815 tu
905 784 933 810 ‹‹
959 760 1181 832 respice
1212 761 1271 816 in
1294 777 1454 828 me,»
1479 777 1584 815 nec
1605 761 1734 816 dico
1756 764 1822 816 ut

164 846 500 903 consideres
522 863 617 903 me
643 853 710 903 ut
731 853 978 920 patrem,
995 850 1096 904 sed
1118 853 1182 904 ut
1203 850 1574 917 miserum,et
1594 872 1623 899 ‹‹
1651 850 1765 905 mei
1792 872 1819 899 »

164 935 364 992 miseri
398 958 427 986 «
458 936 737 993 miserere
761 959 789 986 ››
813 938 953 1009 quia
975 938 1280 994 misericor
1300 942 1453 1007 es,et
1474 961 1503 988 «
1527 939 1667 1011 quia
1686 940 1818 994 uni-

162 1040 267 1080 cus
296 1028 354 1080 et
383 1042 608 1097 pauper
626 1042 764 1081 sum
786 1042 951 1099 ego.»
972 1027 1181 1083 Justus
1201 1026 1329 1083 ideo
1347 1026 1558 1083 unicus
1582 1028 1815 1096 dicitur,

163 1113 302 1187 quia
312 1113 384 1169 de
400 1113 677 1170 omnibus
690 1115 867 1171 sectis
880 1132 1060 1170 unam
1073 1115 1259 1170 solam
1273 1121 1494 1171 sectam
1508 1117 1609 1172 Dei
1623 1117 1817 1189 elegit,

161 1206 219 1259 et
244 1202 407 1259 solus
437 1203 553 1258 Deo
585 1204 781 1259 servit.
819 1204 926 1259 Per
953 1204 1063 1259 hoc
1093 1205 1251 1277 quod
1281 1205 1425 1260 dicit
1454 1206 1687 1271 unicus,
1722 1222 1823 1261 no-

161 1294 246 1348 tat
264 1308 328 1347 se
357 1291 441 1348 ita
460 1308 588 1348 esse
610 1291 998 1364 diligendum,
1016 1293 1170 1348 sicut
1191 1295 1404 1349 unicus
1429 1294 1587 1350 ﬁlius
1601 1312 1635 1350 a
1654 1299 1818 1367 patre

160 1380 448 1454 diligitur.
480 1380 801 1454 Pauperem
832 1398 895 1437 se
925 1382 1069 1437 dicit
1089 1384 1314 1454 justus,
1348 1382 1488 1455 quia
1517 1384 1590 1439 ab
1639 1400 1817 1456 appe-

158 1469 270 1526 titu
301 1474 673 1527 terrenorum
703 1475 936 1540 exutus,
976 1476 1213 1544 propter
1241 1471 1351 1528 hoc
1390 1476 1480 1528 est
1505 1473 1721 1546 dignus
1751 1477 1818 1529 ut

160 1559 517 1617 consoletur.
1014 1552 1021 1557 ’

227 1649 372 1706 Dico
394 1671 423 1699 ‹‹
442 1648 740 1718 miserere,
761 1670 788 1697 »
810 1651 867 1704 et
894 1666 1134 1706 necesse
1153 1654 1263 1718 est,
1289 1673 1317 1700 ‹‹
1337 1651 1476 1723 quia
1491 1649 1820 1707 tribulatio-

159 1752 262 1795 nes
286 1737 485 1795 cordis
514 1737 652 1805 mei,
685 1760 714 1787 ››
748 1737 971 1794 scilicet
1000 1756 1129 1812 qua
1159 1739 1221 1794 in
1253 1756 1354 1795 cor
1390 1740 1569 1796 etiam
1609 1758 1817 1797 ascen-

159 1828 395 1895 derunt,
410 1849 439 1876 «
455 1826 860 1899 multiplicatae
883 1831 1024 1883 sunt
1047 1843 1107 1881 :»
1130 1828 1269 1901 quia
1285 1830 1358 1884 ab
1378 1827 1498 1884 illis
1520 1828 1696 1885 etiam
1714 1829 1817 1901 qui

1931 673 2097 745 ponit
2127 689 2366 728 causam
2391 688 2570 744 quare
2592 670 2801 728 debeat
2814 672 3313 745 judicare,dicens
3345 692 3359 731 :
3395 698 3423 725 «
3449 692 3589 748 quo-

1932 762 2093 817 niam
2144 778 2249 833 ego
2300 763 2606 834 ingressus
2655 779 2811 830 sum,
2848 783 2876 811 ››
2909 762 2969 817 id
2999 766 3109 829 est,
3134 761 3347 835 incmpi
3396 764 3587 821 facere

1929 851 2150 906 bonum
2182 852 2298 905 «in
2330 851 2664 905 innocentia
2698 873 2723 899 »
2759 868 2875 905 non
2919 851 3047 906 dico
3080 851 3445 924 angelorum,
3480 853 3583 909 sed

1930 963 1960 990 ‹‹
1981 957 2167 1007 mea,»
2185 940 2244 995 id
2270 944 2357 996 est
2378 940 2611 1013 qualem
2632 944 2825 1011 potest
2845 940 3061 996 habere
3083 940 3347 996 humana
3367 940 3588 1015 fragili-

1928 1034 2042 1096 tas,
2061 1029 2200 1100 quia
2220 1047 2337 1083 non
2357 1029 2494 1084 fecit
2510 1030 2756 1095 furtum,
2782 1045 2887 1084 nec
2909 1028 3294 1086 homicidium
3320 1048 3333 1086 :
3357 1034 3417 1086 et
3443 1030 3585 1103 quia

1928 1122 2128 1190 posset
2156 1117 2468 1189 inecepisse
2489 1118 2549 1172 in
2572 1116 2674 1173 illa
2692 1117 3045 1185 innocentia,
3062 1134 3167 1174 nec
3190 1134 3581 1191 perseverare,

1927 1206 2069 1261 dicit
2090 1228 2118 1255 «
2144 1210 2203 1261 et
2231 1223 2348 1260 non
2368 1205 2715 1260 infirmabor
2738 1229 2764 1253 »
2788 1206 2860 1260 ab
2892 1205 2992 1261 illa
3032 1205 3400 1263 innocentia:
3424 1211 3482 1262 et
3510 1223 3584 1263 ne

1928 1311 2209 1367 arrogans
2236 1294 2552 1366 videretur,
2567 1294 2767 1350 subdit
2799 1311 2812 1350 :
2848 1317 2877 1344 ‹‹
2911 1310 3155 1367 sperans
3183 1294 3243 1351 in
3274 1295 3581 1364 Domino,»

1926 1382 1986 1439 id
2018 1388 2126 1452 est,
2161 1400 2277 1439 non
2308 1399 2377 1438 ex
2405 1382 2653 1453 meritis,
2687 1382 2787 1437 sed
2839 1382 2979 1453 quia
3016 1399 3187 1454 spero
3226 1381 3288 1438 in
3335 1382 3583 1439 Domino

1933 1497 1955 1523 α
1992 1490 2109 1529 non
2140 1473 2505 1528 inﬁrmabor.
2543 1494 2572 1520 η

1998 1561 2209 1618 Judica
2252 1561 2362 1617 hoc
2407 1561 2602 1632 modo,
2637 1560 2860 1616 scilicet
2889 1583 2918 1611 «
2951 1561 3136 1633 proba
3177 1576 3291 1630 me,
3325 1582 3354 1611 n
3384 1560 3444 1616 id
3473 1563 3582 1630 est,

1927 1651 2169 1708 ostende
2187 1667 2300 1718 me,
2318 1672 2347 1701 «
2371 1650 2685 1718 Domine,»
2710 1649 2855 1705 mihi
2875 1653 2933 1706 et
2953 1648 3085 1705 aliis
3106 1650 3441 1722 probatum.
3457 1650 3588 1706 Pro-

1926 1741 2132 1796 batum
2163 1738 2420 1796 ostendit
2448 1739 2605 1794 Deus
2625 1738 2739 1795 Job
2769 1739 2881 1793 sibi
2916 1739 3053 1809 (Job.
3086 1742 3177 1808 1.),
3209 1737 3350 1811 quia
3368 1755 3583 1812 cogno-

1925 1830 2008 1884 vit
2038 1846 2099 1885 se
2130 1828 2320 1883 multa
2350 1845 2520 1899 posse
2542 1827 2662 1899 pati
2697 1844 2710 1882 :
2745 1832 2803 1883 et
2824 1827 3168 1895 aliis,etiam
3191 1828 3581 1896 daemonibus,

158 1914 262 1971 ﬁlii
283 1915 559 1972 Ecclesiae
581 1916 862 1971 deberent
892 1931 1021 1972 esse
1049 1917 1193 1987 justi
1226 1916 1607 1986 tribulantur,
1640 1922 1698 1973 et
1726 1923 1813 1987 tu,
1845 1953 1895 2019 B
1927 1919 2026 1991 qui
2054 1934 2191 1972 eum
2224 1916 2357 1972 Levi
2389 1915 2768 1972 tribulatione
2797 1933 2970 1988 posse
2993 1916 3252 1972 devorari
3271 1917 3577 1989 putabant.

159 2025 188 2056 «
218 2020 359 2062 erue
373 2020 468 2060 me
490 2027 519 2054 ››
533 2021 606 2060 ne
626 2005 977 2078 praavoleant
999 2005 1144 2060 mihi
1168 2029 1195 2055 ‹‹
1218 2006 1288 2061 de
1306 2006 1814 2074 necessitatibus,»

159 2093 218 2149 id
234 2097 344 2163 est,
360 2094 435 2150 de
456 2093 939 2150 tribulationibus
959 2110 1086 2166 qua:
1110 2098 1250 2150 sunt
1279 2093 1425 2150 mihi
1450 2095 1812 2164 necessaria),

159 2182 675 2255 quiainevitabiles
692 2185 1000 2257 sunt.quia
1011 2200 1183 2240 nemo
1187 2185 1210 2256 j
1221 2187 1390 2259 ustus
1404 2183 1816 2242 tribulationes

158 2275 350 2344 potest
377 2271 594 2330 evitare
627 2290 641 2330 :
674 2295 703 2323 ‹‹
737 2273 883 2329 meis
917 2295 945 2323 »
977 2273 1119 2329 dicit
1140 2290 1288 2345 quas
1317 2272 1430 2345 ipsi
1478 2273 1590 2329 sibi
1622 2275 1816 2330 studio

160 2360 468 2418 cbaritatis
497 2367 923 2435 assumpserat.

227 2473 256 2501 «
283 2451 438 2508 Erue
467 2467 584 2518 me,
601 2473 628 2501 »
661 2456 717 2507 et
734 2474 762 2503 «
784 2452 916 2509 vide
934 2451 1333 2508 humilitatem
1356 2453 1681 2522 meam,»id
1705 2457 1813 2523 est,

160 2544 450 2611 quantum
481 2541 596 2596 sim
626 2541 892 2609 humilis,
926 2541 1068 2614 quia
1096 2541 1243 2597 nulli
1276 2558 1371 2597 me
1394 2543 1673 2614 praefero:
1700 2565 1729 2592 ‹‹
1761 2548 1819 2599 et

157 2625 419 2684 laborem
450 2646 651 2685 meum
682 2653 712 2679 »
744 2647 920 2702 quem
952 2631 1213 2686 sustineo
1236 2631 1593 2703 disputando
1615 2636 1820 2687 contra

160 2717 507 2775 manifestos
536 2718 745 2785 malos,
779 2723 836 2774 et
866 2720 1237 2776 admonendo
1268 2737 1387 2788 eos,
1422 2725 1481 2775 et
1506 2720 1634 2776 ideo
1667 2744 1695 2770 ‹‹
1728 2720 1815 2775 di-

159 2804 323 2862 mitte
353 2808 633 2864 universa
661 2807 874 2863 delicta
904 2824 1053 2863 mea.
1074 2830 1101 2857 ››
1126 2809 1301 2864 Facta
1323 2809 1584 2864 oratione
1604 2825 1708 2881 pro
1731 2825 1814 2877 se,

160 2893 296 2950 facit
318 2896 645 2951 orationem
667 2913 772 2967 pro
800 2895 1081 2954 inimicis.
1116 2896 1489 2952 Continuatio
1523 2913 1536 2951 :

228 3005 257 3033 α
281 2984 531 3057 Respice
542 2985 603 3040 in
617 3002 730 3052 me,
741 3007 767 3033 »
781 2988 838 3040 et
848 2986 1027 3040 etiam
1044 3008 1071 3035 «
1087 2985 1311 3056 respice
1326 2985 1599 3040 inimicos
1610 3002 1774 3041 meos
1788 3008 1815 3034 ››

159 3071 324 3129 oculo
357 3072 881 3140 misericordiae,de
910 3073 1127 3145 quibus
1147 3078 1237 3129 est
1264 3075 1487 3146 grande
1508 3074 1815 3143 damnum,

160 3160 489 3233 «quoniam
511 3160 624 3234 ipsi
642 3161 1016 3235 multiplicati
1039 3167 1199 3229 sunt,
1219 3184 1246 3211 »
1269 3162 1327 3217 id
1346 3166 1454 3233 est,
1470 3161 1639 3216 multi
1655 3167 1815 3232 sunt,

161 3248 256 3318 qui
278 3249 459 3305 etiam
484 3249 589 3305 filii
613 3250 747 3306 facti
771 3255 913 3306 sunt
935 3250 1244 3319 inimici,et
1264 3250 1375 3323 ipsi
1398 3274 1427 3301 «
1453 3253 1705 3307 oderunt
1725 3270 1818 3309 me

162 3336 291 3393 odio
321 3338 552 3411 iniquo,
582 3362 609 3389 »
641 3339 781 3412 quia
810 3357 914 3411 pro
946 3339 1116 3396 bonis
1147 3340 1468 3395 reddebant
1498 3340 1674 3397 mala.

229 3426 299 3481 Et
328 3427 553 3484 talibus
585 3451 612 3478 «
638 3428 868 3484 custodi
892 3428 1152 3484 animam
1185 3445 1378 3484 meam
1407 3451 1434 3479 ››
1467 3446 1540 3485 ne
1571 3446 1664 3485 me
1706 3430 1819 3485 sibi

165 3514 523 3572 conformem
547 3517 797 3573 reddant
820 3534 833 3572 :
859 3521 915 3571 et
936 3516 985 3572 si
1008 3516 1120 3589 ipsi
1138 3516 1347 3572 nolunt
1363 3518 1615 3573 converti
1640 3541 1668 3567 «
1683 3534 1821 3574 erue

165 3615 255 3656 me
290 3625 319 3651 ιι
348 3606 529 3673 etiam
561 3623 595 3661 a
625 3606 910 3678 corporali
968 3605 1280 3678 praesentia
1326 3622 1551 3675 eorum,
1575 3606 1817 3677 scilicet,

162 3688 397 3749 destrue
426 3711 526 3750 eos
552 3710 564 3749 :
592 3710 729 3751 erue
755 3698 822 3750 ut
843 3717 871 3743 ‹‹
897 3701 1013 3751 nOn
1034 3696 1375 3750 erubescam
1399 3718 1427 3744 »
1459 3714 1531 3751 ne
1553 3714 1620 3752 eo
1637 3720 1663 3747 ‹‹
1683 3702 1820 3769 quo-

162 3777 317 3835 niam
353 3783 583 3856 speravi
614 3783 674 3839 in
703 3788 781 3852 te,
819 3807 847 3833 »
880 3785 1021 3856 quia
1051 3785 1163 3841 nisi
1195 3789 1259 3840 tu
1292 3802 1546 3855 erueres,
1576 3791 1718 3843 tunc
1749 3788 1820 3843 de

163 3881 261 3939 spe
291 3886 424 3928 mea
452 3873 878 3929 erubescerem.

227 3957 377 4016 Erue
400 3978 515 4030 me,
548 3966 607 4017 et
631 3965 694 4017 tu
728 3984 756 4011 «
791 3963 968 4031 Deus,
998 3985 1025 4011 »
1058 3985 1084 4012 ‹‹
1119 3962 1304 4019 libera
1333 3964 1530 4032 Israel,
1560 3988 1586 4013 ι)
1616 3964 1673 4019 id
1708 3968 1815 4033 est,

161 4057 359 4103 omnes
408 4055 468 4106 te
516 4051 810 4119 videntes;
846 4073 873 4101 ‹‹
908 4068 977 4106 ex
1025 4051 1304 4107 omnibus
1335 4053 1819 4109 tribulationibus

162 4133 319 4190 suis:
348 4160 376 4187 »
408 4142 468 4195 et
495 4140 805 4213 praemittit
823 4157 1065 4196 causam
1098 4157 1281 4212 quare
1308 4158 1410 4212 pro
1443 4140 1660 4196 talibus
1696 4146 1821 4197 oret

165 4223 226 4275 ut
251 4222 598 4285 liberentur.

231 4310 301 4368 Et
340 4313 452 4373 hoc
483 4322 592 4386 est,
627 4317 768 4391 quia
798 4341 827 4368 ‹‹
861 4319 1223 4384 innocentes,
1261 4341 1289 4368 ››
1321 4318 1379 4373 id
1411 4321 1518 4386 est,
1553 4318 1653 4391 qui
1686 4318 1818 4375 aliis

167 4398 317 4457 mala
343 4421 461 4462 non
493 4407 757 4463 inferunt
788 4425 801 4464 :
837 4431 865 4458 «
900 4412 958 4464 et
1005 4408 1147 4464 recti
1182 4430 1209 4457 ››
1260 4408 1361 4479 qui
1412 4408 1565 4463 bona
1596 4408 1822 4464 faciunt

169 4504 196 4533 κ
224 4488 596 4551 adhaeserunt
625 4496 794 4568 mihi,
831 4518 859 4546 ››
887 4496 1112 4553 scilicet
1142 4496 1204 4552 in
1234 4496 1453 4553 unione
1497 4497 1819 4554 voluntatis

170 4576 489 4641 conformes
520 4584 824 4641 mihifacti
848 4589 1025 4641 sunt:
1052 4585 1182 4641 ideo
1214 4609 1242 4636 «
1263 4585 1655 4655 adhaeserunt,
1681 4586 1818 4659 quia

1927 2031 1956 2058 «
1991 2007 2178 2063 Proba
2210 2028 2237 2055 ››
2268 2006 2398 2061 dico
2442 2006 2551 2060 hoc
2589 2006 2764 2061 modo
2789 2029 2817 2055 «
2842 2010 3003 2062 tenta
3034 2021 3151 2072 me,
3172 2027 3200 2055 »
3231 2006 3290 2062 id
3335 2009 3446 2074 est,
3477 2023 3582 2078 per

1925 2096 2296 2169 probationes
2325 2096 2566 2151 ostende
2597 2111 2691 2150 me
2720 2095 3032 2166 probatum
3067 2112 3081 2151 :
3114 2099 3172 2152 et
3203 2112 3305 2168 per
3331 2094 3441 2151 has
3459 2099 3583 2151 ten-

1924 2186 2178 2241 tationes
2208 2208 2237 2235 ‹‹
2271 2201 2375 2239 ure
2423 2201 2592 2240 renes
2641 2200 2879 2251 meos,»
2922 2183 2981 2239 id
3023 2187 3130 2252 est,
3166 2183 3581 2240 delectationes

1924 2274 2237 2330 libidinis:
2280 2276 2399 2328 «et
2445 2290 2545 2328 cor
2602 2289 2880 2341 meum,»
2929 2272 2990 2326 id
3047 2277 3157 2338 est,
3201 2271 3581 2345 cogitationes

1926 2380 2109 2430 meas,
2142 2367 2207 2418 ut
2237 2379 2423 2435 neque
2454 2362 2513 2417 in
2546 2361 3015 2433 renibus,neque
3035 2360 3096 2416 in
3128 2359 3581 2434 cogitationibus

1926 2452 2149 2524 aliquid
2182 2451 2322 2507 mali
2354 2449 2826 2506 inveniatur.Vel
2859 2466 3014 2505 «ure
3044 2467 3214 2505 renes
3245 2466 3407 2507 meos
3431 2472 3459 2501 »
3479 2467 3583 2523 per

1926 2544 2123 2617 ignem
2157 2541 2345 2598 sancti
2378 2542 2648 2614 Spiritus.

1998 2656 2026 2682 ‹‹
2062 2633 2249 2688 Proba
2280 2653 2307 2680 ››
2341 2654 2369 2680 ‹‹
2401 2635 2459 2686 et
2485 2635 2712 2700 tenta,»
2735 2635 2794 2686 et
2821 2647 2927 2703 ego
2958 2631 3067 2686 hoc
3086 2630 3388 2686 sustinebo
3409 2630 3576 2699 bene,

1927 2744 1956 2771 ‹‹
1981 2721 2262 2793 quoniam
2285 2719 2691 2775 misericordia
2710 2725 2812 2775 tua
2832 2723 2967 2774 ante
2983 2718 3152 2774 oculo
3172 2735 3332 2774 meos
3349 2722 3457 2787 est,
3469 2741 3497 2768 »
3518 2718 3579 2775 id

1926 2814 2276 2881 est,semper
2294 2809 2480 2863 habeo
2500 2812 2557 2863 te
2577 2808 3017 2863 misericordem
3034 2822 3150 2877 prae
3163 2806 3347 2862 oculis
3358 2807 3575 2877 cordis,

1928 2902 1984 2954 et
2004 2897 2182 2952 etiam
2205 2919 2235 2945 «
2258 2896 2587 2968 complacui
2618 2918 2646 2945 n
2668 2895 2775 2951 tibi
2797 2918 2825 2945 «
2850 2896 2910 2950 in
2931 2895 3171 2951 veritate
3191 2899 3313 2962 tua,
3339 2917 3369 2943 »
3391 2895 3450 2950 id
3472 2899 3582 2964 est,

1927 2986 1989 3042 in
2022 2986 2252 3041 Christo
2276 2983 2394 3038 filio
2425 2988 2546 3051 tuo,
2565 3000 2739 3055 quem
2771 3000 2884 3056 ego
2903 2983 3168 3039 imitatus
3199 2982 3471 3055 sum,qui
3495 2983 3585 3039 di-

1926 3075 2012 3130 xit
2046 3092 2113 3129 :«
2146 3076 2265 3146 Ego
2296 3089 2429 3128 sum
2462 3072 2569 3138 vir,
2585 3076 2643 3127 et
2669 3072 2978 3140 veritas,et
3024 3071 3144 3127 vita
3168 3072 3345 3140 (Joan.
3378 3074 3519 3141 xxv).
3553 3093 3584 3122 »

1925 3162 2028 3218 Vel
2063 3186 2089 3212 ‹‹
2124 3163 2183 3217 in
2212 3161 2452 3217 veritate
2482 3166 2605 3228 tua,
2640 3182 2667 3210 »
2699 3160 2757 3214 id
2790 3164 2899 3227 est,
2931 3160 2991 3214 in
3022 3159 3147 3233 lego
3180 3175 3359 3232 quam
3402 3158 3586 3217 Filius

1929 3250 2263 3319 docuit,ubi
2295 3266 2444 3322 pura
2460 3249 2675 3304 veritas
2699 3249 2825 3305 fuit.
2855 3250 3008 3304 Bene
3029 3248 3223 3317 dico,«
3257 3248 3586 3321 complacui

1852 3319 1896 3386 (ἶ
1929 3341 1990 3396 in
2020 3342 2263 3396 veritate
2294 3319 2414 3405 tua,
2452 3360 2477 3386 n
2511 3336 2649 3410 quia
2678 3337 2836 3393 mala
2862 3336 3134 3403 vitavi,et
3162 3337 3318 3393 bona
3345 3319 3586 3394 secutus

1932 3446 2086 3497 sum,
2112 3432 2169 3484 et
2198 3427 2354 3500 quod
2387 3426 2544 3481 mala
2574 3425 2920 3491 dimisisset,
2938 3426 3198 3481 ostendit
3227 3442 3364 3482 cum
3394 3425 3539 3482 dicit
3568 3443 3583 3482 :

2003 3540 2032 3567 ‹‹
2066 3518 2192 3573 Non
2215 3516 2359 3583 sedi,
2390 3537 2417 3564 »
2451 3516 2509 3570 id
2540 3519 2648 3581 est,
2679 3533 2793 3571 non
2828 3532 2960 3570 sum
3001 3516 3372 3583 immoratus,
3396 3530 3588 3588 neque

1931 3605 2776 3679 corporaliter,nequeveritate
2795 3628 2822 3653 ‹‹
2838 3621 2973 3659 cum
2987 3602 3540 3659 conciliovanitatis.
3557 3626 3586 3655 ››

1932 3696 2039 3751 Per
2057 3695 2373 3750 vanitatem
2397 3694 2721 3765 accipimus
2736 3697 2991 3760 terrena,
3009 3710 3113 3764 per
3139 3691 3457 3748 concilium
3487 3709 3587 3749 eos

1931 3784 2033 3857 qui
2065 3784 2210 3838 dant
2241 3784 2497 3839 rationes
2528 3783 2599 3837 de
2638 3782 2899 3853 appetitu
2949 3786 3339 3836 terrenorum‘.
3372 3781 3590 3836 Dicunt

1929 3873 2085 3928 enim
2100 3872 2340 3943 quidam
2362 3870 2482 3925 hmo
2501 3887 2630 3926 esse
2649 3867 3145 3941 appetenda,quia
3156 3868 3588 3940 propterhomi-

1929 3977 2035 4016 nes
2058 3963 2199 4016 sunt
2217 3960 2370 4014 facta
2393 3975 2407 4013 :
2432 3982 2459 4006 ‹‹
2481 3962 2537 4012 et
2556 3975 2673 4012 non
2709 3956 2985 4025 introibo,
3014 3977 3042 4004 ››
3073 3955 3128 4009 id
3166 3959 3275 4022 est,
3290 3971 3409 4010 non
3437 3955 3585 4011 inci-

1930 4048 2087 4120 piam
2119 4064 2247 4102 esse
2270 4051 2336 4100 ut
2365 4045 2452 4101 vel
2475 4044 2633 4100 mala
2656 4060 2791 4098 cum
2819 4043 2938 4099 illis
2967 4059 3140 4116 agam
3160 4042 3248 4098 vel
3269 4060 3584 4100 assensum

1928 4137 2393 4209 prmbeam,cum
2424 4133 2770 4188 hominibus
2797 4155 2824 4183 ‹‹
2858 4132 3064 4204 iniqua
3093 4132 3454 4205 gerentibus,
3483 4154 3513 4184 »

1999 4248 2029 4275 «
2061 4224 2189 4280 Non
2215 4223 2361 4293 sedi,
2386 4244 2412 4271 ››
2442 4222 2544 4278 sed
2567 4221 2764 4293 potius
2790 4244 2817 4271 ‹‹
2844 4220 2995 4277 odivi
3019 4221 3399 4290 Eeclesiam,»
3415 4220 3475 4277 id
3497 4224 3590 4277 est

1928 4312 2440 4386 congregationem
2471 4333 2499 4359 ‹‹
2534 4309 3011 4382 malignantium,
3050 4332 3077 4358 »
3110 4310 3168 4366 id
3190 4314 3300 4383 est,
3321 4309 3423 4383 qui
3452 4326 3586 4382 pro-

1928 4403 2086 4458 ximo
2117 4400 2277 4457 mala
2295 4399 2498 4454 volunt
2521 4416 2534 4453 :
2561 4421 2589 4448 «
2614 4403 2671 4453 et
2702 4415 2837 4454 cum
2860 4399 3080 4471 impiis,
3109 4421 3138 4448 υ
3166 4398 3226 4454 id
3243 4397 3587 4467 est,ha3reti-

1929 4493 2035 4561 eis,
2060 4490 2163 4564 qui
2195 4493 2335 4545 sunt
2357 4491 2561 4544 contra
2577 4487 2846 4542 divinum
2870 4486 3094 4543 cultum
3117 4492 3175 4542 et
3196 4486 3585 4558 persuadent;

1930 4605 1960 4637 (ς
1992 4598 2110 4637 non
2142 4579 2376 4645 sedebo,
2413 4599 2440 4626 »
2471 4575 2532 4631 id
2563 4581 2670 4644 est,
2691 4591 2807 4631 non
2841 4575 3115 4630 morabor
3136 4574 3217 4630 ita
3237 4578 3303 4630 ut
3340 4590 3586 4631 consen-

170 4679 197 4708 κ
228 4667 480 4754 sustinui
514 4677 595 4741 te,
622 4696 649 4723 ››
698 4674 758 4730 id
808 4678 917 4743 est,
948 4673 1222 4730 viderunt
1251 4691 1347 4730 me
1383 4679 1817 4748 exspectantem
1845 4689 1894 4754 D
1926 4670 2092 4727 tiam.

170 4751 450 4817 patienter
479 4765 644 4818 tuam
676 4763 1240 4819 remunerationem.

657 4852 733 4907 IN
774 4851 1124 4908 PSALMUM
1164 4851 1330 4907 XXV.

599 4942 743 4997 Trw
752 4958 877 4998 LUS.
909 4942 1165 4997 Psalmus
1195 4942 1388 4997 David.

241 5016 504 5102 sJudica
535 5046 648 5098 me,
683 5030 947 5087 Domine.
982 5051 1009 5079 »
1044 5030 1145 5085 Hic
1196 5029 1459 5102 loquitur
1506 5032 1709 5102 David,
1731 5034 1820 5090 vel

175 5100 411 5167 (lnilibet
440 5118 927 5191 perfectissimus,
960 5119 1059 5191 qui
1092 5100 1291 5175 relicto
1322 5121 1614 5177 consortio
1637 5100 1820 5179 malo-

175 5197 300 5284 1'11_m_
330 5197 587 5284 adhaeret
616 5207 912 5264 consortio
936 5209 1407 5282 justorum.Ipse
1438 5210 1594 5267 idem
1618 5213 1823 5284 justus

178 5279 261 5329 est
286 5278 380 5372 hic
410 5296 679 5369 materia,
702 5297 813 5353 hoc
842 5278 1018 5358 modo
1067 5302 1271 5370 petens
1303 5278 1436 5355 duo
1475 5278 1705 5372 judicia
1731 5319 1821 5358 se-

178 5367 426 5461 cgndum
477 5397 588 5438 sua
634 5367 866 5453 merita,
900 5367 1087 5441 unum
1138 5384 1200 5440 in
1242 5385 1353 5441 hac
1400 5367 1536 5456 vita,
1571 5387 1731 5444 aliud
1760 5388 1822 5443 in

180 5446 286 5549 illi?
307 5459 442 5518 Vita.
479 5468 728 5529 Intentio
761 5478 851 5529 est
881 5475 1196 5530 admonere
1238 5478 1321 5543 ut,
1358 5475 1577 5532 relictis
1599 5477 1821 5549 impiis,

180 5534 570 5642 idh‘fel‘samus
592 5561 776 5632 justis
800 5580 813 5617 :
839 5562 979 5634 quia
999 5562 1047 5619 si
1070 5563 1165 5617 hic
1188 5563 1441 5635 separati
1477 5534 1763 5622 fuerimhs
1792 5584 1827 5622 a

181 5626 670 5730 mﬂfgﬁn-judieio
689 5652 1107 5722 scparabitnos
1127 5653 1280 5708 Deus
1294 5653 1365 5708 ab
1389 5652 1609 5708 eisdem
1630 5655 1823 5710 malis.

249 5712 317 5773 Et
335 5719 539 5802 incipit
556 5754 589 5793 a
610 5712 891 5811 petitione
907 5740 1117 5812 judicii
1141 5741 1322 5814 hujus
1341 5740 1473 5797 vitae
1498 5742 1582 5799 sic
1608 5759 1621 5797 :
1646 5743 1689 5799 Ο
1712 5745 1828 5801 Do-

1999 4757 2268 4816 Ostendit
2290 4771 2353 4813 se
2381 4754 2539 4810 mala
2570 4752 2888 4821 dimisisse,
2907 4755 2965 4807 et
2986 4768 3020 4807 a
3040 4750 3332 4808 malorum
3353 4767 3588 4808 consor-

1927 4849 2008 4904 tio
2040 4849 2383 4919 separatum
2406 4844 2623 4899 fuisse:
2658 4858 2815 4897 nunc
2863 4840 3121 4897 ostendit
3167 4856 3230 4896 se
3277 4843 3336 4897 et
3362 4840 3586 4897 bonum

1928 4939 2137 5002 facere,
2158 4938 2215 4989 ct
2243 4934 2315 4989 ad
2348 4934 2638 4987 bonorum
2662 4929 3022 4986 consortium
3043 4928 3369 4985 transisse?
3396 4951 3425 4979 ‹‹
3459 4929 3586 4985 Non

1930 5025 2165 5091 sedebo,
2194 5045 2222 5072 ››
2245 5023 2345 5079 sed
2378 5020 2575 5093 potius
2607 5018 2862 5075 «lavabo
2898 5035 3077 5074 manu
3110 5034 3296 5088 meas,
3322 5040 3350 5068 υ
3383 5018 3441 5073 id
3474 5021 3584 5086 est,

1931 5112 2299 5187 operationes
2348 5125 2510 5164 meas
2565 5107 2786 5163 levatas
2845 5111 2902 5161 et
2949 5110 3228 5179 purgatas
3278 5106 3587 5162 ostendam

1932 5228 1961 5255 «
1986 5204 2139 5258 inter
2156 5200 2556 5266 innocentes,»
2578 5196 2637 5251 id
2657 5197 2830 5263 est,in
2847 5196 3138 5251 consortio
3162 5194 3586 5250 innocentium.

1929 5292 2281 5349 Accenditur
2312 5288 2469 5344 enim
2518 5304 2621 5358 per
2668 5285 3029 5341 consortium
3076 5289 3415 5341 sanctorum
3458 5283 3591 5355 qui-

1933 5397 2166 5452 cunque
2197 5378 2373 5434 etiam
2396 5374 2629 5446 tepidus
2650 5373 2720 5428 ad
2742 5374 2884 5427 bens
2900 5373 3217 5443 agendum,
3237 5375 3296 5426 et
3316 5370 3454 5427 lotis
3473 5387 3594 5427 ma-

1935 5469 2130 5536 nibus,
2164 5467 2223 5521 id
2255 5469 2364 5531 est,
2400 5463 2668 5535 purgatis
2699 5460 2975 5533 operibus
3008 5484 3035 5509 ‹‹
3070 5459 3507 5527 circumdabo,»
3530 5461 3591 5516 id

1934 5564 2044 5630 est,
2077 5556 2320 5612 assidua
2349 5554 2653 5608 devotione
2686 5550 2979 5622 inquiram
3014 5574 3040 5601 ‹‹
3067 5550 3249 5605 altare
3279 5554 3508 5618 tuum,»
3532 5551 3592 5607 id

1935 5653 2045 5718 est,
2087 5643 2363 5701 cwlestia.
2405 5642 2599 5697 Altare
2649 5640 2804 5694 enim
2857 5639 3073 5696 dicitur
3115 5640 3283 5710 quasi
3316 5639 3437 5696 alta
3467 5657 3593 5710 ara,

1914 5715 2198 5796 'cmlestia
2221 5749 2354 5787 vero
2387 5734 2527 5787 sunt
2555 5729 2691 5785 alta.
