3914 6368
319 426 454 502 819

307 585 310 587 λ
383 561 793 628 Circumdaho
826 565 899 620 ad
930 565 1040 621 hoc
1063 589 1092 616 ‹‹
1127 570 1193 621 ut
1222 567 1527 637 audiam,»
1554 568 1612 623 id
1635 570 1745 636 est,
1770 566 1984 624 intelli-
2014 566 2072 636 Α

333 667 470 726 gam
495 667 802 722 «vocem,»
835 653 893 708 id
925 658 1034 725 est,
1055 655 1528 712 manifestionem
1551 681 1576 708 ‹‹
1604 657 1799 714 laudis
1820 661 1932 712 tua:
1961 679 1987 705 »

333 745 392 799 et
421 745 625 814 postea
655 764 683 792 ‹‹
709 758 975 799 enarrem
1010 744 1284 800 universa
1327 746 1622 802 mirabilia
1653 751 1773 814 tua,
1813 770 1840 796 n
1873 765 1989 802 non

335 832 490 903 quod
523 830 722 886 omnia
749 837 1002 901 enarret,
1038 834 1138 889 sed
1171 851 1537 907 quaecunque
1567 840 1797 892 enarret
1816 836 1991 892 mira-

334 920 475 976 bilia
500 926 660 976 sunt.
694 922 857 988 Quod
882 923 1086 994 justus
1125 941 1186 979 se
1218 924 1360 980 dicit
1392 925 1755 982 circumdare
1788 926 1988 994 altare,

333 1013 393 1066 et
415 1009 689 1066 universa
711 1011 1006 1068 mirabilia
1027 1030 1285 1079 narrare,
1300 1032 1403 1085 per
1423 1015 1616 1071 simile
1639 1016 1862 1071 dictum
1881 1021 1989 1071 est.

335 1098 500 1156 Sicut
529 1100 788 1173 pontifex
807 1100 868 1156 in
888 1101 1080 1157 Veteri
1097 1104 1472 1158 Testamento
1505 1104 1786 1160 introibat
1817 1106 1888 1159 ad
1918 1104 1996 1160 a1-

332 1193 460 1246 tare
480 1188 542 1245 in
565 1190 780 1246 Sancta
798 1195 1224 1258 sanctorum,et
1245 1193 1447 1248 audito
1473 1193 1668 1249 divino
1688 1210 1992 1266 responso,

332 1277 552 1354 populo
573 1279 898 1336 referebat:
924 1279 1077 1335 sicut
1100 1279 1280 1336 Isaias
1300 1281 1522 1336 audivit
1549 1299 1718 1338 voces
1742 1300 1753 1338 :
1781 1306 1809 1332 «
1843 1285 1995 1340 San-

334 1372 487 1438 ctus,
502 1371 766 1434 sanctus,
779 1372 1022 1424 sanctus
1051 1368 1340 1424 Dominus
1361 1370 1516 1426 Deus
1541 1372 1817 1443 Sabaoth,
1839 1373 1994 1446 pleni

339 1461 482 1512 sunt
512 1455 641 1512 caeli
683 1461 741 1512 et
771 1461 928 1512 terra
975 1457 1162 1530 gloria
1209 1462 1313 1514 tua
1350 1459 1477 1530 (Isa.
1511 1460 1611 1532 vr),
1647 1483 1676 1510 »
1709 1466 1766 1516 et
1798 1463 1997 1518 retulit

329 1561 537 1602 coram
560 1544 1001 1618 populo.Usque
1023 1547 1196 1602 modo
1214 1547 1483 1604 tractavit
1498 1550 1570 1604 de
1583 1550 1994 1623 judicio,quod

333 1634 483 1708 petit
511 1636 584 1692 de
613 1651 675 1692 se
704 1635 830 1691 ﬁeri
854 1636 1059 1707 justus
1092 1636 1150 1691 in
1183 1636 1294 1693 hac
1323 1637 1444 1693 vita
1477 1655 1489 1693 :
1525 1640 1700 1695 modo
1740 1641 1998 1697 ostendit

327 1723 625 1796 judicium
660 1725 814 1797 quod
849 1725 993 1797 petit
1015 1725 1085 1782 de
1117 1742 1179 1781 se
1209 1725 1332 1782 ﬁeri
1368 1727 1427 1782 in
1468 1726 1584 1783 alia
1627 1727 1766 1784 vita.
1801 1731 1994 1786 Conti-

336 1814 541 1871 nuatio
574 1831 588 1870 :

698 431 1108 495 HAYMONIS
1154 434 1694 508 HALBERSTAT,
1738 432 1982 495 EPISC.
2028 433 2203 496 OPP.
2250 433 2472 496 PARS.
2517 435 2568 496 Ι.
2618 470 2692 480 —
2736 436 3144 500 COMMENT.
3189 438 3387 499 BlBL.

3631 435 3762 501 280

2583 567 2658 625 IN
2697 570 3046 627 PSALMUM
3086 571 3277 627 XXVI.

2227 656 2500 712 TITULUS.
2532 657 2592 711 In
2622 659 3059 734 ﬁnempsalmus
3092 659 3287 727 David,
3313 661 3638 734 priusquam

2790 732 3072 788 liniretur.

2175 856 2201 883 ‹‹
2229 834 3132 894 Dominusilluminatio.»David
3157 839 3406 911 primam
3421 839 3759 897 unctionem

2101 922 2310 978 habuit
2326 924 2385 979 in
2409 926 2872 998 designationem
2889 929 3398 1001 regni,secundam
3416 930 3475 986 in
3490 947 3760 1004 regnum.

2104 1013 2216 1068 Sed
2239 1012 2584 1086 priusquam
2608 1016 2830 1073 veniret
2859 1019 2931 1073 ad
2968 1035 3236 1091 regnum,
3261 1019 3446 1076 multa
3467 1021 3621 1077 mala
3649 1021 3763 1077 ha-

2103 1100 2253 1171 buit,
2278 1107 2333 1156 et
2363 1103 2565 1159 hostes
2598 1124 2616 1159 :
2649 1106 2733 1161 sic
2765 1111 2822 1162 et
2851 1107 3118 1164 Christus
3141 1109 3394 1181 primam
3425 1111 3764 1167 unctionem

2104 1189 2311 1246 habuit
2332 1208 2399 1247 ex
2422 1198 2585 1249 utero
2602 1195 3207 1268 Virginis,secundam
3226 1199 3285 1254 in
3311 1199 3763 1256 resurrectione:

2103 1281 2159 1333 et
2207 1279 2736 1355 inter'utramque,
2771 1285 2928 1341 mala
2973 1291 3031 1341 et
3075 1287 3294 1342 hostes.
3332 1287 3426 1345 Sic
3469 1292 3526 1344 et
3572 1288 3767 1345 fidelis

2103 1367 2365 1424 animam
2395 1370 2647 1441 primam
2679 1373 3012 1430 unctionem
3037 1375 3216 1432 habet
3246 1376 3304 1431 in
3331 1377 3767 1450 baptismo,sed

2103 1459 2238 1511 ante
2285 1459 2626 1531 secundam,
2659 1477 2788 1531 quae
2832 1461 2944 1516 erit
3002 1462 3060 1517 in
3114 1464 3558 1533 resurrectione,
3607 1463 3770 1520 mala

2105 1543 2357 1600 sustinet
2382 1550 2438 1600 et
2459 1546 2632 1602 bona.
2650 1548 2713 1603 In
2733 1549 2910 1604 ﬁnem
2924 1550 3190 1621 psalmus
3204 1551 3767 1625 David,priusquam

2102 1632 2467 1703 1iniretur,id
2509 1637 3020 1710 est,inungeretur
3046 1639 3105 1694 in
3139 1641 3605 1713 regnum.David
3634 1643 3772 1698 fecit

2104 1720 2263 1777 hunc
2296 1723 2615 1795 psalmum,
2647 1725 2994 1799 priusquam
3024 1727 3297 1784 liniretur
3338 1729 3601 1786 secunda
3632 1730 3769 1786 lini-

2105 1810 2281 1867 tione.
2312 1814 2462 1868 Ante
2494 1815 2747 1885 primam
2779 1816 2936 1871 enim
2963 1817 3295 1872 linitionem
3327 1817 3561 1874 nullum
3607 1820 3770 1892 psal-

408 1927 437 1955 κ
463 1903 690 1961 Lavabo
712 1903 865 1960 inter
884 1903 1225 1962 innocentes
1249 1921 1463 1961 manus
1486 1922 1667 1978 meas,
1703 1928 1730 1957 »
1763 1913 1821 1963 et
1842 1909 1992 1979 ideo,
2027 1937 2074 2003 Β
2104 1917 2269 1955 mum
2301 1919 2544 1975 prorsus
2576 1906 2926 1976 composuit.
2953 1905 3193 1962 Inunxit
3223 1911 3421 1962 autem
3473 1924 3609 1964 eum
3657 1910 3770 1966 Sa-

334 1996 420 2062 tu,
441 1993 708 2064 Domine,
722 2016 750 2043 ‹‹
784 2010 856 2050 ne
886 1994 1097 2066 perdas
1113 1993 1374 2051 animam
1397 2011 1589 2051 meam
1608 1997 1997 2070 cumlmalis,»

337 2088 398 2141 et
427 2083 718 2140 malorum
739 2083 905 2156 ponit
938 2084 1088 2140 duas
1123 2085 1570 2156 partes,impios
1601 2089 1657 2141 et
1685 2085 1839 2142 viros
1869 2105 2000 2142 san-

337 2171 607 2245 guinum.
642 2172 750 2228 Per
805 2171 1020 2244 impios
1074 2172 1399 2245 accipimus
1452 2178 1512 2229 et
1570 2173 1894 2243 haereticos,
1939 2180 1997 2232 et

339 2277 544 2320 omnes
577 2259 679 2333 qui
726 2263 931 2316 contra
977 2259 1234 2316 divinam
1287 2261 1630 2334 religionem
1672 2264 1991 2320 nituntur:

336 2366 441 2423 per
467 2349 624 2406 viros
654 2349 1034 2421 sanguinum,
1063 2349 1428 2405 homicidam
1458 2351 1546 2406 vel
1577 2352 1733 2408 viros
1763 2355 1997 2426 sangui-

337 2454 483 2495 num
511 2440 701 2506 vocat,
728 2436 829 2508 qui
863 2435 1177 2492 carnaliter
1203 2436 1429 2508 vivunt,
1461 2439 1533 2494 de
1567 2439 1782 2510 quibus
1810 2442 1994 2512 Apos-

335 2526 492 2584 tolus
524 2527 606 2583 ait
637 2544 650 2583 :
687 2549 715 2577 ‹‹
741 2528 882 2582 Caro
915 2529 972 2581 et
1003 2526 1247 2597 sanguis
1279 2542 1526 2598 regnum
1549 2528 1649 2584 Dei
1675 2546 1787 2584 non
1812 2531 1995 2601 possi-

334 2615 560 2672 debunt
589 2618 644 2686 (Ι
665 2613 788 2670 Cor.
819 2617 935 2684 xv).
973 2637 1000 2664 ››
1031 2615 1200 2671 Juste
1224 2620 1408 2688 rogat,
1443 2633 1515 2671 ne
1563 2617 1762 2673 anima
1803 2618 1992 2690 ipsius

331 2708 532 2778 pereat
555 2704 615 2760 in
638 2703 888 2776 judicio,
924 2720 1060 2760 cum
1108 2703 1326 2776 quibus
1373 2705 1468 2761 hic
1513 2723 1627 2762 non
1653 2707 1764 2762 fuit
1793 2708 1993 2780 aliqua

331 2793 579 2852 actionis
609 2792 967 2851 communio.
992 2793 1270 2862 Dicendo,
1299 2817 1325 2844 «
1354 2811 1425 2850 ne
1453 2795 1683 2866 perdas,
1713 2818 1739 2845 »
1757 2801 1988 2854 tantum
2027 2805 2037 2814 '

325 2882 500 2952 valet,
535 2899 602 2939 ac
634 2882 683 2940 si
715 2882 1037 2938 affirmaret
1065 2899 1135 2939 ne
1153 2884 1360 2954 perdes
1395 2901 1406 2939 :
1443 2888 1502 2939 et
1532 2902 1636 2957 per
1654 2885 1764 2942 hoc
1803 2888 1988 2942 maxi-

328 2987 425 3032 me
448 2972 722 3030 hortatur
752 2976 818 3027 ut
847 2987 1194 3045 separemur
1216 2972 1288 3028 ab
1321 2971 1543 3045 impiis,
1568 2975 1988 3049 prazmittitquo

319 3061 796 3132 causas,dicens.
827 3061 934 3118 Per
960 3061 1140 3118 vitam
1171 3060 1326 3117 idem
1359 3061 1682 3135 accipimus
1705 3066 1857 3136 quod
1885 3083 1988 3139 per

320 3167 486 3210 anim
492 3169 585 3208 am
595 3195 608 3208 .

399 3265 428 3295 «
454 3241 721 3310 Domine,
741 3239 915 3297 dilexi
933 3239 1199 3296 decorem
1215 3241 1426 3298 domus
1447 3247 1618 3297 tuas.»
1645 3267 1672 3294 ‹‹
1688 3245 1984 3301 Domum»

2109 1990 2265 2046 muel
2294 1993 2372 2063 (ll
2403 1993 2528 2063 Reg.
2563 2011 2635 2061 n;
2673 1996 2725 2060 γ)
2775 1994 2965 2066 primo
2998 1995 3057 2049 in
3099 1995 3273 2050 domo
3321 1996 3506 2070 patris
3555 1999 3669 2067 sui,
3705 2000 3768 2056 in

2108 2095 2226 2150 qua
2250 2079 2514 2136 linitione
2543 2081 2826 2137 intellexit
2851 2084 3303 2154 promissionem
3353 2086 3518 2160 regni
3565 2092 3624 2144 et
3662 2105 3770 2161 per

2106 2185 2286 2239 quam
2323 2188 2564 2226 securus
2611 2172 2740 2239 fuit,
2771 2189 2888 2229 non
2939 2190 3111 2245 posse
3139 2173 3292 2229 efﬁci
3341 2175 3536 2248 aliquo
3587 2180 3764 2236 modo

2105 2257 2249 2328 quin
2282 2275 2528 2330 regnum
2561 2263 2618 2314 et
2647 2261 2970 2316 secundam
3002 2259 3353 2330 linitionem,
3385 2262 3541 2320 sicut
3569 2265 3627 2320 in
3651 2266 3768 2338 pri-

2105 2362 2202 2401 ma
2224 2345 2487 2403 linitione
2505 2348 2868 2405 intellexerat
2891 2351 3272 2422 promissum,
3301 2353 3762 2413 obtineret.Cum

2102 2451 2236 2490 vero
2269 2436 2502 2492 fecisset
2531 2437 2687 2493 hunc
2719 2438 3037 2510 psalmum,
3063 2457 3179 2496 non
3212 2441 3348 2497 fecit
3381 2443 3452 2498 de
3473 2444 3762 2517 corporali

2101 2522 2389 2595 linitione,
2423 2526 2510 2581 vel
2554 2527 2623 2583 de
2673 2528 2915 2585 obtentu
2964 2529 3129 2603 regni
3181 2531 3498 2598 terrestris,
3528 2534 3630 2589 sed
3690 2535 3765 2590 de

2100 2611 2366 2670 linitione
2398 2616 2668 2687 spiritali,
2694 2622 2750 2674 et
2782 2620 2852 2674 de
2884 2636 3062 2692 regno
3094 2620 3337 2676 ccelesti.
3361 2623 3763 2679 Consideravit

2101 2703 2257 2758 enim
2292 2704 2444 2761 filios
2475 2706 2744 2762 Ecclesiae
2778 2709 3153 2764 securitatem
3204 2726 3376 2782 posse
3422 2710 3636 2769 habere
3688 2713 3759 2769 de

2101 2794 2359 2849 secunda
2418 2795 2702 2865 linitione,
2758 2797 2816 2852 id
2878 2802 2984 2866 est,
3046 2799 3118 2854 de
3173 2799 3652 2872 impassibilitate
3701 2806 3760 2858 et

2099 2880 2559 2954 immortalitate,
2585 2903 2689 2958 per
2717 2887 2970 2958 primam
3002 2887 3327 2944 linitionem
3351 2906 3528 2962 quam
3561 2890 3622 2946 in
3644 2891 3756 2947 hac

2095 2970 2216 3026 vita
2242 2973 2552 3053 recipiunt,
2583 2975 2804 3033 scilicet
2834 2977 3241 3034 remissionem
3273 2982 3667 3050 peccatorum,
3699 2985 3758 3036 et

2098 3061 2583 3120 confortationem
2615 3067 2688 3121 ad
2721 3067 2869 3122 bene
2899 3067 3261 3139 operandum
3293 3068 3352 3122 in
3373 3067 3747 3140 baptismate.

2097 3149 2260 3206 Sicut
2308 3157 2505 3209 autem
2560 3155 2740 3211 David
2789 3155 3041 3228 primam
3090 3155 3419 3213 linitionem
3466 3157 3524 3212 in
3573 3159 3750 3214 domo

2095 3240 2282 3311 patris
2313 3243 2404 3298 sui
2437 3245 2817 3316 suscepit,ita
2837 3243 3250 3318 unusquisque
3283 3245 3472 3302 fidelis
3493 3246 3551 3302 in
3573 3248 3749 3304 domo

321 3335 495 3389 vocat
525 3345 912 3403 quoscunque
933 3329 1131 3400 justos
1162 3329 1222 3388 in
1263 3329 1480 3402 quibus
1520 3331 1675 3388 Deus
1711 3332 1937 3391 habitat
1969 3352 1981 3390 :
2019 3311 2060 3377 (ἶ
2094 3329 2278 3400 patris
2317 3332 2432 3399 sui,
2465 3333 2522 3387 id
2555 3311 2663 3402 est,
2699 3333 2938 3402 diaboli,
2972 3311 3073 3406 qui
3118 3311 3248 3391 ideo
3298 3339 3463 3408 pater
3507 3335 3746 3406 dicitur,

309 3443 356 3478 ,α
382 3421 652 3477 decorem
665 3419 880 3476 domus
903 3440 931 3467 »
957 3417 1114 3473 illius
1136 3418 1350 3490 accipit
1369 3419 1582 3474 virtute
1603 3421 1818 3492 quibus
1833 3424 1982 3494 justi

319 3510 734 3566 ornanturzet
789 3505 982 3574 dilexi,
1027 3529 1054 3554 «
1095 3505 1292 3561 locum
1344 3506 1725 3564 habitationis
1784 3511 1980 3582 gloriae

320 3618 354 3648 «
387 3600 523 3664 tum,
549 3617 578 3644 κ
603 3595 661 3650 id
674 3592 1120 3663 est,divinitatis
1143 3597 1254 3648 tua:
1279 3611 1291 3649 :
1317 3593 1510 3650 locum
1526 3595 1593 3650 .in
1616 3613 1731 3668 quo
1754 3597 1981 3656 habitat

321 3683 620 3754 divi-nitas,
649 3683 972 3755 accipimus
997 3683 1456 3755 perfectissimos
1469 3685 1687 3756 justos,
1717 3688 1817 3758 qui
1849 3706 1977 3745 ma—

311 3791 500 3849 ..gnam
533 3778 591 3830 ct
611 3772 907 3848 egregiam
940 3773 1012 3828 de
1042 3773 1160 3829 Deo
1191 3772 1411 3829 habent
1442 3775 1858 3846 cognitionem.

393 3887 423 3914 ‹‹
455 3863 539 3920 Ne
553 3863 786 3936 perdas,
805 3885 833 3911 »
853 3861 990 3930 dixi,
1007 3885 1034 3912 ‹‹
1059 3878 1194 3918 cum
1218 3861 1417 3935 impiis
1441 3863 1700 3920 animam
1723 3882 1974 3936 meam,»

307 3952 421 4026 qui
455 3970 489 4009 a
518 3969 612 4009 me
639 3951 809 4008 valde
839 3950 1162 4007 dissimiles
1195 3956 1354 4021 sunt,
1390 3952 1528 4024 quia
1550 3976 1577 4002 κ
1603 3953 1663 4008 in
1698 3955 1976 4012 manibus

311 4060 580 4113 eorum,»
603 4043 660 4099 id
683 4042 858 4112 est,in
879 4042 1156 4115 operibus
1175 4059 1378 4098 eorum
1393 4066 1420 4093 «
1445 4048 1586 4099 sunt
1607 4043 1972 4118 iniquitates,

317 4133 555 4189 dextera
581 4149 807 4200 eorum,
835 4154 863 4182 »
895 4132 954 4186 id
985 4135 1096 4200 est,
1123 4132 1276 4187 bona
1325 4148 1502 4204 opera
1528 4150 1752 4202 eorum,
1779 4133 1828 4190 si
1860 4133 1973 4190 ali-

311 4239 498 4295 quam
530 4221 754 4278 taciunt
773 4220 1092 4293 justitiam,
1117 4244 1146 4271 «
1169 4221 1390 4293 repleta
1419 4226 1508 4278 est
1529 4223 1874 4280 muneribus
1900 4243 1912 4281 :
1942 4248 1968 4275 ››

305 4310 374 4367 in
395 4327 511 4384 quo
527 4309 782 4366 maxime
794 4309 1028 4381 judices
1051 4309 1591 4384 intelliguntur;qui
1614 4329 1718 4384 pro
1733 4314 1971 4384 justitia

307 4400 582 4457 facienda
611 4399 922 4472 pecuniam
953 4399 1268 4471 accipiunt.

383 4514 411 4542 ‹‹
439 4491 503 4546 In
529 4489 808 4545 manibus
833 4512 861 4538 ››
884 4506 1116 4558 eorum;
1143 4494 1282 4545 sunt
1301 4488 1645 4562 iniquitates
1675 4515 1702 4542 «
1727 4508 1832 4565 ego
1862 4511 1965 4550 aus

305 4582 428 4636 tem
448 4582 589 4634 sunt
614 4578 968 4651 ingressus»
993 4577 1064 4632 ad
1097 4577 1318 4632 bonum
1343 4601 1371 4628 «
1404 4577 1738 4634 innocentia
1763 4602 1789 4628 ››
1812 4597 1962 4648 mea,

2093 3418 2233 3489 quia
2261 3437 2364 3491 per
2392 3439 2527 3476 eum
2553 3439 2758 3478 omnes
2790 3427 3116 3479 nascuntur
3153 3423 3212 3479 in
3246 3424 3518 3496 peccatis,
3552 3424 3749 3482 susci-

2090 3505 2176 3578 pit
2197 3509 2448 3578 primam
2471 3510 2822 3567 linitionem.
2844 3512 3064 3568 Domus
3083 3513 3299 3569 diaboli
3321 3518 3560 3570 vocatur
3579 3531 3751 3570 mun-

2089 3595 2201 3650 dus
2228 3596 2356 3665 iste,
2379 3598 2439 3653 in
2472 3616 2652 3671 quam
2681 3601 2840 3656 venit
2858 3601 3148 3670 Christus,
3169 3607 3226 3657 et
3246 3602 3307 3658 in
3329 3619 3398 3659 ea
3419 3605 3747 3677 assumpsit

2089 3686 2375 3756 quosdam
2409 3687 2479 3742 de
2508 3693 2793 3760 potestate
2833 3688 3072 3746 diaboli.
3107 3690 3270 3747 Unde
3301 3691 3362 3747 in
3393 3693 3742 3767 Evangelio:

2088 3795 2116 3823 «
2149 3773 2320 3830 Venit
2367 3775 2542 3831 Jesus
2598 3775 2655 3831 in
2690 3778 2934 3831 domum
2985 3777 3243 3834 Simonis
3293 3779 3742 3854 leprosi(Mattk.

2085 3880 2241 3932 xxvn;
2275 3863 2438 3920 Marc.
2471 3865 2608 3936 xxv),
2646 3888 2674 3914 »
2708 3866 2766 3920 id
2798 3870 2906 3934 est,
2931 3865 3170 3921 diaboli.
3219 3869 3462 3926 Materia
3492 3875 3584 3927 est
3629 3871 3746 3944 pri-

2083 3968 2182 4008 ma
2212 3957 2268 4007 et
2299 3954 2556 4009 secunda
2586 3953 2893 4009 linitio.De
2915 3955 3106 4026 prima
3127 3955 3210 4010 sic
3242 3956 3400 4028 agit:
3426 3960 3739 4029 ponitcam

2081 4039 2492 4097 certitudinem
2523 4042 2816 4098 secundas.
2841 4042 2921 4097 De
2953 4043 3211 4098 secunda
3242 4042 3325 4099 sic
3374 4045 3496 4117 agit
3526 4061 3540 4102 :
3575 4047 3740 4120 ponit

2081 4129 2417 4202 frequentes
2459 4131 2769 4203 petitiones
2821 4130 3002 4199 illius,
3035 4136 3092 4187 et
3115 4132 3375 4188 affirmat
3404 4151 3466 4189 se
3494 4134 3736 4192 habitu-

2080 4236 2234 4274 rum.
2252 4221 2505 4276 Intendit
2522 4238 2628 4277 nos
2649 4225 2836 4276 certos
2862 4221 3120 4290 reddere,
3138 4222 3293 4293 quod
3326 4221 3526 4279 habita
3545 4223 3737 4297 prima

2079 4306 2365 4377 linitione,
2395 4311 2715 4366 secundam
2764 4310 3064 4382 possimus
3112 4310 3350 4368 habere.
3375 4311 3605 4370 Titulus
3649 4314 3734 4370 sic

2077 4397 2387 4469 exponitur
2417 4417 2430 4454 :
2457 4399 2726 4454 Psalmus
2759 4399 2868 4454 iste
2900 4398 3169 4455 convenit
3190 4399 3392 4470 David,
3413 4401 3728 4473 propheta»,

2075 4489 2165 4544 vel
2196 4487 2528 4560 cuicunque
2568 4489 2732 4560 justo
2784 4487 2854 4544 de
2904 4488 3083 4559 priori
3118 4487 3354 4560 populo.
3389 4489 3494 4556 Qui
3528 4491 3730 4562 justus

2075 4577 2135 4633 in
2169 4577 2277 4632 hoc
2308 4575 2570 4648 loquitur
2615 4576 2845 4649 psalmo
2875 4577 2964 4632 vel
2996 4577 3177 4633 David
3209 4595 3222 4632 :
3258 4577 3547 4650 psalmus,
3577 4579 3724 4648 dico,

305 4672 374 4725 ut
400 4685 602 4741 supra,
634 4671 692 4722 et
737 4672 822 4736 tu,
858 4666 1123 4737 Domine,
1161 4690 1188 4716 ‹‹
1224 4668 1445 4723 redime
1493 4685 1585 4724 me
1621 4691 1647 4717 ››
1688 4686 1792 4740 per
1827 4688 1965 4726 san-
1996 4683 2042 4748 ί)
2075 4665 2314 4722 habitus
2365 4665 2709 4738 priusquam
2767 4665 3039 4722 liniretur
3101 4667 3360 4722 secunda
3417 4666 3679 4724 linitione
3709 4684 3723 4724 :

304 4756 545 4831 guinem
577 4756 705 4813 Filii
727 4755 815 4812 tui
851 4773 864 4811 :
899 4760 956 4811 et
986 4755 1126 4828 quia
1154 4756 1492 4828 redemptus
1525 4773 1626 4828 per
1675 4776 1842 4814 suam
1875 4759 1962 4814 in-

304 4845 634 4903 nocentiam
665 4845 938 4901 sufﬁcere
971 4861 1087 4900 non
1117 4843 1291 4912 valet,
1310 4845 1456 4917 petit
1498 4846 1962 4904 misericordiam

302 4935 428 5005 Dei,
461 4935 664 4992 dicens
695 4950 708 4990 ε
745 4957 773 4984 ‹‹
808 4937 865 4991 et
890 4933 1168 4990 miserere
1201 4933 1336 4989 mei.
1364 4957 1391 4984 »

364 5025 481 5092 Qui
504 5025 652 5080 bene
673 5039 805 5079 sum
829 5026 1002 5096 aptus
1028 5024 1201 5095 cujus
1223 5024 1728 5097 miserearis,quia
1747 5049 1774 5075 «
1792 5041 1960 5083 meus

301 5132 475 5187 pes,»
505 5113 566 5170 id
600 5117 707 5181 est,
723 5113 961 5168 afﬂictio
995 5129 1123 5168 mea
1161 5135 1188 5162 ‹‹
1215 5112 1398 5182 stetit,
1428 5136 1454 5161 ››
1488 5113 1545 5169 id
1590 5115 1962 5180 est,firmit.er

298 5203 626 5276 permansit
657 5225 686 5253 »
720 5202 780 5258 in
811 5202 1104 5270 directo,»
1138 5202 1195 5256 id
1228 5206 1338 5267 est,
1363 5202 1422 5257 in
1447 5202 1564 5258 alto
1598 5203 1722 5259 loco
1747 5221 1759 5257 :
1784 5205 1873 5260 vel
1898 5206 1956 5260 in

295 5294 536 5362 directo,
559 5291 619 5348 id
650 5296 760 5364 est,
792 5292 852 5347 in
884 5291 1134 5348 Christo.
1167 5291 1326 5347 Alios
1357 5291 1515 5347 enim
1555 5293 1862 5350 translatio
1895 5295 1953 5350 in

290 5381 385 5438 via
444 5384 602 5437 recta
636 5397 649 5435 :
685 5380 952 5436 Christus
1001 5381 1158 5436 enim
1216 5379 1399 5434 dicit:
1436 5404 1463 5429 «
1496 5381 1614 5453 Ego
1663 5399 1795 5438 sum
1841 5383 1950 5453 via,

288 5471 526 5540 veritas,
560 5474 617 5525 et
646 5469 762 5524 vita
783 5469 959 5540 (Joun.
993 5470 1130 5540 XIV).
1169 5494 1193 5517 υ
1224 5468 1324 5522 Vel
1360 5494 1384 5515 ‹‹
1437 5470 1496 5524 in
1550 5471 1791 5539 directo,
1830 5497 1855 5520 ››
1893 5473 1951 5529 id

289 5563 397 5627 est,
433 5560 492 5613 in
551 5558 756 5614 ordine
812 5558 1119 5626 catholico,
1150 5563 1207 5612 et
1260 5582 1285 5608 ‹‹
1326 5564 1378 5612 te
1439 5560 1639 5630 etiam,
1682 5560 1947 5630 Domine,

289 5643 634 5702 benedicam
669 5645 727 5698 in
760 5669 786 5694 ‹‹
820 5646 1084 5701 ecclesiis
1121 5670 1146 5694 ››
1181 5645 1421 5711 scilicet,
1447 5647 1719 5703 habitans
1743 5649 1797 5703 in
1821 5669 1951 5706 con-

294 5731 473 5786 sortio
507 5730 788 5786 ﬁdelium.

2074 4755 2362 4828 psalmus,
2399 4755 2548 4824 dico,
2585 4755 2847 4828 dirigens
2904 4773 3012 4811 nos
3067 4755 3127 4810 in
3171 4756 3372 4826 finem,
3423 4755 3481 4810 id
3529 4760 3635 4826 est,
3666 4757 3723 4811 in

2074 4844 2394 4900 Christum.
2425 4845 2493 4899 Et
2541 4861 2575 4900 a
2617 4844 2810 4916 prima
2860 4843 3126 4900 linitione
3172 4843 3378 4916 incipit
3423 4843 3524 4913 ita,
3555 4849 3613 4900 et
3651 4845 3720 4901 ad

2073 4934 2342 4990 secunda:
2374 4933 2744 4990 securitatem
2775 4933 2856 4989 ita
2889 4950 2994 4989 nos
3024 4934 3319 4990 admonet.

2143 5023 2428 5079 Conﬁdite
2459 5028 2516 5079 et
2546 5023 2684 5078 certi
2711 5022 2840 5078 sitis
2864 5023 2934 5078 de
2973 5023 3236 5078 secunda
3264 5020 3547 5091 linitione,
3578 5039 3716 5079 con—

2071 5114 2399 5169 siderantes
2428 5129 2541 5179 me,
2577 5112 2718 5185 quia
2748 5135 2774 5163 «
2812 5112 3102 5168 Dominus
3131 5110 3484 5167 illuminatio
3517 5127 3662 5179 mea,
3689 5133 3714 5160 υ

2068 5202 2126 5258 id
2161 5201 2636 5268 est,illuminans
2672 5219 2784 5272 me,
2821 5205 2885 5256 ut
2913 5200 3086 5257 velim
3113 5201 3386 5257 accedere
3416 5201 3486 5256 ad
3521 5200 3711 5269 fidem,

2064 5295 2121 5347 et
2151 5292 2260 5347 hoc
2293 5297 2381 5346 est
2412 5296 2546 5346 ante
2577 5291 2943 5363 baptismum
2976 5314 3004 5341 ‹‹
3037 5293 3095 5345 et
3122 5288 3299 5345 etiam
3332 5287 3491 5345 salus
3524 5305 3713 5357 mea,»

2064 5380 2121 5435 id
2146 5378 2540 5446 est,rcmissio
2565 5383 2937 5449 peccatorum
2963 5395 3088 5450 qua:
3122 5379 3186 5433 fit
3216 5379 3273 5434 in
3320 5377 3630 5449 baptismo,
3661 5380 3713 5433 et

2064 5468 2410 5525 confer-talio
2440 5470 2510 5522 ad
2543 5468 2689 5522 bene
2730 5468 3116 5539 operandum,
3151 5467 3307 5538 quod
3359 5467 3422 5521 fit
3471 5466 3526 5520 in
3575 5482 3710 5521 con-

2064 5559 2394 5614 firmatione
2429 5574 2442 5612 :
2472 5562 2529 5613 et
2577 5556 2717 5628 quid
2764 5557 2872 5612 hoc
2917 5557 3045 5612 est?
3097 5581 3122 5606 ‹·.
3159 5573 3395 5628 quem»
3443 5555 3710 5627 deinceps

2062 5671 2091 5697 ‹‹
2124 5647 2380 5703 timebo?
2414 5670 2440 5695 ››
2465 5645 2706 5701 Nullum
2761 5646 3002 5715 scilicet,
3039 5646 3178 5718 quia
3226 5661 3415 5716 neque
3464 5642 3620 5712 Saul,
3653 5642 3705 5698 id

2060 5741 2149 5793 est
2208 5736 2495 5804 diabolus,
2560 5753 2665 5791 nec
2723 5734 2936 5806 aliquis
3005 5734 3282 5793 inimicus
3351 5731 3562 5806 poterit
3619 5745 3706 5788 me
