3914 6378
362 441 485 508 283

797 440 1204 506 HAYMONIS
1238 439 1785 504 HALBERSTAT.
1814 431 2021 498 EPISC

2216 434 2270 495 P.
2302 433 2506 498 PARS
2538 434 2587 497 Ι.
2618 458 2697 478 -ι-
2724 428 3138 495 COMMENT.
3170 426 3368 489 BIBL.

3680 421 3819 485 284

365 593 470 651 per
498 575 689 633 dicere
718 576 913 632 cordis
944 580 1182 631 notatur
1211 591 1427 648 magna
1457 574 1703 631 intentio
1736 590 1813 630 ;”‹‹
1848 570 2027 627 facies
2054 564 2114 635 Α
2214 568 2331 641 Ιρει
2377 568 2485 623 hoc
2535 565 2741 621 dicunt
2770 579 2784 618 :
2816 563 2960 631 Quis
3008 561 3155 617 vidit
3189 559 3299 616 hoc
3328 572 3574 651 regnum
3594 556 3623 613 ?
3652 556 3821 651 Quis

366 684 555 735 mea,»
580 666 639 721 id
672 672 762 721 est
791 665 1172 738 pulchritudo
1206 682 1360 731 mea,
1393 681 1496 738 per
1526 682 1705 737 quam
1737 662 2027 718 discretus

365 770 498 811 sum
528 754 600 809 ab
632 753 761 809 aliis
793 777 821 803 «
856 753 1183 825 exquisivit,
1217 775 1244 805 »
1277 753 1333 808 id
1375 758 1465 809 est
1495 758 1657 807 extra
1687 751 1885 807 omnia
1914 749 2029 805 alia

364 842 714 916 qumsivitﬁd
732 842 1194 914 est,postpositis
1224 842 1357 898 aliis
1388 842 1665 897 omnibus
1691 840 2027 909 terrenis,te

363 931 556 987 solum
579 931 816 999 intueri,
837 933 1210 1003 prmsentiam
1240 936 1405 986 tuam
1436 948 1785 1003 cognoscere
1800 929 2019 985 studui.

365 1020 840 1092 Faciesjusti,est
854 1019 1040 1076 virtus
1072 1021 1172 1077 illa
1201 1038 1304 1093 per
1330 1037 1508 1092 quam
1540 1020 1833 1074 discretus
1856 1035 2027 1091 appa-

363 1115 453 1166 ret
484 1110 557 1166 ab
589 1111 867 1166 omnibus
898 1109 1066 1165 aliis:
1095 1111 1249 1165 sicut
1278 1109 1387 1164 fuit
1418 1110 1477 1163 in
1508 1109 1619 1164 Job
1652 1108 2025 1180 patientia,in

363 1199 547 1255 David
581 1198 907 1268 humilitas,
938 1204 994 1254 et
1024 1198 1083 1253 in
1109 1197 1242 1253 aliis
1274 1196 1550 1253 similiter
1582 1214 1595 1251 :
1635 1219 1662 1247 «
1698 1198 1939 1269 qumsivi
1972 1201 2028 1251 et

363 1288 683 1360 requiram,
715 1287 984 1353 Domine,
1019 1286 1223 1342 faciem
1259 1291 1495 1357 tuam,»
1531 1286 1590 1340 id
1621 1290 1709 1340 est
1740 1285 2025 1357 cognitio-

364 1362 500 1433 nem
530 1381 694 1432 tuam
728 1393 833 1448 per
863 1376 1018 1431 bona
1039 1392 1233 1447 opera.

436 1464 507 1519 Et
535 1465 666 1521 ideo
695 1486 716 1513 ι
745 1480 817 1518 ne
840 1467 1066 1519 avertas
1098 1462 1306 1518 faciem
1338 1466 1524 1530 tuam,
1562 1486 1589 1513 ››
1616 1462 1675 1519 id
1707 1467 1797 1518 est
1826 1463 2025 1534 cogni-

365 1554 588 1610 tionem
610 1557 797 1621 tuam,
809 1574 837 1604 «
855 1569 888 1608 a
902 1569 1013 1620 me,
1026 1575 1052 1601 ››
1068 1553 1211 1625 quin
1224 1553 1578 1625 quandoque
1598 1553 1847 1608 habeam
1862 1552 2027 1607 illam

367 1642 789 1715 cognitionem,
812 1659 940 1714 qua}
962 1642 1219 1715 cognitio
1242 1646 1473 1698 tantum
1494 1642 1559 1697 in
1580 1641 1683 1697 illa
1701 1641 1820 1698 vita
1850 1641 2026 1697 habe-

366 1734 497 1787 tur:
518 1754 545 1781 «
567 1748 638 1787 ne
654 1731 915 1787 declines
936 1748 970 1786 a
1000 1747 1164 1787 servo
1194 1735 1317 1799 tuo,
1352 1753 1379 1779 »
1412 1730 1469 1786 id
1501 1734 1589 1785 est
1617 1748 1690 1785 ne
1721 1730 2027 1802 permittas

364 1819 624 1877 incidere
648 1838 881 1877 servum
902 1825 1073 1875 tuum
1097 1820 1157 1875 in
1189 1824 1523 1893 peccatum:
1549 1824 1606 1875 et
1627 1820 1676 1875 si
1710 1819 2028 1891 aliquando

366 1910 675 1985 permittas
701 1910 932 1978 cadere,
953 1909 1063 1965 hoc
1094 1927 1211 1965 non
1234 1910 1415 1965 facias
1438 1932 1465 1958 ‹‹
1489 1908 1549 1963 in
1573 1909 1661 1964 ira
1680 1912 1839 1964 tua.»
1864 1910 2029 1964 Tunc
2059 1933 2109 1999 B

368 2000 428 2056 in
448 1999 535 2055 ira
554 1998 809 2055 declinat
829 2015 863 2052 a
892 1999 1329 2071 servo,quando
1361 1998 1648 2071 permittit
1677 2014 1812 2053 eum
1844 2014 2032 2069 usque

368 2088 430 2145 in
460 2088 681 2160 peccati
712 2088 1102 2161 praecipitium
1144 2087 1467 2160 pervenire,
1500 2088 1749 2160 gratiam
1800 2088 2032 2143 subtra-

368 2177 563 2234 hendo
584 2194 597 2233 :
619 2181 677 2234 et
696 2177 805 2233 hoc
828 2178 971 2233 dicit
998 2194 1103 2250 per
1134 2176 1351 2233 similie
1376 2194 1388 2232 :
1422 2176 1575 2232 sicut
1605 2176 1821 2248 aliquis
1842 2176 2035 2232 Domi-

373 2282 487 2322 nus
517 2265 831 2322 declinata
861 2282 1026 2322 servo
1056 2266 1507 2338 iratus,quando
1539 2283 1655 2322 non
1686 2265 1813 2321 vult
1842 2264 2036 2337 hospi-

373 2353 486 2411 tari
516 2370 652 2409 cum
681 2370 769 2410 eo.

445 2443 573 2499 Non
595 2442 980 2510 declines,sed
1011 2444 1211 2517 potius
1246 2462 1267 2493 ι
1298 2446 1421 2499 esto
1452 2444 1687 2516 adjutor
1717 2460 1883 2499 meus
1904 2465 1932 2493 »
1963 2443 2035 2499 ad

375 2531 524 2588 bene
545 2533 911 2603 operandum
934 2549 948 2588 :
973 2537 1029 2588 et
1060 2532 1200 2605 quia
1221 2537 1418 2604 posset
1430 2533 1637 2604 juvare
1658 2534 1717 2587 in
1750 2531 2036 2604 principio

374 2626 434 2678 et
463 2621 753 2688 recedere,
785 2622 915 2678 ideo
943 2622 1225 2694 supponit
1262 2643 1283 2673 «
1318 2639 1435 2677 non
1467 2622 1841 2693 derelinquas
1872 2638 1985 2687 me,
2008 2644 2036 2670 »

376 2711 520 2783 quin
546 2727 781 2783 semper
808 2711 1074 2785 porrigas
1107 2727 1381 2767 manum:
1409 2716 1465 2767 et
1487 2711 1626 2784 quia
1647 2728 1707 2767 se
1729 2727 1858 2766 esse
1886 2710 2039 2765 vide-

376 2800 478 2855 bat
498 2798 671 2855 vilem
694 2804 754 2855 et
776 2800 1376 2873 despicabilem,quod
1403 2800 1837 2856 videreturesse
1859 2816 2039 2855 causa

378 2904 558 2961 quare
592 2888 747 2943 Deus
778 2905 912 2943 eum
946 2889 1331 2961 dclinqueret,
1367 2893 1639 2962 precatur
1666 2890 1852 2945 Deum
1884 2906 1955 2944 ne
1978 2888 2037 2943 in

377 2976 506 3049 ipso
527 2994 769 3034 causam
784 2976 944 3033 illam
967 2979 1458 3048 attendat,dicens
1474 2996 1486 3034 :
1504 3002 1530 3028 ‹‹
1548 2996 1735 3051 neque
1748 2977 2039 3050 despicias

377 3066 602 3135 me,»id
625 3070 713 3122 est
744 3084 861 3122 non
894 3067 1007 3123 sim
1040 3068 1146 3122 tibi
1179 3067 1467 3134 vilis,tum
1492 3067 1630 3141 quia
1655 3068 1855 3123 «Deus
1872 3090 1897 3115 n
1912 3072 2036 3121 tum

375 3155 514 3228 quia
539 3155 916 3225 «salutaris,»
944 3156 1084 3229 quia
1105 3157 1533 3229 qualiscunque
1555 3157 1667 3213 sim
1692 3180 1712 3206 ι
1730 3160 1793 3212 tu
1806 3172 1868 3212 es
1886 3157 2041 3212 Deus

375 3260 566 3310 meus,
601 3264 630 3294 »ι
661 3243 718 3298 id
750 3248 840 3300 est
864 3243 1103 3299 Creator
1132 3262 1322 3311 meus,
1344 3266 1371 3293 «
1389 3249 1447 3299 et
1478 3243 1762 3299 Salutaris
1787 3260 1977 3307 meus,
2011 3263 2038 3291 »

2137 658 2348 713 deinde
2369 656 2565 712 venit?
2588 656 2697 711 Sed
2726 652 3014 726 quidquid
3042 651 3124 706 illi
3156 651 3353 706 dicant
3382 666 3395 703 :
3429 648 3546 720 Ego
3567 670 3595 697 «
3620 647 3819 703 credo

2135 751 2333 801 tamen
2363 746 2557 800 videre
2590 745 2745 799 bona
2765 741 3057 807 Domini,»
3081 757 3210 811 qua;
3232 761 3260 787 «
3279 754 3381 793 nec
3404 735 3607 793 oculus
3624 736 3819 800 vidit,

2137 852 2243 891 nec
2265 833 2806 899 auris‘audivit,nec
2828 831 2886 886 in
2911 847 3010 885 cor
3030 828 3289 885 hominis
3320 826 3584 883 ascendit
3604 826 3653 895 (Ι
3677 824 3818 881 Cor.

2136 928 2219 992 ιι),
2260 946 2287 973 ››
2320 947 2348 973 ‹‹
2381 923 2439 978 in
2500 926 2657 977 terra
2713 919 3054 986 viventium,
3092 940 3118 967 ››
3152 918 3210 972 id
3269 920 3360 972 est
3403 916 3464 971 in
3496 914 3661 981 caalo,
3704 912 3819 968 ubi

2136 1012 2325 1069 sancti
2356 1011 2626 1068 habitant
2654 1015 2712 1065 et
2741 1026 2875 1065 vera
2904 1009 3023 1064 vita
3049 1008 3270 1062 vivunt.
3304 1005 3525 1060 leum
3553 1006 3826 1059 vocatur

2134 1106 2289 1157 terra
2322 1107 2560 1174 propter
2591 1099 2999 1165 stabilitatem,
3036 1096 3177 1169 quia
3220 1100 3363 1151 tunc
3411 1093 3621 1150 stabile
3667 1091 3823 1147 erit.

2208 1189 2695 1261 Quandoquidem
2717 1189 2880 1244 vides
2904 1203 2996 1242 me
3018 1182 3827 1258 certumquodvidebobona

2136 1279 2535 1349 Domini,ergo
2549 1278 2885 1349 quicunque
2897 1275 3087 1332 ﬁdelis
3099 1298 3127 1325 «
3143 1278 3416 1346 exspecta
3436 1272 3777 1328 Dominum
3795 1290 3823 1317 η

2136 1384 2241 1439 per
2267 1367 2861 1439 longanimitatem,et
2886 1364 3274 1436 exspectando
3297 1385 3326 1414 «
3347 1362 3593 1418 viriliter
3622 1375 3777 1433 age,
3798 1382 3825 1407 »ι

2136 1456 2195 1511 id
2217 1459 2305 1511 est
2327 1456 2533 1511 insiste
2561 1454 2881 1510 virtutibus
2907 1470 2919 1509 :
2945 1458 3003 1508 et
3025 1453 3073 1508 si
3106 1469 3321 1508 manus
3350 1452 3705 1524 fatigentur,
3731 1451 3828 1502 ta-

2137 1561 2273 1600 men
2305 1561 2449 1600 «cor
2481 1548 2651 1599 tuum
2683 1542 3044 1598 confortetur
3059 1562 3085 1589 ››
3101 1545 3159 1595 et
3188 1540 3272 1595 sic
3295 1562 3325 1589 ‹‹
3353 1540 3580 1595 sustine
3607 1534 3831 1595 Domi-

2136 1649 2340 1701 num,»
2373 1632 2430 1688 id
2460 1638 2550 1689 est
2577 1631 2713 1688 licet
2741 1630 3066 1699 tribuleris,
3088 1635 3285 1685 tamen
3319 1628 3639 1685 Dominum
3667 1642 3827 1683 cum

2137 1722 2423 1795 patientia
2451 1726 2740 1795 exspecta.

2604 1847 2677 1901 IN
2720 1844 3068 1901 PSALMUM
3116 1842 3331 1899 XXVII.

2462 1956 2734 2011 TITULUS.
2774 1954 3027 2009 Psalmus
3066 1954 3242 2024 ipsius
3281 1950 3475 2007 David.

2215 2105 2243 2132 «
2266 2082 2350 2137 Ad
2384 2080 2732 2149 te,Domine,
2757 2077 3025 2133 clamavi.
3063 2100 3091 2127 ››
3119 2076 3378 2132 Verbum
3408 2073 3511 2131 Dei
3538 2073 3826 2146 loquitur

2142 2171 2488 2227 hominibus
2500 2170 2571 2225 de
2583 2168 2925 2241 Deozipsum
2938 2166 3096 2223 enim
3109 2170 3199 2223 est
3212 2164 3469 2222 ostensio
3482 2163 3817 2220 Dei.Unde:

2145 2283 2173 2311 «
2188 2260 2371 2315 Nemo
2385 2258 2545 2315 novit
2568 2258 2797 2314 Patrem
2818 2256 2933 2314 nisi
2952 2254 3155 2324 Filius,
3172 2258 3228 2311 et
3244 2253 3338 2310 cui
3359 2252 3538 2310 Filius
3553 2251 3825 2310 voluerit

2144 2348 2400 2405 revelare
2432 2348 2633 2420 (Matth.
2666 2347 2747 2418 χι)
2773 2364 2786 2415 ;
2816 2368 2843 2395 ››
2882 2350 2939 2401 et
2968 2345 3121 2401 sicut
3147 2348 3271 2400 tota
3299 2343 3563 2400 humana
3590 2346 3823 2397 natura

2143 2440 2370 2496 habens
2400 2436 2793 2511 cognitionem
2825 2437 2897 2492 de
2922 2436 3177 2504 Deo,hoc
3199 2435 3376 2491 habet
3405 2450 3509 2508 per
3534 2431 3816 2497 verbum,

2146 2529 2230 2584 ita
2259 2528 2521 2583 humana
2551 2531 2763 2583 natura
2792 2525 3039 2583 Christi:
3067 2528 3124 2580 et
3154 2524 3202 2581 si
3233 2523 3409 2581 alicui
3439 2520 3668 2579 homini
3686 2536 3821 2577 ver-

2146 2618 2288 2672 bum
2310 2617 2535 2684 silet,ut
2556 2615 2691 2671 fecit
2709 2614 3180 2682 Adaa,descendit
3208 2614 3265 2669 in
3300 2611 3672 2669 lacum.Cum
3706 2608 3821 2665 hu-

2147 2724 2325 2763 mana
2353 2711 2565 2762 natura
2607 2703 2774 2761 unita
2819 2704 2994 2759 verbo
3039 2704 3163 2771 Dei,
3196 2720 3314 2759 non
3345 2701 3587 2758 confidit
3614 2701 3691 2757 de
3723 2717 3816 2769 se,

2148 2795 2336 2852 multo
2368 2794 2569 2851 minus
2598 2792 3099 2849 czeteri.Psalmus
3128 2791 3266 2848 huic
3298 2791 3499 2848 David.
3533 2789 3818 2847 Psalmus

2146 2886 2258 2942 iste
2288 2884 2632 2941 attribuitur
2660 2882 2865 2952 David,
2899 2884 2955 2938 id
2989 2887 3079 2939 est
3108 2882 3360 2949 Christo,
3394 2880 3496 2954 qui
3535 2880 3817 2937 Christus

2148 2976 2242 3031 hic
2267 2974 2546 3047 loquitur.
2581 2976 2745 3041 Quod
2794 2974 2935 3030 dicit
2977 2973 3135 3041 huic,
3167 2971 3257 3027 vel
3288 2972 3359 3027 ad
3390 2969 3816 3037 differentiam,

2148 3065 2234 3121 vel
2267 3065 2339 3121 ad
2389 3063 2792 3120 excellentiam
2841 3066 3035 3135 potest
3070 3061 3256 3133 accipi
3288 3077 3301 3116 :
3336 3059 3505 3133 quasi
3535 3059 3766 3115 diceret
3798 3074 3811 3113 :

2151 3154 2293 3210 lluic
2325 3171 2441 3209 non
2471 3152 2691 3209 carnali
2722 3152 2865 3227 regi,
2890 3153 2991 3208 sed
3022 3149 3273 3225 spiritali
3305 3148 3445 3223 Regi
3484 3165 3718 3223 regum,
3752 3147 3814 3203 id

2149 3248 2238 3299 est
2264 3243 2496 3299 Christo
2524 3243 2594 3297 ad
2626 3241 3062 3298 excellentiam:
3087 3241 3225 3313 quia
3255 3240 3520 3313 quaedam
3549 3238 3736 3295 verba
3751 3237 3811 3293 in

376 3331 436 3387 id
467 3301 566 3387 est,
589 3330 853 3387 Salvator
893 3349 1061 3387 meus
1095 3350 1107 3387 :
1143 3332 1282 3405 quia
1310 3301 1416 3404 per
1444 3332 1873 3388 humanitatem
1910 3301 2040 3387 Filii
2070 3301 2118 3374 α
2149 3333 2259 3389 hoc
2289 3333 2538 3405 psalmo,
2574 3350 2687 3405 que
2735 3331 2881 3387 nulli
2930 3330 3029 3386 alii
3077 3301 3328 3403 possunt
3371 3327 3653 3402 adaptari,
3692 3327 3811 3383 nisi

377 3419 554 3476 debes
588 3436 682 3474 me
712 3418 955 3474 salvare.

447 3509 518 3563 Et
552 3506 681 3562 ideo
705 3524 821 3562 non
855 3508 1032 3563 debes
1059 3525 1153 3562 me
1185 3508 1509 3580 despicere,
1542 3506 1682 3579 quia
1712 3524 1845 3562 mea
1869 3505 2043 3579 culpa

377 3613 494 3651 non
529 3600 621 3651 est
651 3596 807 3668 quod
838 3596 975 3651 talis
1007 3614 1199 3665 sum,«
1224 3598 1504 3668 quoniam
1527 3600 1693 3667 pater
1721 3612 1946 3662 meus,»
1981 3596 2040 3650 id

377 3689 471 3741 est
490 3685 698 3755 Adam,
735 3708 762 3735 «
798 3690 856 3740 et
888 3690 1075 3740 mater
1107 3702 1255 3754 mea,
1290 3709 1316 3734 ››
1350 3686 1407 3741 id
1441 3690 1528 3740 est
1557 3686 1693 3755 Eva,
1726 3684 2042 3756 derelique-

378 3777 517 3828 runt
539 3772 720 3844 me,in
745 3773 1019 3846 periculis
1042 3775 1210 3846 quasi
1234 3791 1482 3847 puerum
1505 3774 1834 3845 expositum
1852 3790 1865 3827 :
1886 3797 1913 3822 ‹‹
1929 3773 2041 3828 Do-

379 3861 579 3918 minus
601 3867 798 3918 autem
831 3864 1158 3935 assumpsit
1191 3880 1340 3931 me,»
1359 3863 1416 3918 id
1446 3868 1536 3919 est
1558 3880 1743 3918 meam
1774 3861 2044 3917 humani-

378 3955 559 4008 tatem
592 3951 705 4007 sibi
740 3952 947 4019 univit,
982 3969 1086 4025 per
1115 3954 1272 4025 quod
1318 3957 1559 4025 apparet
1600 3952 1854 4007 maxime
1886 3953 2040 4024 quod

378 4040 556 4096 homo
578 4041 709 4112 jam
740 4057 856 4097 non
890 4041 969 4096 sit
998 4041 1430 4114 despiciendus.

452 4152 480 4179 «
509 4129 797 4186 Dominus
822 4132 1151 4203 assumpsit
1172 4149 1324 4200 me,»
1350 4136 1409 4187 et
1440 4137 1525 4199 tu,
1562 4132 1871 4199 «Domine,
1894 4146 2043 4203 pone

377 4218 526 4275 mihi
543 4219 864 4292 legem,»id
883 4224 971 4276 est
987 4220 1248 4293 aliquam
1271 4222 1689 4277 correctionem
1714 4220 2041 4290 mihi,dico,

378 4306 494 4366 sito
516 4307 577 4362 in
606 4330 633 4358 «
659 4308 750 4363 via
772 4313 932 4376 tua,»
955 4308 1013 4363 id
1037 4314 1127 4365 est
1147 4309 1205 4364 in
1230 4310 1343 4365 fide
1373 4316 1431 4366 et
1449 4310 1510 4364 in
1541 4310 1711 4366 bonis
1742 4310 2039 4382 operibus,

376 4396 600 4470 quibus
632 4396 969 4469 pervenitur
1000 4398 1073 4453 ad
1106 4402 1162 4453 te
1196 4416 1209 4453 :
1246 4422 1272 4447 «
1308 4403 1363 4453 et
1393 4398 1578 4471 dirige
1619 4416 1712 4453 me
1744 4399 1802 4453 in
1835 4398 2045 4454 semita

375 4492 501 4552 tua,
538 4509 565 4536 n
600 4486 659 4541 id
691 4490 781 4542 est
811 4487 870 4542 in
904 4486 1255 4543 arctioribus
1304 4490 1610 4560 praeceptis
1647 4489 1767 4544 tuis
1801 4505 1813 4543 :
1849 4493 1907 4543 et
1934 4489 2069 4555 hoc,

381 4576 473 4631 fac
505 4580 745 4649 pr0pter
773 4575 1045 4633 inimicos
1077 4578 1334 4645 meos,id
1366 4582 1455 4633 est
1484 4577 1916 4649 haareticos,qui
1944 4594 2043 4632 vo-

375 4662 512 4720 lunt
541 4664 903 4720 intellectum
936 4666 1378 4737 Scripturarum
1409 4670 1755 4738 pervertere.

448 4753 568 4825 Ego
591 4753 720 4808 dico
753 4754 1281 4826 propterinimicos
1303 4772 1599 4821 meos,nec
1620 4759 1817 4810 tamen
1842 4772 2047 4827 precor

378 4847 445 4897 ut
466 4859 582 4897 non
607 4843 809 4898 tradas
843 4859 937 4897 me
960 4842 1018 4897 in
1042 4843 1317 4899 manibus
1341 4860 1566 4910 eorum,
1595 4844 1693 4899 sed
1721 4867 1749 4893 «
1774 4861 1845 4899 ne
1866 4844 2044 4899 tradi-

379 4930 538 4986 deris
571 4947 665 4986 me
714 4931 772 4985 in
825 4931 1057 4987 animas
1092 4954 1119 4980 ››
1151 4949 1380 5004 eorum,
1414 4933 1469 4988 id
1504 4937 1593 4989 est
1624 4933 1684 4987 in
1716 4933 2046 4989 voluntates

378 5017 797 5077 tribulantium
831 5036 946 5088 me,
982 5042 1009 5069 »
1043 5025 1111 5075 ut
1141 5038 1256 5076 non
1290 5022 1519 5094 possint
1554 5023 1828 5078 devorare
1857 5039 1951 5078 me
1983 5027 2049 5078 ut

378 5107 602 5163 volunt.
626 5107 743 5165 Nec
776 5108 955 5163 debes
984 5110 1233 5177 tradere,
1268 5111 1549 5181 quoniam
1580 5116 1638 5166 et
1665 5102 1851 5183 iniqui
1886 5116 2043 5180 sunt,

380 5202 437 5252 et
468 5198 789 5269 insurgunt
820 5201 878 5252 et
910 5197 1241 5253 metiuntur
1276 5215 1289 5253 :
1321 5204 1377 5253 et
1408 5199 1518 5255 hoc
1549 5203 1639 5255 est
1673 5222 1699 5249 ‹‹
1722 5200 2048 5256 insurrexe-

379 5291 537 5353 runt,
567 5309 596 5335 »
629 5285 686 5341 id
719 5291 809 5341 est
840 5291 1148 5342 erexerunt
1175 5310 1202 5335 ‹‹
1227 5287 1285 5341 in
1319 5305 1470 5359 me,»
1504 5288 1561 5342 id
1594 5293 1681 5343 cst
1711 5294 1914 5345 contra
1930 5306 2043 5360 me,

381 5397 408 5424 «
444 5378 625 5430 testes
676 5373 889 5446 iniqui,
925 5397 953 5424 ››
987 5374 1046 5431 id
1078 5380 1169 5431 est
1212 5380 1494 5433 testantes
1525 5376 1731 5448 iniqua
1763 5395 1776 5433 :
1810 5378 1949 5451 quia
1979 5396 2047 5435 ea

381 5478 510 5534 qua:
541 5460 639 5519 alii
679 5461 807 5518 falsi
844 5464 1129 5532 dixerant,
1164 5463 1259 5520 isti
1296 5466 1748 5536 confirmabant,
1782 5467 2045 5524 dicentes

384 5567 499 5604 non
533 5568 661 5605 esse
693 5551 955 5607 futuram
989 5552 1163 5608 aliam
1184 5554 1363 5609 vitam
1382 5556 1776 5625 prmterlianc,
1798 5562 1854 5613 et
1876 5558 2045 5612 simi-

382 5637 464 5691 lia
497 5655 510 5691 :
548 5661 575 5686 «
612 5643 669 5693 et
700 5634 986 5711 iniquitas
1019 5646 1108 5695 est
1140 5644 1406 5712 mentita,
1444 5668 1469 5691 ››
1506 5645 1559 5697 id
1594 5648 1681 5699 est
1714 5646 1822 5717 ipsi
1858 5646 2042 5718 iniqui

388 5729 527 5778 sunt
558 5725 788 5780 mentiti
821 5751 846 5774 ‹‹
885 5729 1017 5797 sibi,
1059 5751 1083 5777 ››
1119 5728 1171 5783 id
1207 5734 1295 5784 est
1325 5732 1393 5785 ad
1425 5732 1705 5787 damnum
1738 5752 1933 5791 suum.

2147 3422 2379 3478 Christo
2411 3421 2614 3491 soli,ut
2644 3426 2735 3477 cst
2764 3438 2777 3477 :
2814 3444 2842 3473 «
2866 3420 3152 3476 Reﬂoruit
3180 3436 3315 3475 caro
3346 3434 3533 3473 mea.»
3562 3415 3813 3473 Materia

2150 3514 2239 3567 est
2259 3511 2384 3583 ipse
2405 3510 2782 3566 Christus.De
2794 3527 2860 3565 eo
2881 3509 2967 3565 sic
2988 3509 3136 3583 agit:
3157 3506 3435 3565 describit
3455 3522 3591 3562 eum
3611 3510 3813 3578 peten-

2149 3604 2269 3654 tem
2293 3604 2351 3654 et
2373 3599 2483 3653 sibi
2516 3603 2573 3653 et
2602 3602 2805 3653 contra
2833 3597 3126 3661 inimicos,
3159 3600 3428 3669 agentem
3460 3594 3634 3650 etiam
3666 3610 3809 3667 gra-

2150 3688 2263 3743 tias
2291 3689 2360 3743 de
2386 3688 2797 3759 impetratione
2842 3705 2962 3742 suae
3005 3684 3325 3759 petitionis,
3358 3688 3415 3740 et
3443 3684 3564 3740 haec
3595 3687 3687 3738 est
3717 3698 3807 3738 se-
3836 3746 3844 3753 ,

2151 3778 2345 3833 cunda
2373 3794 2511 3848 pars
2543 3775 2847 3848 psalmi.In
2879 3776 3055 3831 tertia
3084 3778 3245 3847 parte
3267 3774 3524 3830 ostendit
3554 3772 3712 3845 quod
3742 3787 3809 3827 ea

2152 3883 2279 3938 qua}
2307 3866 2459 3921 facta
2489 3869 2628 3920 sunt
2655 3866 2727 3921 de
2757 3865 3010 3935 Christo,
3044 3864 3217 3920 sicuti
3270 3861 3465 3935 passio
3512 3865 3570 3918 et
3610 3870 3806 3917 resur-

2150 3956 2419 4025 rectio,et
2440 3955 2680 4023 similia,
2696 3955 2821 4011 suis
2842 3955 3019 4011 etiam
3042 3955 3113 4010 ad
3132 3952 3544 4010 exaltationem
3574 3951 3805 4024 profue-

2153 4050 2311 4100 runt.
2345 4044 2596 4101 Intentio
2627 4049 2716 4099 est
2745 4048 2813 4099 ut
2843 4044 3193 4116 persuadeat
3213 4060 3328 4098 non
3359 4058 3489 4097 esse
3520 4040 3807 4096 confiden-

2152 4136 2295 4191 dum
2342 4135 2403 4190 in
2454 4133 2713 4202 homine,
2748 4134 2850 4189 sed
2902 4133 2963 4188 in
3014 4132 3138 4188 solo
3194 4133 3331 4200 Deo,
3372 4147 3508 4186 cum
3556 4126 3807 4185 ostendit

2152 4224 2453 4280 Christum
2471 4221 2967 4295 perfectissimum
2983 4222 3217 4293 justum
3239 4221 3300 4275 in
3322 4218 3483 4275 nullo
3496 4218 3803 4280 conﬁdere,

2153 4313 2265 4368 nisi
2283 4313 2344 4367 in
2363 4310 2486 4368 solo
2507 4312 2646 4367 Deo.
2671 4312 2735 4367 In
2758 4311 2873 4367 fine
2904 4310 3081 4367 etiam
3103 4310 3202 4366 ubi
3226 4308 3499 4375 ostendit,
3525 4306 3681 4380 quod
3707 4321 3802 4378 po-

2153 4402 2328 4475 pulus
2350 4401 2607 4457 salvatus
2629 4418 2731 4472 per
2761 4400 3063 4456 Christum
3090 4416 3205 4455 non
3230 4399 3407 4455 habet
3427 4394 3800 4454 salvationem

2154 4492 2269 4546 nisi
2302 4491 2359 4545 in
2391 4489 2514 4545 solo
2546 4490 2684 4559 Deo,
2718 4489 2917 4544 innuit
2944 4488 3115 4561 plane
3145 4504 3381 4543 omnem
3426 4484 3800 4541 salvationem

2153 4596 2282 4635 esse
2305 4596 2339 4634 a
2358 4579 2495 4647 Deo,
2516 4583 2572 4634 et
2593 4595 2711 4634 non
2742 4578 2815 4633 ab
2848 4578 3112 4633 homine:
3128 4581 3186 4632 et
3208 4576 3363 4632 sicut
3388 4575 3449 4630 in
3480 4572 3800 4646 praeceden-

2073 4671 2125 4741 Β
2155 4668 2314 4724 tibus
2331 4667 2689 4740 quibusdam
2711 4666 2959 4741 psalmis
2994 4665 3247 4723 breviter
3264 4663 3454 4737 tangit
3472 4661 3800 4736 passionem

2155 4762 2212 4813 et
2241 4758 2749 4826 resurrectionem,
2784 4756 2866 4813 ita
2896 4760 2954 4813 et
2982 4755 3096 4811 hic.

2226 4849 2296 4903 Et
2321 4846 2404 4903 sic
2436 4847 2644 4920 incipit
2661 4846 2924 4903 invitatis
2956 4845 3085 4901 aliis
3108 4845 3180 4901 ad
3203 4844 3643 4917 petitionem,ut
3667 4855 3799 4895 con-

2156 4938 2345 4994 fidant
2372 4941 2429 4992 et
2458 4936 2716 4992 clament
2745 4938 2818 4992 ad
2842 4936 3159 4992 Dominum
3191 4935 3277 4992 sic
3308 4950 3321 4989 :
3357 4932 3525 5007 quasi
3554 4930 3794 4987 diceret:

2157 5025 2417 5082 Clamate
2438 5030 2493 5081 et
2524 5026 2801 5082 conﬁdite
2822 5026 2880 5081 in
2910 5024 3180 5094 Domino,
3213 5021 3475 5095 exemplo
3506 5019 3645 5087 mei,
3670 5015 3799 5091 quia

2157 5131 2263 5187 ego
2287 5113 2533 5170 clamavi
2557 5119 2613 5170 et
2635 5138 2663 5163 «
2688 5113 2952 5171 clamabo
2979 5114 3053 5169 ad
3082 5118 3161 5182 te,
3183 5112 3476 5169 Domine»
3498 5110 3684 5176 Pater,
3705 5103 3792 5179 qui

2157 5203 2319 5260 solus
2343 5208 2505 5275 potes
2527 5203 2963 5259 exaudire.ldeo
2982 5203 3147 5276 ponit
3172 5203 3456 5268 futurum,
3477 5202 3541 5255 ut
3570 5214 3671 5271 per
3698 5197 3793 5251 hoc

2157 5296 2317 5348 notet
2338 5310 2400 5348 se
2422 5292 2785 5348 incessanter
2812 5292 3067 5349 clamare
3098 5293 3170 5348 ad
3193 5292 3379 5347 Deum
3409 5292 3528 5345 toto
3549 5292 3792 5359 tempore

2157 5401 2276 5440 suae
2307 5382 2651 5438 obedientia:
2685 5399 2698 5437 :
2733 5386 2790 5438 et
2819 5386 2906 5449 tu,
2941 5405 2969 5431 ‹‹
3003 5382 3158 5437 Deus
3207 5396 3395 5447 meus,
3430 5393 3504 5433 ne
3547 5375 3737 5443 sileas,
3768 5392 3792 5419 »ι

2156 5471 2298 5545 quin
2323 5470 2564 5529 clamori
2586 5488 2715 5526 meo
2738 5462 3793 5545 respondeas,scilicetexaudias:quia

2157 5544 2205 5617 si
2240 5560 2469 5630 sileres,
2501 5564 2641 5614 tunc
2672 5576 2833 5615 esses
2864 5564 3126 5615 remotus
3151 5582 3175 5608 ‹‹
3205 5575 3239 5613 a
3269 5574 3382 5613 me.
3409 5578 3436 5605 »
3469 5544 3614 5611 Cum
3646 5550 3791 5613 dicit.

2156 5678 2183 5701 α
2206 5654 2530 5721 clamabo,»
2552 5657 2609 5707 et
2629 5651 2939 5723 subjungit
2962 5674 2987 5700 ‹‹
3016 5668 3088 5706 ne
3110 5649 3341 5713 sileas,»
3363 5650 3528 5703 notat
3555 5640 3790 5699 atl‘ectio-

2156 5758 2289 5797 nem
2305 5742 2463 5814 piam
2482 5742 2635 5797 inter
2654 5740 2839 5796 Deum
2861 5737 3485 5809 orhominem,quiaex
3500 5750 3614 5805 quo
3635 5731 3789 5789 homo
