3914 6382
120 447 243 510 285

1308 443 1810 509 EXPLANATIO
1852 442 1936 506 IN
1980 445 2363 511 PSALMOS.
2614 474 2631 485 ί
3427 453 3531 518 28.

122 580 375 639 clamare
403 576 630 652 incipit,
662 578 817 635 Deus
850 576 1394 635 exauditﬂebraica
1421 578 1632 635 veritas
1654 595 1772 635 non
1800 575 1861 646 Α,
1889 581 1990 636 sed
2023 598 2093 637 ne
2123 583 2455 642 consentias
2482 590 2614 643 voto
2646 586 2949 659 ipsorum:
2981 591 3041 644 et
3070 587 3181 645 hoc
3211 590 3320 657 est,
3345 589 3546 648 tradas

124 669 449 728 habethoc:
470 669 832 741 «nequando
853 673 1198 725 taceasame
1215 686 1227 723 :
1244 691 1271 720 ››
1289 670 1389 725 sed
1405 668 1779 740 septuaginta

123 759 467 831 interpretes
516 758 888 825 addiderunt,
922 776 1025 814 nec
1057 762 1254 814 tamen
1286 759 1413 815 sine
1443 775 1641 825 causa,
1676 758 1776 813 sed

124 865 226 922 per
239 849 350 904 hoc
366 848 510 904 dant
532 847 702 903 nobis
714 847 1037 920 intelligere
1056 864 1190 903 eum
1204 848 1489 903 clamasse
1503 849 1572 903 de
1585 848 1778 920 prima

125 941 180 994 et
206 937 467 993 secunda
495 936 933 992 clarificatione.
951 937 1146 993 Prima
1172 937 1510 992 clarificatio
1534 941 1622 992 est
1642 942 1778 993 ante

126 1026 778 1095 resurrectionem,cum
801 1026 910 1082 fuit
932 1027 1216 1082 immunis
1239 1028 1310 1083 ab
1333 1026 1493 1082 omni
1516 1031 1775 1098 peccato,

127 1122 183 1175 et
210 1134 312 1190 per
339 1132 475 1173 eum
508 1116 662 1172 Deus
692 1115 982 1171 miracula
1002 1116 1157 1186 fecit,
1184 1133 1310 1188 quae
1335 1133 1504 1171 nemo
1528 1116 1679 1171 alius
1701 1116 1782 1172 fa-

128 1222 251 1265 cere
263 1203 1181 1280 potuit.Secundaclarificatioin
1204 1205 1625 1261 resurrectione
1646 1204 1775 1273 fuit,

129 1296 263 1369 quia
286 1295 416 1368 ejus
444 1293 787 1351 humanitas
806 1292 1342 1365 impassibilitatem
1364 1297 1420 1349 et
1442 1292 1784 1349 immortali-

128 1388 305 1442 tatem
327 1383 610 1456 suscepit.
625 1382 773 1439 Cum
795 1382 956 1450 dicit,
978 1406 998 1431 α
1026 1399 1098 1438 ne
1120 1382 1317 1453 sileas,
1343 1404 1369 1433 »
1396 1381 1782 1455 intelligimus

128 1490 259 1530 eum
290 1472 550 1529 clamare
581 1473 652 1527 de
683 1471 944 1528 secunda
974 1470 1783 1544 clariﬁcationezetquiapos-

130 1566 216 1620 set
243 1564 315 1619 de
343 1561 450 1619 illa
478 1561 738 1618 secunda
786 1577 902 1616 non
945 1560 1140 1628 silere,
1170 1564 1230 1617 et
1258 1566 1458 1617 tamen
1490 1562 1561 1617 de
1592 1561 1784 1633 prima

130 1669 242 1709 non
279 1651 558 1709 exaudire
606 1667 763 1718 eum,
798 1649 963 1705 addit
996 1666 1009 1705 :
1043 1654 1101 1706 et
1128 1650 1305 1705 etiam
1341 1671 1369 1701 ‹‹
1401 1666 1471 1705 ne
1501 1653 1716 1719 taceas,
1756 1674 1778 1700 ι

131 1743 268 1815 quin
298 1739 580 1798 exaudias
611 1756 706 1795 me
733 1739 805 1795 de
835 1738 1028 1812 prima
1056 1738 1471 1795 clarificatione
1495 1755 1507 1793 :
1534 1740 1697 1811 quin,
1724 1739 1783 1795 id

132 1834 218 1887 est
245 1831 403 1904 quod
424 1829 516 1886 vel
533 1846 652 1885 una
665 1829 812 1886 hora
826 1828 1135 1901 permittas
1151 1845 1245 1884 me
1262 1845 1378 1883 non
1396 1829 1740 1884 exauditum
1768 1844 1781 1882 :

131 1923 186 1976 et
205 1919 253 1976 si
276 1918 457 1976 sileas
478 1922 740 1974 remotus
760 1934 919 1984 ame,
936 1920 1079 1973 tunc
1103 1938 1131 1967 ‹‹
1155 1917 1530 1972 assimilabor
1551 1918 1784 1973 descen-
1814 1949 1865 2015 B

132 2007 405 2065 dentibus
438 2006 499 2063 in
524 2006 742 2075 lacum,
758 2006 817 2061 id
840 2009 929 2062 est
949 1998 1010 2061 in
1031 2005 1330 2061 miseriam
1354 2006 1532 2079 hujus
1555 2007 1782 2075 mundi,

132 2114 256 2170 qua:
286 2097 421 2153 ideo
451 2096 616 2153 lacus
646 2095 881 2162 dicitur,
916 2095 1057 2168 quia
1085 2096 1240 2152 sicut
1268 2096 1431 2151 fovea
1460 2096 1631 2168 cujus
1654 2096 1785 2151 fun-

132 2187 241 2243 dus
270 2187 597 2260 ignoratur,
624 2184 790 2242 lacus
819 2184 1051 2255 dicitur,
1079 2185 1163 2241 sic
1186 2186 1445 2241 mundus
1466 2185 1631 2241 lacus
1650 2186 1788 2241 dici-

132 2279 248 2342 tur,
280 2278 457 2350 cujus
477 2275 851 2332 miseriarum
877 2275 1333 2346 profunditatem
1358 2293 1473 2331 non
1494 2276 1784 2331 videmus.

134 2365 192 2422 Si
221 2366 380 2422 enim
414 2364 511 2421 ille
540 2365 717 2421 homo
739 2365 1406 2437 Dominicusaprtesidio
1424 2364 1605 2420 divini
1627 2364 1787 2421 verbi

136 2454 245 2511 sibi
274 2455 427 2511 uniti
459 2455 846 2522 desereretur,
881 2453 1095 2511 similis
1116 2455 1321 2527 utique
1342 2454 1684 2510 hominibus
1704 2454 1790 2510 in-

136 2543 445 2601 veniretur.
482 2543 585 2599 Vel
610 2567 630 2593 «ι
658 2543 719 2599 in
741 2543 959 2611 lacum,
977 2566 1003 2595 ››
1029 2545 1087 2599 id
1111 2544 1282 2600 estin
1310 2544 1743 2616 corruptionem
1770 2560 1783 2599 :

139 2649 265 2690 caro
298 2633 459 2690 enim
481 2632 786 2689 Dominica
805 2632 865 2688 in
888 2633 1154 2705 sepulcro
1179 2638 1653 2705 corrumperetur
1674 2632 1788 2688 nisi

138 2739 261 2781 eam
292 2722 570 2779 divinitas
602 2722 934 2778 suscitaret.
960 2723 1112 2777 Bene
1143 2722 1303 2790 dicit,
1332 2744 1360 2772 ‹‹
1380 2722 1785 2779 descendenti-

139 2811 264 2881 bus,
298 2834 328 2864 »
363 2811 507 2884 quia
536 2812 830 2867 maximus
861 2812 1181 2866 descensus
1211 2814 1300 2866 est
1328 2829 1363 2865 a
1387 2812 1503 2867 Deo
1536 2810 1787 2880 deviare,

139 2905 192 2959 et
219 2918 281 2958 se
303 2901 378 2957 ad
411 2901 591 2971 hujus
622 2899 829 2954 mundi
860 2899 1130 2955 miserias
1162 2898 1479 2955 inclinare:
1506 2916 1788 2955 ascensus

138 3007 285 3059 vero,
300 2989 528 3047 relictis
541 2988 634 3044 his
647 2987 922 3059 miseriis,
937 2990 1011 3043 ad
1023 2989 1177 3044 bona
1189 2993 1469 3060 perpetua
1487 2987 1619 3044 festi
1630 3003 1786 3043 nare.

203 3080 343 3136 Dico
370 3100 399 3130 «
422 3093 497 3132 ne
529 3076 704 3132 sileas
725 3098 753 3127 ››
777 3075 1042 3144 Domine,
1067 3078 1167 3132 sed
1199 3077 1398 3148 potius
1419 3099 1448 3126 «
1470 3076 1678 3131 exaudi
1699 3092 1793 3131 vo-

140 3186 256 3227 cem
289 3166 721 3241 deprecationis
746 3182 886 3222 mea;
920 3188 948 3216 ››
982 3167 1053 3223 de
1085 3167 1449 3222 removendis
1480 3165 1652 3221 malis
1687 3181 1700 3221 :
1733 3169 1792 3221 et

141 3259 336 3315 subdit
364 3272 609 3313 causam
642 3272 821 3328 quare
851 3255 1061 3311 debeat
1106 3255 1368 3311 exaudiri
1417 3254 1517 3327 qui
1561 3258 1689 3310 orat
1718 3255 1789 3309 ad

143 3364 269 3405 eum
305 3365 320 3404 :
355 3346 499 3421 quia
528 3317 750 3402 extollit
780 3363 993 3402 manus
1028 3362 1168 3401 suas
1198 3346 1270 3401 ad
1302 3317 1498 3417 ipsum
1532 3361 1545 3401 :
1580 3349 1637 3400 et
1682 3345 1791 3400 hoc
1822 3317 1866 3387 CI

144 3443 264 3496 est:
291 3462 319 3491 ‹‹
343 3439 509 3506 dum,
535 3459 562 3488 »
586 3436 646 3492 id
675 3440 783 3505 est,
810 3435 949 3508 quia
985 3458 1006 3485 α
1041 3452 1141 3491 oro
1163 3436 1234 3491 ad
1255 3439 1331 3504 te,
1362 3438 1418 3490 et
1438 3433 1648 3491 extollo
1670 3452 1793 3490 ma-

146 3545 254 3584 nus
274 3544 460 3597 meas,
496 3548 525 3578 »
561 3530 620 3582 et
650 3525 771 3580 bene
802 3524 1012 3581 levatio
1044 3541 1331 3580 manuum
1363 3524 1579 3579 Christi
1602 3523 1714 3578 fuit
1734 3523 1795 3577 in

144 3632 305 3673 cruce
330 3633 345 3672 :
377 3640 399 3667 ι
426 3616 503 3672 ad
524 3614 811 3687 templum
834 3617 1104 3670 sanctum
1122 3617 1314 3679 tuum,
1344 3636 1371 3662 »
1396 3613 1454 3668 id
1476 3617 1583 3679 est,
1608 3611 1797 3667 Eccle-

147 3704 286 3762 siam
316 3704 812 3762 constituendam.
836 3704 917 3759 Ex
946 3703 1222 3775 passione
1253 3701 1410 3757 enim
1433 3700 1648 3757 Christi
1669 3718 1796 3773 pro—

146 3794 314 3851 cessit
359 3792 632 3850 Ecclesiae
681 3791 1044 3848 constitutio.
1075 3790 1180 3847 Vel
1213 3812 1240 3841 ‹‹
1265 3808 1501 3857 manus,
1533 3812 1560 3841 ››
1595 3789 1653 3845 id
1683 3793 1793 3855 est,

145 3883 505 3955 operationes
554 3898 717 3937 meas
751 3902 780 3932 «
806 3880 1017 3937 extollo
1062 3880 1135 3936 ad
1165 3879 1486 3935 Ecclesiam
1519 3900 1545 3929 »
1577 3878 1794 3934 consti-

144 3973 438 4029 tuendam.
453 3969 558 4027 Vel
585 3992 613 4021 «
635 3970 707 4026 ad
731 3968 1021 4042 templum
1046 3973 1319 4025 sanctum
1343 3972 1580 4034 tuum,»
1606 3967 1664 4022 id
1683 3971 1793 4038 est,

147 4061 214 4116 ad
241 4061 521 4134 teipsum,
552 4059 615 4115 in
644 4058 843 4115 locum
896 4075 1069 4130 quem
1121 4057 1240 4113 scio
1285 4061 1342 4112 te
1372 4055 1655 4111 habitare.
1689 4055 1794 4110 Hic

146 4147 318 4205 mittit
339 4166 448 4206 nos
469 4148 543 4204 ad
576 4146 1066 4204 consuetudinem
1096 4144 1416 4209 orantium,
1443 4142 1545 4215 qui
1566 4138 1796 4198 elevant

148 4251 350 4294 manus
370 4254 513 4295 suas
532 4235 593 4291 in
622 4234 856 4304 ccelum,
872 4235 971 4290 ubi
989 4235 1175 4290 Deum
1198 4231 1527 4305 specialiter
1548 4232 1796 4287 credunt

146 4322 615 4383 habitare:sicut
643 4329 702 4382 et
729 4324 917 4381 Judaei
956 4322 1266 4389 faciebant,
1301 4321 1403 4393 qui
1456 4319 1794 4391 ubicunque

149 4414 427 4472 terrarum
478 4412 836 4482 devenirent,
876 4429 1081 4469 versus
1129 4410 1415 4483 templum
1463 4409 1620 4481 quod
1670 4412 1795 4464 erat

150 4499 528 4575 Hierusalem,
575 4503 638 4558 in
692 4518 807 4574 quo
857 4501 1042 4557 Deum
1091 4498 1477 4573 spiritualiter
1526 4498 1793 4553 habitare

151 4592 471 4662 credebant,
506 4592 773 4648 orabant.

1889 687 1981 726 me
2000 672 2234 744 quidem
2254 692 2387 730 cum
2409 678 2946 748 peccatoribus,sed
2971 694 3040 733 ne
3064 678 3265 734 tradas
3288 678 3370 735 ita
3390 680 3544 752 quod

1888 762 1970 816 sis
2002 762 2234 832 similis,
2260 765 2316 819 id
2349 766 2533 832 cst,in
2557 768 2760 822 eadem
2784 767 3172 823 intentatione
3198 785 3336 825 cum
3358 769 3503 840 ipsis
3528 786 3541 825 :

1888 854 1954 906 ut
1985 852 2138 907 sicut
2169 853 2280 925 ipsi
2314 853 2468 911 malo
2499 859 2630 910 voto
2652 864 2757 911 me
2798 856 3062 926 tradunt,
3094 856 3177 911 ita
3205 860 3268 911 tu
3310 873 3547 930 quoque

1890 941 2044 997 H1110
2093 947 2226 998 voto
2275 959 2369 998 me
2418 946 2662 1000 tradas:
2700 950 2756 1000 et
2800 961 2871 1000 ne
2921 945 3230 1018 permittas
3284 946 3545 1002 animam

1889 1047 2082 1086 meam
2113 1033 2296 1088 teneri
2323 1033 2384 1089 in
2418 1033 2646 1089 inferno
2681 1051 2817 1089 cum
2850 1036 3231 1106 operantibus
3261 1034 3546 1109 iniquita-

1864 1124 2029 1187 vtem,
2064 1122 2121 1175 id
2153 1127 2262 1188 est,
2289 1122 2515 1179 habens
2546 1123 2703 1179 idem
2732 1126 2935 1179 votum
2967 1140 3102 1179 cum
3135 1124 3255 1181 illis
3277 1124 3377 1198 qui
3400 1124 3547 1181 mihi

1891 1209 2306 1266 machinantur
2334 1212 2598 1267 exitium.

1963 1299 2072 1366 Qui
2121 1299 2363 1368 scilicet,
2397 1305 2709 1373 operantes
2760 1301 3133 1374 iniquitatem
3167 1324 3195 1353 «
3226 1303 3551 1375 loquuntur

1892 1406 2118 1461 pacem,
2150 1410 2179 1440 »
2214 1389 2272 1445 id
2304 1393 2412 1460 est,
2447 1390 2693 1462 pacifica
2728 1391 2907 1447 verba
2938 1406 2952 1446 :
2986 1395 3044 1447 et
3071 1391 3168 1448 hic
3219 1392 3551 1465 specialiter

1893 1478 2158 1550 nequitia
2178 1478 2518 1535 Judzeorum
2541 1483 2815 1535 notatur:
2840 1496 3044 1552 pacem
3067 1480 3196 1537 dico
3216 1503 3244 1531 «
3269 1498 3405 1537 cum
3426 1498 3555 1553 pro-

1891 1568 2049 1623 ximo
2081 1584 2188 1623 suo
2222 1589 2250 1617 »
2282 1567 2506 1625 scilicet
2534 1585 2648 1624 me.
2684 1568 2953 1625 Christus
2995 1568 3152 1626 enim
3201 1570 3419 1626 dicitur
3446 1571 3550 1627 Ju-

1893 1657 2153 1712 dmorum
2177 1657 2481 1729 proximus
2503 1659 2833 1714 socundum
2861 1675 3118 1728 carnem,
3141 1660 3283 1732 quia
3306 1661 3377 1717 de
3397 1660 3556 1732 geni-

1894 1745 2053 1800 mine
2082 1764 2285 1801 eorum
2318 1747 2429 1803 fuit
2453 1763 2467 1802 :
2503 1751 2561 1804 et
2590 1749 2919 1804 secundum
2952 1750 3109 1821 quod
3132 1749 3218 1805 eis
3240 1750 3428 1806 facere
3450 1750 3557 1806 mi-

1895 1834 2274 1890 sericordiam
2319 1840 2577 1891 venerat.
2623 1837 2802 1892 Juxta
2845 1838 3002 1908 quod
3061 1838 3133 1893 de
3181 1838 3553 1895 Samaritano

1895 1921 2109 1995 legitur
2136 1923 2196 1978 in
2228 1924 2559 1997 Evangelio,
2577 1925 2676 1997 qui
2700 1925 3002 1996 proximus
3023 1926 3243 1981 dicitur
3262 1925 3346 1982 illi
3369 1927 3469 1999 qui
3491 1928 3553 1983 in

1894 2011 2152 2068 latrones
2176 2012 2402 2081 incidit,
2420 2036 2448 2063 ‹‹
2474 2013 2617 2085 quia
2637 2013 3103 2070 misericordiam
3125 2014 3177 2070 ei
3192 2014 3384 2070 fecit.»
3397 2017 3550 2085 (Luc.

1895 2104 1977 2169 κ.)
2000 2102 2069 2156 Et
2100 2102 2370 2173 quamvis
2400 2103 2643 2174 pacifica
2674 2101 3059 2174 loquerentur
3087 2120 3223 2158 cum
3250 2103 3551 2160 dicerent:

1897 2213 1925 2240 «
1959 2190 2256 2263 Magister,
2292 2190 2515 2247 scimus
2544 2191 2684 2263 quia
2706 2208 2881 2247 verax
2909 2208 2971 2247 es
3002 2191 3206 2262 (Matth.
3236 2195 3400 2261 xxix),
3437 2214 3464 2241 ››
3497 2197 3556 2248 et

1897 2279 2134 2348 similia,
2168 2284 2365 2336 tamen
2398 2304 2426 2331 ‹‹
2457 2280 2617 2336 mala
2659 2283 2827 2336 erant
2858 2280 2919 2336 in
2952 2281 3251 2350 cordibus,
3284 2303 3312 2332 »
3347 2282 3406 2337 id
3441 2285 3552 2349 est,

1896 2369 1959 2425 in
1986 2369 2391 2426 voluntatibus
2425 2392 2455 2421 (ί
2483 2387 2708 2426 eorum.
2742 2393 2769 2420 ››

1972 2459 2089 2532 lpsi
2118 2464 2437 2532 operantur
2466 2459 2859 2532 iniquitatem,
2885 2461 2986 2515 sed
3018 2464 3104 2528 tu,
3133 2460 3401 2526 Domine,
3429 2482 3455 2509 ‹‹
3480 2460 3558 2515 da
3596 2525 3604 2533 Ι

1894 2547 2013 2604 illis
2045 2549 2371 2604 secundum
2402 2566 2579 2621 opera
2608 2547 2893 2621 ipsorum,
2932 2570 2959 2597 »
2993 2548 3050 2603 id
3081 2553 3190 2617 est,
3226 2549 3553 2604 secundum

1898 2637 2117 2693 malam
2146 2638 2328 2692 vitam
2357 2654 2560 2693 eorum
2585 2653 2598 2691 :
2625 2661 2650 2687 ‹‹
2676 2641 2732 2693 et
2754 2637 3081 2693 secundum
3108 2636 3437 2709 nequitiam
3459 2637 3559 2693 ad-

1898 2726 2303 2782 invontionum
2336 2726 2620 2797 ipsorum,
2646 2748 2673 2777 »
2698 2725 2758 2781 id
2788 2730 2897 2789 est,
2920 2726 3250 2781 secundum
3282 2725 3559 2781 adiuven-

1896 2815 2086 2871 tiones
2116 2832 2274 2870 suas.
2308 2815 2762 2870 Adinventiones
2789 2814 2918 2870 ideo
2949 2813 3115 2881 dicit,
3151 2814 3290 2885 quia
3327 2814 3463 2869 licet
3483 2815 3556 2869 de

1899 2920 1965 2959 eo
1997 2903 2220 2974 aliquid
2270 2902 2409 2957 mali
2459 2903 2804 2969 nesciretur,
2836 2905 3035 2957 tamen
3081 2902 3371 2957 vocabant
3416 2918 3553 2956 eum

1899 2994 2284 3063 peccatorem,
2309 2990 2582 3045 dicebant
2601 3006 2737 3045 eum
2759 2989 2975 3046 habere
2995 2989 3352 3046 daemonium
3375 2989 3553 3062 (Joan.

1898 3096 2020 3147 VIII,
2053 3079 2152 3151 ιχ).

1970 3168 2042 3223 Et
2072 3185 2188 3223 non
2218 3171 2448 3223 tantum
2483 3167 2811 3223 secundum
2842 3170 3074 3238 turpem
3106 3166 3288 3223 vitam
3338 3165 3553 3238 tribue,

1902 3257 2006 3312 sed
2037 3256 2213 3311 etiam
2238 3279 2266 3305 «
2290 3257 2617 3312 secundum
2647 3273 2823 3328 opera
2840 3273 3127 3311 manuum
3148 3255 3472 3329 ipsorum,»
3497 3255 3556 3311 id

1904 3350 2013 3413 est,
2056 3346 2383 3401 secundum
2428 3344 2897 3400 excellentiorem
2946 3344 3109 3400 illam
3159 3343 3555 3416 iniquitatem,

1905 3451 2083 3507 quam
2115 3434 2377 3490 fecerunt
2406 3434 2467 3488 in
2499 3438 2684 3490 morte
2708 3432 2963 3509 Domini,
2987 3433 3135 3489 Cum
3167 3433 3412 3506 apponit
3434 3440 3557 3490 ma-

1905 3540 2090 3579 nuum
2123 3528 2255 3596 post
2285 3541 2480 3595 opera,
2512 3522 2771 3578 ostendit
2808 3540 2908 3579 eos
2958 3539 3243 3595 magnum
3293 3522 3558 3579 studium

1905 3616 1964 3669 et
1990 3613 2359 3668 atl'ectionem
2391 3613 2464 3667 ad
2495 3612 2638 3668 illud
2673 3630 2822 3684 opus
2852 3611 3153 3668 habuisse.
3187 3612 3352 3678 Quod
3392 3612 3556 3682 dicit,

1904 3718 2053 3774 opus
2111 3718 2417 3769 manuum,
2468 3704 2725 3757 tractum
2773 3704 2863 3757 est
2904 3701 2976 3757 ab
3026 3701 3269 3766 artifice,
3312 3700 3414 3772 qui
3459 3700 3564 3757 illa

1903 3790 2031 3847 vult
2059 3790 2173 3846 dici
2200 3807 2377 3863 opera
2406 3807 2694 3846 manuum
2724 3806 2991 3859 suarum,
3026 3806 3154 3861 quae
3186 3790 3449 3845 studiose
3478 3790 3560 3846 fe-

1905 3880 2022 3935 cit:
2049 3902 2077 3929 ‹‹
2110 3879 2301 3935 tribue
2330 3878 2467 3944 illis,
2497 3901 2525 3928 »
2547 3884 2606 3934 et
2636 3880 2776 3950 quia
2814 3895 2918 3949 per
2961 3877 3085 3933 haec
3133 3877 3412 3949 praedicta
3441 3893 3560 3932 non

1905 3967 2318 4024 determinavit
2347 3966 2692 4037 qualitatem
2726 3964 3152 4033 retributionis,
3185 3964 3305 4019 sive
3335 3965 3559 4020 bonum

1903 4073 2007 4128 pro
2039 4054 2215 4122 malo,
2250 4054 2369 4109 sive
2402 4054 2623 4109 malum
2655 4070 2759 4125 pro
2790 4053 2942 4108 bono
2974 4052 3338 4120 redderetur,
3369 4053 3558 4108 deter-

1904 4146 2092 4199 minat
2116 4143 2273 4214 quod
2304 4142 2530 4198 malum
2578 4145 2849 4214 precetur
2886 4140 3130 4196 retribui
3161 4140 3266 4209 eis,
3302 4157 3437 4197 cum
3467 4141 3557 4195 di-

1902 4232 2002 4300 cit,
2037 4254 2065 4280 ‹‹
2100 4230 2546 4287 retributionem
2578 4247 2803 4298 eorum,
2840 4251 2868 4279 ››
2904 4230 2963 4285 id
2995 4233 3102 4299 est,
3136 4228 3292 4286 sicut
3325 4228 3439 4304 ipsi
3467 4245 3559 4284 re-

1902 4320 2242 4377 tribuebant
2271 4318 2415 4374 mihi
2448 4319 2605 4376 mala
2636 4342 2664 4370 «
2698 4320 2875 4375 redde
2906 4318 3053 4391 ipsis
3077 4341 3105 4368 ››
3132 4318 3423 4375 similiter.
3448 4317 3558 4373 Re—

1899 4411 2283 4467 tributionem
2306 4410 2455 4466 bene
2478 4410 2650 4465 dicit:
2675 4426 2810 4466 cum
2831 4409 2989 4466 enim
3012 4409 3281 4465 Christus
3302 4409 3387 4465 eis
3406 4409 3561 4463 bona

1902 4501 2153 4569 fecisset,
2187 4499 2300 4572 ipsi
2333 4499 2383 4554 ei
2418 4498 2642 4555 malum
2669 4498 3093 4554 retribuebant.

1976 4591 2109 4647 Ideo
2138 4590 2268 4645 dico
2300 4590 2496 4657 redde,
2532 4612 2559 4639 «
2594 4588 2877 4660 quoniam
2928 4587 3041 4658 ipsi
3075 4609 3104 4636 ››
3135 4602 3253 4641 non
3293 4584 3353 4640 in
3384 4601 3562 4657 opera

214 4680 486 4738 Exaudivi
515 4697 718 4736 vocem
750 4678 1176 4751 deprecationis
1197 4677 1397 4748 hujus,
1423 4676 1648 4733 scilicet
1668 4699 1695 4726 «
1723 4692 1795 4731 ne
1821 4686 1872 4754 D
1902 4680 2135 4736 Domini
2166 4678 2414 4746 occulta,
2444 4670 2688 4745 scilicet,
2724 4676 2796 4732 ad
2830 4674 3262 4748 reparationem
3310 4674 3559 4731 humani

152 4768 338 4826 tradas
359 4787 452 4826 me
472 4787 608 4826 cum
630 4767 1055 4843 peccatoribus,
1082 4788 1109 4816 »
1132 4766 1193 4821 id
1219 4770 1327 4835 est,
1344 4782 1480 4821 cum
1500 4765 1794 4821 Abraham

153 4858 205 4910 et
232 4857 358 4914 aliis
379 4860 561 4931 justis
591 4858 1047 4932 praecessoribus
1068 4856 1285 4912 Christi
1310 4873 1323 4923 ;
1349 4871 1497 4927 quos
1518 4855 1646 4910 ideo
1670 4872 1797 4928 pec-

154 4948 365 5003 catores
375 4947 709 5020 vocat,quia
721 4962 1025 5019 nunquam
1044 4943 1328 5020 originale
1354 4943 1464 5000 fuit
1485 4950 1794 5016 peccatum

156 5030 212 5087 in
230 5033 311 5091 eis
338 5034 592 5093 deletum
626 5034 1011 5110 prorsus,nisi
1035 5051 1138 5108 per
1157 5033 1505 5107 sanguinem
1537 5033 1753 5105 Christi
1777 5051 1791 5089 :

157 5119 234 5176 ita
254 5122 478 5193 dico,ne
498 5126 697 5181 tradas
720 5124 877 5198 quod
903 5148 929 5173 ‹‹
956 5123 1132 5180 simul
1155 5146 1183 5174 »
1209 5123 1321 5178 sim
1344 5140 1479 5178 cum
1505 5123 1589 5179 eis
1610 5128 1794 5178 reten-

160 5211 250 5265 tus
278 5211 335 5267 in
364 5214 621 5270 tenebris
652 5215 802 5271 sicut
836 5213 942 5268 illi.
976 5213 1123 5269 Cum
1151 5212 1270 5268 illis
1318 5211 1475 5267 enim
1525 5211 1795 5268 Christus

160 5295 280 5367 fuit,
312 5303 541 5373 quando
561 5320 662 5360 eos
683 5303 756 5359 ab
787 5301 991 5358 inferis
1018 5300 1503 5357 liberavit.Simu1
1523 5319 1641 5357 non
1662 5301 1795 5367 fuit,

162 5385 289 5456 quia
314 5392 585 5449 tenebras
617 5409 767 5465 quas
795 5391 879 5447 illi
908 5392 1284 5463 patiebantur
1312 5407 1429 5446 non
1467 5390 1749 5446 sustinuit
1778 5407 1792 5446 :

162 5494 188 5523 ‹‹
218 5479 272 5532 et
300 5495 370 5534 ne
396 5481 628 5552 perdas,
654 5505 684 5531 »
706 5482 764 5537 id
788 5485 901 5548 est,
924 5498 996 5537 ne
1019 5480 1375 5536 condemnes
1403 5495 1496 5536 me
1518 5496 1654 5535 cum
1677 5496 1798 5535 ma-

163 5559 229 5618 lis
251 5581 263 5619 :
286 5571 341 5622 et
366 5567 473 5625 hoc
505 5576 593 5626 est
612 5572 768 5644 quod
791 5571 953 5638 dicit,
978 5593 1007 5620 «
1030 5586 1164 5625 cum
1190 5568 1569 5641 operantibus
1593 5592 1620 5619 »
1645 5568 1798 5624 scili-

165 5657 246 5708 cet
270 5655 483 5715 Judaais
513 5682 542 5709 ‹‹
575 5659 967 5732 iniquitatem.
995 5682 1023 5708 ››
1052 5659 1156 5715 Vel
1176 5659 1344 5714 aliter
1367 5674 1380 5713 :
1404 5659 1682 5715 Exaudivi
1704 5661 1798 5715 de-

166 5746 561 5813 precationem,
593 5765 700 5804 nec
732 5749 1009 5820 deprecor
1039 5748 1181 5819 quin
1215 5749 1413 5804 tradas
1453 5764 1545 5804 me
1599 5749 1791 5804 morti.

1903 4769 2132 4842 generis
2163 4785 2297 4824 eum
2329 4783 2457 4823 esse
2489 4765 2702 4821 Filium
2735 4763 2838 4820 Dei
2864 4781 2877 4819 :
2903 4769 2961 4820 et
2981 4762 3126 4820 talia
3155 4762 3332 4819 etiam
3354 4780 3428 4819 ne
3451 4763 3565 4819 vel-

1903 4859 2027 4914 lent
2058 4874 2119 4914 se
2143 4855 2592 4927 exeusare,quia
2611 4853 2840 4909 occulta
2862 4851 2964 4908 illa
2984 4868 3102 4907 non
3125 4855 3368 4924 possent
3390 4867 3565 4924 agno-

1907 4942 2086 5013 scere,
2122 4945 2380 5002 ostendit
2410 4961 2509 5000 eos
2539 4940 2992 5011 inexcusabiles,
3017 4940 3221 4996 dicens
3250 4955 3351 4996 eos
3381 4939 3565 4996 mani-

1874 5066 1877 5069 π
1905 5037 2055 5094 festa
2082 5052 2260 5109 opera
2287 5032 2506 5089 Christi
2541 5030 2968 5098 considerasse,
3003 5030 3063 5085 in
3095 5029 3313 5102 quibus
3343 5028 3446 5084 illa
3474 5045 3565 5085 oc-

1905 5125 2064 5183 culta
2093 5124 2429 5198 potuissent
2459 5136 2810 5195 cognoscere
2836 5136 2849 5174 :
2884 5123 2942 5175 et
2961 5118 3072 5175 hoc
3094 5121 3268 5184 est,et
3290 5140 3318 5169 ‹‹
3341 5134 3457 5173 non
3481 5118 3566 5172 in-

1902 5215 2250 5272 tellexerunt
2279 5213 2340 5267 in
2361 5228 2537 5284 opera
2558 5226 2844 5265 manuum
2867 5209 3017 5280 ejus,
3046 5230 3073 5258 ››
3092 5207 3152 5263 id
3173 5207 3564 5278 est,potentia3

1906 5305 2054 5376 ejus.
2088 5306 2232 5360 Cum
2266 5301 2410 5357 dicit
2432 5324 2459 5351 ‹‹
2483 5300 2541 5354 in
2564 5315 2760 5371 opera,
2788 5320 2816 5348 »
2841 5301 3006 5353 notat
3027 5297 3183 5370 quod
3206 5295 3266 5352 in
3290 5295 3566 5352 manifes-

1904 5394 1983 5450 tis
2013 5392 2287 5464 operibus
2317 5406 2434 5444 non
2456 5386 2873 5443 intellexerunt
2904 5384 3006 5441 illa
3026 5384 3278 5441 occulta.
3312 5383 3374 5440 Si
3405 5384 3563 5440 enim

1905 5482 2343 5539 considerarent
2373 5478 2528 5551 quod
2563 5476 2848 5531 immunis
2878 5478 3002 5531 erat
3024 5475 3096 5529 ab
3119 5472 3279 5530 omni
3302 5478 3560 5546 peccato,

1904 5569 2191 5627 miracula
2219 5585 2346 5640 quae
2375 5567 2499 5638 ipse
2531 5565 2800 5632 faciebat,
2836 5581 2972 5621 eum
2996 5581 3112 5620 non
3143 5563 3336 5620 solum
3364 5563 3564 5620 homi-

1905 5659 2168 5726 nem,sed
2184 5657 2282 5713 Dei
2298 5655 2870 5725 Filium,mundique
2892 5653 3335 5724 Redemptorem
3359 5670 3568 5726 cogno-

1904 5751 2151 5809 scerent.
2196 5746 2504 5803 Hebraeum
2553 5743 2732 5800 habet
2774 5760 2889 5797 non
2940 5742 3456 5799 consideraverunt
3502 5742 3562 5799 in
