3914 6390
99 463 232 528 289’

1268 467 1780 530 EXPLANATIO
1818 466 1900 528 IN
1943 469 2334 532 PSALMOS.

3400 469 3541 538 πθ·

100 597 250 654 aries
272 596 541 669 prehensi
569 596 851 653 duca'tum
888 600 1046 671 gregi
1078 601 1244 665 forte,
1269 605 1325 655 et
1350 602 1608 656 defendit
1632 619 1751 657 cor—
1777 601 1836 668 Α
1864 604 1952 655 est
1982 622 2010 650 ‹‹
2040 600 2099 655 in
2131 602 2586 674 magnificentia,
2615 627 2642 654 »
2670 605 2726 660 id
2760 609 2870 673 est,
2896 605 3116 661 faciens
3149 609 3516 679 magnificos,

99 687 290 754 nibus,
315 685 401 743 sic
441 686 690 758 apostoli
733 692 792 742 et
830 689 1090 760 praebent
1131 691 1412 746 ducatum
1456 691 1745 759 Ecclesice,

98 780 155 832 et
173 791 303 832 eam
334 775 634 844 cornibus,
659 775 717 831 id
753 777 1066 845 est,Veteri
1097 783 1152 833 et
1183 780 1338 835 Novo
1380 781 1751 836 Testamento

95 865 434 922 defendunt.

161 975 188 1005 α
218 953 438 1010 Aﬂ'erte
471 976 499 1003 »
532 955 706 1010 etiam
742 955 847 1011 filii
880 980 907 1006 ‹‹
934 957 1203 1026 Domino,
1233 981 1259 1007 η
1287 959 1344 1013 id
1377 962 1484 1024 est,
1511 958 1753 1030 Spiritui

91 1048 286 1102 sancto
309 1065 337 1093 «
361 1042 636 1116 gloriam,
662 1068 689 1094 ››
712 1045 772 1101 id
807 1051 915 1113 est,
953 1047 1162 1102 discite
1195 1052 1254 1104 et
1283 1047 1590 1120 intelligite
1619 1063 1750 1104 eum

90 1132 426 1207 gloriosum,
473 1132 698 1190 scilicet
756 1134 1240 1208 omnipotentem,
1289 1137 1576 1210 aequalem
1635 1137 1752 1192 Deo

92 1223 259 1294 Patri,
294 1249 326 1277 α
372 1229 432 1280 et
489 1222 666 1279 etiam
723 1223 1029 1294 honorem,
1063 1248 1090 1275 ››
1123 1225 1181 1281 id
1239 1230 1348 1294 est,
1388 1225 1575 1297 vosipi
1632 1241 1752 1280 ser-

91 1315 197 1371 vite
223 1316 295 1385 ei,
313 1320 372 1372 et
401 1314 548 1371 aliOs
577 1313 818 1369 invitate
851 1317 918 1369 ut
949 1314 1229 1382 serviant,
1256 1338 1283 1364 ‹‹
1315 1319 1373 1370 et
1405 1316 1606 1370 aﬂ'erte
1637 1315 1755 1386 glo-

91 1405 234 1461 ria‘m
263 1405 490 1462 nomini
524 1405 676 1475 ejus,
705 1423 731 1451 η
755 1403 813 1458 id
846 1408 957 1473 est,
990 1422 1094 1476 per
1126 1405 1343 1460 multas
1373 1409 1577 1478 gentes
1607 1404 1754 1461 dila-

94 1498 207 1550 ta’te
238 1511 455 1550 nomen
500 1494 630 1565 ejus
679 1496 736 1548 et
784 1492 1296 1549 honorificentiam
1346 1494 1554 1566 ipsius.
1589 1496 1755 1550 Tunc

91 1583 242 1639 enim
274 1600 392 1640 non
427 1587 583 1639 esset
611 1599 826 1637 nomen
848 1583 978 1654 ejus
1002 1583 1348 1654 gloriosum,
1370 1582 1420 1639 si
1440 1583 1593 1638 inter
1609 1601 1754 1655 pau-

90 1688 184 1728 cas
219 1675 424 1745 gentes
467 1675 883 1739 coarctaretur,
918 1676 975 1726 et
1014 1672 1098 1727 sic
1156 1673 1464 1728 afferentes
1505 1673 1752 1745 gloriam

91 1761 305 1817 nomini
329 1760 755 1832 ejus,aﬂ‘eretis
786 1760 1036 1832 gloriam
1061 1760 1172 1833 ipsi
1199 1762 1471 1829 Domino,
1499 1765 1555 1817 et
1577 1762 1752 1817 etiam

87 1872 114 1899 α
137 1851 452 1917 adorate,»
478 1850 534 1905 id
569 1855 676 1917 est,
699 1849 1064 1905 veneramini
1090 1873 1118 1900 ‹‹
1152 1850 1530 1917 Dominum,»
1552 1850 1610 1905 id
1642 1854 1750 1917 est,

85 1938 362 2011 Spiritum
397 1961 426 1989 «
461 1938 522 1994 in
555 1939 703 1995 atrio
750 1944 954 1994 sancto
991 1940 1142 2009 ejus,
1180 1962 1207 1988 ››

89 2032 271 2085 vestro
307 2046 318 2085 :
357 2029 514 2100 quod
545 2031 784 2100 propter
815 2026 1192 2084 latitudinem
1238 2028 1455 2084 atrium
1494 2027 1750 2100 appella-

83 2120 194 2183 tur,
229 2121 287 2173 et
332 2116 475 2190 quia
523 2115 704 2172 nullis
755 2117 968 2171 arctari
1015 2118 1188 2173 debet
1245 2117 1748 2172 tribulationibus.

83 2204 204 2260 Alia
255 2205 570 2262 translatio
632 2204 854 2261 habet:
893 2205 953 2259 in
1015 2205 1154 2260 aula
1213 2210 1420 2261 sancta
1472 2207 1635 2277 ejus;
1694 2209 1753 2260 et

84 2297 220 2350 tunc
249 2293 526 2351 similiter
554 2312 659 2366 per
689 2293 888 2350 aulam
909 2312 1009 2350 cor
1039 2294 1208 2350 ﬁdele
1241 2295 1586 2366 accipimus,
1611 2294 1754 2366 quia

88 2382 234 2440 sicut
264 2384 401 2440 aula
443 2384 603 2458 regia
651 2385 862 2440 domus
894 2389 1002 2452 est,
1039 2385 1124 2440 sic
1170 2388 1228 2440 et
1276 2383 1540 2440 fidelium
1575 2384 1752 2439 corda

88 2471 301 2529 Christi
343 2471 482 2530 aula
532 2478 698 2546 sunt,
733 2473 792 2529 in
827 2474 1044 2546 quibus
1083 2473 1308 2530 habitat
1339 2473 1493 2530 sicut
1542 2490 1640 2528 rex
1691 2474 1748 2528 in

92 2561 218 2618 aula
247 2579 380 2620 sua.

154 2650 254 2706 Hic
283 2655 510 2724 septem
542 2652 697 2707 dona
733 2651 921 2708 sancti
969 2653 1227 2724 Spiritus
1274 2652 1482 2723 incipit
1530 2651 1747 2706 descri-

89 2739 235 2809 bere,
260 2745 318 2797 et
349 2740 568 2814 septies
599 2742 869 2813 ponendo
897 2758 1007 2797 vox
1038 2741 1294 2809 Domini,
1323 2746 1545 2812 septem
1578 2741 1749 2795 nobis

91 2829 237 2884 dona
265 2830 522 2903 Spiritus
582 2831 770 2885 sancti
833 2831 1000 2901 ponit
1033 2848 1045 2886 :
1079 2834 1136 2885 et
1181 2831 1383 2885 eodem
1417 2828 1618 2884 ordine
1651 2828 1752 2883 illa

89 2918 236 2974 dena
263 2918 497 2975 diversa
540 2924 868 2985 enumerat,
905 2934 1023 2989 quo
1058 2917 1234 2972 etiam
1265 2917 1446 2972 Isaias
1474 2917 1614 2989 (cap.
1645 2917 1745 2987 x1).

91 3006 248 3063 Prius
294 3007 464 3080 ponit
512 3008 734 3062 donum
785 3005 1108 3078 sapientiai,
1138 3005 1350 3060 deinde
1394 3004 1745 3072 intellectus,

89 3097 458 3166 postmodum
481 3093 735 3163 consilii,
760 3094 896 3149 inde
919 3094 1300 3162 fortitudinis,
1325 3098 1530 3165 postea
1559 3093 1746 3149 scien-

91 3183 194 3252 tize,
226 3185 370 3241 inde
428 3182 686 3255 pietatis,
727 3184 798 3238 ad
859 3183 1162 3251 ultimum,
1205 3182 1435 3238 timoris
1489 3181 1744 3238 Domini.

93 3271 457 3330 Continuatio
486 3289 499 3329 :
528 3273 682 3328 Bene
711 3271 924 3328 debitis
956 3271 1114 3327 hunc
1145 3271 1462 3328 Dominum
1495 3275 1744 3325 honora-

91 3377 164 3433 rc,
183 3363 325 3435 quia
353 3386 381 3413 «
405 3379 535 3430 vox,
564 3382 591 3411 »
619 3362 676 3418 id
716 3366 824 3433 est,
848 3361 1158 3434 inspiratio
1197 3359 1369 3416 istius
1397 3383 1424 3410 ‹‹
1457 3359 1688 3415 Domini
1716 3381 1744 3408 »
1776 3339 1819 3406 Ο

92 3451 306 3509 scilicet
337 3451 595 3524 Spiritus
630 3451 818 3508 sancti
860 3454 950 3507 est
981 3474 1008 3500 ‹‹
1039 3467 1219 3524 super
1258 3467 1463 3521 aquas,
1492 3472 1519 3499 »
1550 3448 1607 3503 id
1636 3453 1744 3515 est,

94 3555 260 3612 super
295 3539 550 3614 populos
583 3557 595 3596 :
623 3541 795 3612 juxta
840 3540 1128 3596 Joannem
1162 3556 1328 3611 aquas
1360 3538 1560 3594 multae
1610 3542 1750 3593 sunt

94 3629 284 3700 populi
307 3629 506 3687 multi.
526 3653 553 3680 ‹‹
579 3631 826 3703 Super,»
845 3629 1076 3703 proprie
1096 3629 1258 3699 dicit,
1283 3629 1423 3700 quia
1469 3627 1746 3701 aspiratio

93 3717 279 3776 divina
299 3719 644 3777 dominatur
667 3719 917 3787 homini,
940 3723 996 3776 et
1018 3718 1343 3774 secundum
1369 3733 1430 3773 se
1457 3717 1595 3773 facit
1619 3733 1749 3790 ope-

93 3807 198 3862 rari
229 3808 558 3866 hominem.
589 3809 696 3864 Per
725 3825 926 3865 vocem
960 3808 1380 3880 aspirationem
1407 3807 1536 3863 ideo
1568 3806 1745 3862 intel-

96 3892 348 3968 ligimus,
372 3898 516 3971 quia
545 3898 701 3954 sicut
729 3915 836 3953 vox
867 3899 1035 3953 docet
1061 3897 1387 3968 hominem,
1412 3900 1468 3952 et
1493 3896 1750 3953 ostendit

65 3983 445 4043 ‘voluntatem
478 3986 752 4059 alicujus,
787 3987 872 4042 sic
917 3986 1225 4058 inspiratio
1259 3986 1455 4041 divina
1479 3985 1747 4041 volunta-

96 4074 204 4128 tem
233 4074 355 4131 Dei.
390 4076 500 4132 Hic
526 4075 882 4131 determinat
913 4075 1084 4147 cujus
1115 4075 1347 4130 Domini
1381 4073 1459 4130 sit
1486 4091 1593 4129 vox
1624 4074 1745 4146 illa,

93 4164 148 4215 et
171 4164 508 4236 cujusmodi
531 4181 641 4220 vox
663 4163 766 4219 illa
788 4164 884 4232 sit,
911 4180 1047 4219 cum
1069 4163 1209 4219 dicit
1227 4180 1275 4219 :«
1302 4163 1456 4218 Deus
1479 4164 1751 4234 majesta-

95 4248 164 4307 tis
195 4274 222 4302 »
243 4263 532 4328 magnum
561 4271 697 4310 eum
725 4258 782 4309 et
807 4258 1106 4325 potentem
1129 4252 1384 4308 ostendit
1404 4269 1539 4308 cum
1562 4251 1702 4307 dicit
1729 4269 1743 4306 :

97 4338 447 4412 «intonuit,»
471 4360 682 4400 vocem
699 4360 828 4399 esse
849 4342 1174 4398 terribilem
1199 4341 1478 4398 ostendit.
1499 4339 1750 4397 Terribi-

96 4425 163 4483 lis
191 4435 280 4488 est
306 4433 470 4489 enim
502 4432 605 4488 illa
632 4449 763 4499 vox,
799 4449 926 4504 quae
958 4448 1191 4504 poenam
1228 4430 1490 4486 minatur
1511 4429 1743 4502 judicii.

96 4515 226 4574 Vult
255 4525 452 4578 autem
483 4521 639 4578 Deus
671 4538 812 4577 suos
841 4521 901 4575 in
932 4524 1151 4576 terrore
1181 4520 1424 4588 nutrire,
1450 4523 1518 4575 ut
1544 4519 1633 4576 vel
1663 4519 1748 4575 sic

99 4609 345 4667 serviant
357 4609 662 4668 voluntate
686 4627 698 4666 :
721 4614 778 4667 et
794 4609 892 4666 ille
909 4610 1196 4666 Dominus
1213 4626 1327 4665 non
1349 4613 1583 4666 tantum
1604 4610 1748 4664 into-

1244 1940 1302 1995 id
1335 1944 1453 2038 'est,
1488 1939 1547 1994 in
1580 1939 1752 2039 corde
1781 1973 1832 2039 B

1862 689 1963 761 qui
1997 691 2096 746 dat
2128 692 2298 746 nobis
2347 693 2632 748 rationem
2666 710 2791 765 qua
2832 694 3100 750 facienda
3141 695 3259 750 sint
3289 702 3346 751 et
3378 715 3517 755 non.

1862 779 1969 846 Qui
2002 785 2200 835 autem
2232 780 2369 836 facit
2395 782 2548 838 bona
2578 787 2634 838 et
2665 782 2911 838 dimittit
2954 784 3130 853 mala,
3167 787 3522 859 magnificus

1862 872 1950 922 est
1985 884 1998 922 :
2033 873 2088 924 et
2117 869 2212 925 hic
2243 874 2482 925 notatur
2512 871 2769 942 Spiritus
2800 872 3052 927 consilii.

1938 979 1966 1008 ‹‹
1994 957 2117 1012 Vox
2148 981 2175 1006 »
2208 960 2384 1014 etiam
2424 959 2583 1015 illius
2619 981 2645 1010 ‹‹
2677 961 2934 1029 Domini,
2964 983 2985 1011 ιι
3022 961 3081 1016 id
3113 966 3223 1030 est,
3264 963 3522 1034 Spiritus

1863 1047 2049 1102 sancti
2071 1063 2122 1102 :u
2142 1047 2418 1102 Domini»
2441 1049 2612 1104 dico«
2637 1049 3114 1122 confringentis,»
3135 1049 3193 1106 id
3211 1051 3523 1120 cst,humi-

1847 1134 2064 1199 ,liantis
2089 1158 2117 1186 ‹‹
2149 1139 2408 1204 cedros,»
2436 1138 2492 1193 id
2525 1143 2633 1207 est,
2661 1139 2966 1211 superbos.
2995 1139 3101 1194 Per
3129 1141 3368 1196 cedrum
3390 1141 3520 1198 ideo

1865 1227 2188 1297 superbum
2223 1227 2566 1299 accipimus,
2602 1228 2740 1300 quia
2781 1230 2992 1284 cedrus
3032 1234 3121 1286 est
3161 1230 3332 1286 arbor
3369 1230 3524 1286 elata

1865 1330 2043 1386 super
2071 1315 2216 1371 alias
2247 1317 2484 1371 arbores
2509 1333 2521 1371 :
2548 1321 2606 1372 et
2627 1317 2752 1388 ipse
2777 1338 2804 1366 «
2826 1317 3113 1374 Dominus
3134 1319 3517 1391 confringet,.

1863 1403 1923 1458 id
1955 1409 2064 1472 est,
2086 1403 2426 1460 humiliabit
2451 1427 2479 1455 «
2502 1407 2705 1460 cedros
2746 1405 3008 1475 Libani,»
3035 1407 3092 1462 id
3125 1412 3234 1475 est,
3269 1408 3526 1479 majores

1865 1491 2048 1548 elatos
2074 1492 2131 1547 in
2157 1494 2432 1565 superbia
2456 1493 2684 1565 mundi,
2711 1494 2865 1549 sicut
2887 1499 3027 1550 sunt
3048 1512 3213 1568 reges
3235 1500 3292 1551 et
3316 1495 3530 1566 princi-

1866 1598 1990 1653 pes.
2026 1581 2283 1638 Libanus
2316 1600 2571 1655 namque
2615 1583 2948 1640 candidatio
2997 1584 3436 1658 interpretatur,
3469 1588 3526 1642 et

1865 1670 1995 1726 ideo
2026 1687 2130 1742 per
2163 1671 2452 1726 Libanum
2476 1673 2688 1744 accipit
2711 1673 2862 1740 illos,
2889 1673 2988 1744 qui
3021 1673 3079 1728 in
3113 1674 3364 1730 candore
3385 1674 3528 1730 divi-

1864 1759 2081 1814 tiarum
2115 1759 2248 1832 plus
2275 1762 2600 1816 confidunt.
2629 1763 2760 1816 Ideo
2793 1779 2895 1834 per
2914 1765 3118 1818 cedros
3144 1763 3350 1818 Libani
3379 1763 3526 1819 acci~

1865 1848 2062 1920 pimus
2095 1849 2451 1920 potentiores
2497 1850 2700 1918 elatos,
2736 1851 2874 1922 quia
2906 1851 3209 1915 illaecedri
3239 1869 3367 1923 qua)
3397 1868 3522 1907 cre-

1865 1941 2037 1992 scunt
2066 1937 2129 1992 in
2165 1938 2384 1993 Libano
2407 1943 2624 2006 monte,
2650 1943 2788 1994 sunt
2809 1940 3086 1994 omnibus
3106 1939 3239 1995 aliis
3261 1939 3520 1999 altiores.

1863 2025 1963 2080 Vel
1996 2049 2024 2075 «
2057 2026 2483 2099 confringentis
2523 2029 2728 2083 cedros
2762 2052 2784 2080 ι
2823 2027 3133 2100 gentilium
3184 2029 3469 2102 superbos
3501 2037 3549 2085 :"

1861 2113 1948 2169 vel
1975 2136 2002 2164 ‹‹
2036 2116 2259 2182 cedros,
2282 2139 2309 2166 »
2335 2116 2394 2170 id
2428 2120 2536 2187 est,
2563 2117 2816 2185 Judaaos,
2844 2134 2993 2189 quos
3024 2117 3153 2172 ideo
3183 2133 3286 2189 per
3316 2119 3521 2174 cedros

1864 2204 2069 2258 Libani
2121 2205 2464 2276 accipimus,
2500 2205 2640 2277 quia
2668 2205 2726 2260 in
2777 2210 2930 2261 terra
2960 2222 3163 2261 eorum
3210 2210 3300 2261 est
3347 2207 3520 2262 Liba-

1862 2310 1974 2348 nus
2008 2310 2020 2347 :
2053 2316 2079 2343 «
2101 2294 2470 2366 confringent
2492 2317 2519 2345 ››
2549 2295 2704 2366 quod
2745 2295 2891 2350 bene
2936 2312 3039 2366 per
3069 2296 3336 2350 futurum
3388 2312 3520 2367 pro-

1860 2383 2116 2450 nuntiat,
2141 2383 2282 2454 quia
2311 2384 2504 2439 adhuc
2538 2384 2714 2439 etiam
2759 2383 2869 2438 hoc
2910 2385 3175 2438 futurum
3207 2388 3297 2440 est
3325 2383 3385 2438 in
3418 2401 3523 2440 no-

1857 2471 2118 2526 vissimis
2148 2473 2534 2544 temporibus,
2572 2474 2808 2546 quando
2843 2472 3096 2528 filiorum
3139 2473 3316 2529 Israel
3348 2472 3531 2531 salva)-

1859 2561 2001 2617 ﬁent
2032 2561 2309 2633 reliquie}.

1937 2677 1958 2703 α
1983 2654 2054 2708 Et
2079 2652 2255 2708 etiam
2280 2652 2644 2708 comminuet
2665 2670 2764 2708 eos
2789 2675 2837 2721 ››,
2867 2653 2924 2707 id
2947 2657 3054 2720 est,
3079 2670 3182 2725 per
3204 2651 3366 2708 illam
3390 2669 3522 2708 con-

1859 2741 2200 2796 fractionem
2235 2743 2306 2796 ad
2340 2747 2566 2796 tantam
2600 2742 2998 2797 humilitatem
3031 2743 3270 2797 reducet
3300 2758 3437 2796 eos:
3464 2746 3522 2797 et

1859 2835 2010 2902 tunc,
2033 2830 2272 2901 respicit
2301 2831 2373 2884 ad
2408 2831 2898 2901 significationem
2925 2847 2938 2885 :
2962 2830 3049 2886 vel
3078 2853 3098 2878 α
3137 2846 3236 2884 eas
3261 2852 3288 2878 »
3311 2831 3529 2886 cedros‘

1864 2942 1884 2967 ι
1911 2923 2196 2989 tanquam
2219 2918 2469 2973 vitulum
2503 2919 2708 2974 Libani
2733 2941 2784 2985 »,
2808 2919 2866 2973 id
2898 2923 3006 2987 est,
3033 2922 3098 2972 ut
3128 2918 3250 2972 sint
3278 2918 3360 2972 ita
3390 2918 3516 2989 pla-

1857 3012 2054 3061 centes
2080 3007 2218 3072 Deo,
2243 3010 2526 3076 tanquam
2547 3006 2768 3061 vitulus
2792 3007 2997 3061 Libani
3019 3005 3362 3062 immolatus
3385 3022 3398 3060 :
3419 3007 3521 3062 Ju-

1857 3095 2116 3149 dzeorum
2149 3094 2306 3149 enim
2338 3095 2702 3150 consuetudo
2725 3099 2866 3162 erat,
2892 3099 2959 3149 ut
2988 3092 3202 3149 vitulos
3233 3111 3381 3166 quos
3404 3094 3517 3149 Do-

1857 3183 2018 3239 mino
2040 3181 2402 3238 immolaturi
2419 3188 2606 3250 erant,
2628 3183 2688 3237 in
2711 3182 3025 3238 uberrimis
3049 3182 3287 3254 pascuis
3306 3182 3516 3238 Libani

1857 3273 2298 3345 impinguarent
2329 3289 2341 3327 :
2377 3276 2436 3327 et
2465 3289 2580 3343 quo
2611 3272 2801 3345 magis
2827 3290 2926 3328 cos
2958 3272 3418 3345 impinguarent,
3446 3288 3513 3328 eo

1859 3361 2048 3434 magis
2079 3362 2196 3417 Deo
2238 3362 2623 3432 acceptabiles
2662 3363 2783 3417 fore
2818 3362 3157 3429 credebunt,
3192 3366 3250 3416 et
3288 3361 3384 3416 hic
3411 3378 3518 3418 no-

1859 3456 2018 3507 tatur
2043 3451 2287 3523 spiritus
2310 3451 2692 3506 fortitudinis.
2709 3451 2921 3523 Magna
2940 3451 3097 3506 enim
3121 3451 3219 3506 Dei
3239 3450 3518 3506 fortitudo

1857 3545 1965 3608 est,
1991 3557 2126 3595 cum
2162 3539 2338 3594 homo
2367 3539 2707 3612 superbiam
2730 3557 2900 3595 suam
2931 3536 3123 3611 potest
3149 3540 3436 3612 frangere,
3463 3541 3523 3596 et

1859 3647 1964 3702 per
1994 3628 2523 3684 comminutionem
2557 3645 2727 3684 suam
2759 3629 3020 3701 seipsum
3051 3626 3379 3700 placentem
3410 3626 3522 3684 h0-

1859 3718 2032 3774 etiam
2064 3717 2390 3775 immolare.
2418 3717 2565 3773 Cum
2597 3717 2698 3773 illa
2727 3718 3029 3789 superiora
3060 3718 3215 3773 bona
3240 3717 3518 3773 videntur
3547 3734 3549 3737 '

1858 3807 2033 3876 bona,
2060 3807 2464 3880 scilicet,quod
2488 3825 2596 3862 vox
2626 3807 2862 3862 Domini
2891 3811 2980 3863 est
3023 3807 3084 3860 in
3126 3806 3342 3861 virtute
3368 3809 3425 3860 et
3456 3805 3526 3860 in-

1858 3897 2315 3969 magnificentia,
2344 3913 2416 3952 ne
2448 3896 2633 3961 istud,
2657 3896 2881 3951 scilicet
2912 3896 3118 3950 cedros
3149 3894 3519 3964 confringere

1857 3987 2081 4041 malum
2104 3987 2416 4052 videretur,
2439 3984 2696 4040 ostendit
2717 3983 2890 4038 etiam
2917 3982 3158 4036 unicum
3182 3981 3284 4036 Dei
3304 3979 3517 4036 Filium

1858 4074 2288 4129 comminutum
2320 4089 2469 4140 esse,
2500 4089 2572 4128 ne
2603 4071 2701 4126 alii
2732 4071 2834 4126 tali
2878 4071 3003 4143 lege
3034 4069 3518 4125 comminutionis

1859 4162 2225 4218 condoleant.
2259 4160 2634 4216 Comminuet
2665 4160 2890 4227 cedros,
2919 4163 2978 4214 et
3007 4176 3124 4214 non
3157 4158 3382 4214 debetis
3413 4157 3521 4212 mi-

1857 4252 1993 4320 rari,
2029 4250 2169 4322 quia
2189 4273 2216 4300 «
2249 4249 2424 4304 etiam
2474 4248 2723 4304 dilectus
2746 4272 2796 4318 »,
2821 4249 2880 4304 id
2929 4253 3039 4317 est,
3072 4247 3284 4304 unicus
3332 4245 3522 4302 Filius

1858 4341 1959 4397 Dei
1994 4339 2431 4395 comminuetur
2459 4355 2471 4394 :
2497 4342 2553 4394 et
2582 4337 2677 4394 hic
2707 4338 2963 4394 ostendit
2993 4338 3279 4410 propheta-
3307 4353 3516 4394 secun-

1858 4431 2000 4485 dum
2025 4445 2204 4501 quam
2230 4431 2502 4483 naturam
2525 4428 2635 4483 hoc
2660 4429 2780 4495 fiat,
2806 4427 3047 4495 scilicet,
3063 4427 3390 4483 secundum
3411 4426 3529 4481 hil--

1857 4536 2134 4576 manam:
2170 4517 2604 4574 comminuetur
2633 4517 2762 4572 dico
2796 4540 2824 4567 ‹‹
2859 4517 3360 4589 quemadmodum
3392 4516 3516 4587 qu'i-
3577 4571 3582 4575 ,

1858 4633 1885 4660 ‹‹
1919 4610 2063 4665 libet
2105 4607 2262 4663 ﬁlius
2302 4605 2678 4662 unioornium
2706 4627 2754 4674 »,
2781 4606 2838 4661 id
2871 4610 2978 4673 est,
3018 4605 3379 4673 Judaaorum,
3412 4604 3514 4676 qui

103 4695 223 4752 nuit
245 4722 274 4750 ‹‹
291 4704 472 4774 super
493 4717 734 4772 aquas,»
753 4699 811 4755 id
837 4704 948 4769 est,
973 4717 1151 4772 super
1170 4699 1426 4768 Judaeos,
1442 4701 1543 4756 sed
1567 4700 1745 4756 etiam
1779 4713 1828 4778 Ι)
1857 4697 1987 4755 ideo
2020 4698 2332 4754 unicornes
2356 4697 2656 4768 dicuntur,
2680 4696 2822 4767 quia
2845 4711 2962 4751 uno
2993 4694 3116 4751 solo
3135 4696 3514 4751 Testamento

102 4803 128 4833 ε(
152 4795 325 4860 super
353 4806 541 4862 aquas
572 4789 868 4857 multas,»
903 4789 960 4844 id
1003 4792 1111 4856 est,
1146 4805 1323 4860 super
1352 4788 1618 4861 gentiles,
1648 4788 1748 4861 qui

98 4873 273 4933 multo
296 4877 497 4950 plures
519 4879 762 4934 fuerunt
781 4895 961 4951 quam
983 4877 1172 4934 Judaei
1202 4895 1213 4934 :
1239 4883 1297 4934 et
1315 4877 1425 4934 hoc
1444 4895 1616 4934 versu
1640 4895 1746 4935 no-

98 4963 283 5021 tamus
331 4967 608 5040 spiritum
658 4966 978 5039 sapientiae,
1003 4966 1143 5040 quia
1193 4967 1389 5024 divina
1436 4969 1746 5041 inspiratio

99 5065 196 5108 nos
225 5055 390 5111 docet
417 5055 521 5112 Dei
550 5056 972 5129 cognitionem.

167 5141 330 5199 «Vox
359 5144 536 5201 etiam
567 5145 856 5214 Domini,»
890 5145 949 5201 id
990 5149 1103 5214 est,
1126 5145 1380 5218 Spiritus
1425 5146 1631 5216 sancti,
1658 5151 1748 5204 est

101 5247 127 5277 ς(
147 5227 203 5284 in
219 5231 450 5289 virtute.
474 5255 503 5286 »
529 5234 590 5289 id
619 5237 728 5303 est,
759 5235 985 5290 confert
1015 5235 1185 5291 nobis
1215 5235 1514 5306 virtutem,
1540 5237 1598 5292 id
1631 5242 1744 5308 est,

98 5311 445 5379 intellectum
479 5324 550 5379 de
579 5323 708 5397 lege
749 5328 808 5378 et
849 5323 1100 5380 aliarum
1149 5324 1606 5397 Scripturarum,
1643 5344 1746 5399 per

101 5418 263 5474 quem
294 5410 650 5484 franguntur
680 5413 1082 5485 oppositiones
1111 5414 1542 5484 haereticorum,
1567 5422 1624 5472 et
1649 5416 1742 5472 cui

102 5506 260 5552 nemo
290 5499 476 5571 possit
519 5500 812 5557 resistam.
845 5499 1008 5557 Unde
1039 5506 1097 5558 et
1125 5501 1196 5558 de
1226 5502 1397 5559 beato
1444 5503 1741 5575 Stephano

100 5577 303 5654 legitur
328 5604 342 5644 :
374 5610 408 5641 ‹‹
429 5589 612 5648 Nemo
642 5593 872 5662 poterat
902 5591 1175 5648 resistere
1203 5592 1500 5664 sapientia:
1534 5595 1593 5648 et
1621 5592 1740 5665 spi-

101 5668 229 5730 ritui
275 5676 374 5749 qui
427 5677 782 5752 loquebatur
812 5679 945 5752 (Act.
977 5681 1103 5750 vx):
1143 5701 1173 5731 »
1207 5684 1265 5737 et
1310 5680 1406 5736 hic
1464 5684 1739 5739 notamus

101 5757 360 5834 spiritum
387 5766 782 5829 intellectum
800 5768 924 5828 Vox
943 5778 981 5825 »ί
1005 5769 1184 5830 etiam
1214 5769 1376 5830 illius
1397 5771 1736 5831 «Domini»

1859 4788 2226 4861 superbiunt.

1930 4902 1957 4929 ‹‹
1981 4877 2102 4933 Vox
2127 4901 2153 4926 »
2178 4876 2336 4932 illius
2361 4900 2388 4927 ‹‹
2422 4875 2655 4932 Domini
2681 4897 2702 4925 ιι
2729 4879 2820 4931 est
2848 4873 3080 4931 Domini
3107 4896 3134 4924 ‹‹
3161 4872 3512 4928 intercidem

1858 4969 2010 5036 tis»,
2035 4969 2094 5023 id
2145 4972 2250 5036 est,
2299 4966 2706 5033 discernentis,
2733 4989 2760 5015 ‹‹
2797 4965 3102 5020 ﬂammam
3144 4961 3319 5035 ignis.
3348 4984 3375 5012 »
3409 4962 3515 5018 Per

1857 5058 2054 5131 ignem
2077 5057 2208 5112 illos
2234 5055 2696 5128 accipimus,qui
2720 5054 2942 5109 fervent
2974 5069 3169 5109 amore
3193 5051 3331 5107 mali
3354 5051 3514 5107 desi-
3553 5073 3556 5076 ’

1856 5147 2000 5203 derii
2023 5164 2126 5218 per
2145 5147 2468 5212 ﬂammam,
2492 5144 2748 5199 furorem
2772 5143 3062 5198 malorum
3086 5145 3345 5207 actuum,
3363 5155 3513 5212 quos

1855 5237 1914 5291 in
1950 5241 2185 5293 sanctos
2215 5237 2504 5291 exercent.
2531 5233 2690 5288 Hanc
2713 5231 2910 5286 divina
2936 5230 3245 5302 inspiratio
3277 5227 3512 5286 interci-

1854 5327 1959 5392 dit,
1986 5326 2221 5396 quando
2245 5326 2448 5396 justus
2481 5322 2577 5377 ille
2600 5322 2693 5377 cui
2724 5321 2824 5375 illa
2847 5321 3088 5375 ﬂamma
3106 5319 3375 5385 infertur,
3400 5317 3515 5373 dis-

1853 5416 2038 5472 cernit
2067 5431 2195 5470 eam
2226 5431 2343 5469 non
2377 5413 2488 5467 sibi
2520 5413 2592 5467 ad
2617 5411 2899 5465 damnum
2935 5425 3086 5476 esse,
3109 5409 3212 5465 sed
3243 5407 3511 5464 eamdem

1852 5505 1964 5561 sibi
1997 5504 2057 5558 in
2090 5503 2312 5558 bonum
2360 5501 2615 5556 aestimat
2659 5498 2961 5572 provenire
2994 5515 3007 5554 :
3041 5501 3098 5553 et
3139 5498 3234 5553 hic
3278 5500 3516 5552 notatur

1851 5594 2094 5667 spiritus
2126 5590 2404 5647 scientiae.
2439 5590 2652 5662 Magna
2701 5587 2857 5644 enim
2909 5587 3157 5642 scientia
3205 5585 3307 5642 Dei
3339 5586 3520 5640 datur

1848 5683 2096 5752 homini,
2129 5695 2265 5738 cum
2296 5696 2366 5738 ea
2396 5695 2524 5754 quis
2556 5677 2688 5736 aliis
2725 5675 2883 5735 male
2909 5675 3182 5734 videntur
3209 5675 3365 5733 bona
3396 5673 3533 5735 sibi

1851 5790 1961 5852 cog
2005 5771 2175 5833 escit.
