3914 6374
356 440 467 502 291

779 435 1189 498 ΗΑΥΜΟΝ18
1221 435 1769 496 HALBERSTAT.
1804 434 2017 497 EPISC

2191 435 2258 495 P.
2290 436 2495 498 PARS
2525 439 2575 499 Ι.
2611 473 2689 483 -
2719 439 3126 500 COMMENT.
3160 438 3358 499 BIBL.

3655 439 3775 502 292

429 593 458 622 «
490 570 614 627 Vox
646 592 674 620 ››
697 569 875 625 etiam
914 568 1077 624 illius
1108 590 1137 618 «
1170 567 1404 623 Domini
1439 590 1465 617 »
1499 573 1591 624 est
1629 585 1739 624 vox
1780 568 2013 624 Domini
2044 570 2109 638 Α·
2130 569 2317 626 Patris
2348 573 2405 626 et
2433 571 2689 643 Spiritus
2717 573 2905 630 sancti
2935 573 3263 645 cooperatio
3289 571 3695 645 cognoscitur:
3718 576 3779 628 et

358 684 401 726 ‹‹,
422 657 811 716 concutientis
844 658 1216 734 desertum»,
1243 656 1303 711 id
1343 662 1454 726 est,
1487 657 1757 712 homines
1790 674 1824 712 a
1853 656 2015 712 cultu

356 749 458 805 Dei
488 762 725 814 vacuos,
749 750 806 802 et
836 746 1002 818 prius
1035 744 1264 802 steriles
1305 745 1446 801 facit
1476 744 1829 814 fructiferos,
1862 745 2017 802 sicut

354 836 568 909 aliquis
590 840 806 891 terram
832 834 1000 906 prius
1024 836 1318 891 desertam
1340 835 1726 891 concutiendo
1750 840 1808 891 et
1829 834 2016 891 colen-

352 927 427 982 do
450 925 589 981 facit
605 941 736 980 eam
758 924 1121 980 fructiferam
1142 940 1195 979 τί(
1212 928 1269 979 et
1287 946 1314 973 ››
1333 925 1720 980 concutiendo
1743 924 2014 980 homines

349 1014 516 1087 prius
568 1013 830 1069 desertos
863 1034 892 1063 ‹‹
938 1013 1334 1069 commovebit
1378 1013 1666 1070 Dominus
1712 1014 2012 1070 desertum

349 1103 535 1160 Gades
556 1124 610 1171 »,
634 1102 693 1157 id
726 1106 836 1170 est,
863 1101 1139 1175 implebit
1182 1101 1330 1158 illud
1361 1103 1519 1175 quod
1552 1103 1664 1159 fuit
1693 1104 2012 1176 figuratum

349 1210 455 1265 per
485 1190 839 1248 miraculum
870 1191 1094 1247 factum
1124 1191 1185 1246 in
1217 1192 1445 1248 deserto
1477 1192 1680 1249 Gades.
1711 1191 1895 1248 Gades
1922 1196 2014 1248 est

349 1282 650 1338 desertum
681 1280 783 1336 ubi
817 1297 989 1336 mons
1021 1279 1163 1336 Sina
1193 1284 1301 1349 est,
1327 1280 1387 1336 in
1419 1297 1535 1353 quo
1567 1281 1796 1337 deserto
1821 1280 2014 1338 Domi-

347 1389 462 1435 nus
484 1386 589 1443 per
610 1370 849 1442 Moysen
871 1386 1085 1441 aquam
1109 1370 1180 1425 de
1210 1374 1376 1442 petra
1406 1370 1607 1425 eduxit
1629 1370 1821 1439 (Exod.
1845 1373 2007 1439 xvn),

349 1476 479 1532 qum
510 1460 867 1532 sequebatur
897 1458 1051 1515 ﬁlios
1074 1459 1250 1515 Israel
1285 1476 1389 1532 per
1409 1461 1708 1516 desertum
1736 1477 1748 1515 :
1775 1464 1832 1516 et
1853 1460 2007 1532 quod

347 1549 507 1605 Deus
538 1553 757 1605 terram
788 1547 952 1604 illam
985 1548 1149 1621 prius
1181 1547 1406 1603 aridam
1436 1550 1571 1605 fecit
1599 1548 1903 1621 irriguum,
1938 1549 2013 1605 si-

347 1656 535 1714 gnum
565 1638 678 1694 fuit
710 1638 866 1711 quod
914 1637 1206 1706 homines,
1242 1639 1342 1710 qui
1374 1639 1539 1711 prius
1580 1638 1729 1695 aridi
1760 1643 1927 1695 erant
1955 1643 2013 1695 et

347 1727 599 1796 steriles,
630 1727 884 1800 irriguos
906 1730 963 1783 et
992 1727 1323 1784 fructiferos
1348 1729 1581 1785 faceret.
1606 1727 1708 1785 Vel
1734 1750 1763 1779 «
1796 1744 2003 1784 concu.

345 1818 550 1876 tientis
581 1818 881 1874 desertum
916 1840 966 1886 »,
997 1816 1054 1872 id
1089 1822 1199 1885 est,
1234 1818 1486 1890 gentiles
1517 1819 1616 1891 qui
1648 1819 1814 1891 prius
1844 1821 2012 1875 erant

348 1906 565 1975 deserti
587 1924 621 1963 a
642 1905 805 1964 cultu
828 1904 929 1962 Dei
954 1923 966 1961 :
988 1910 1046 1962 et
1067 1906 1192 1979 ipse
1216 1907 1546 1963 Dominus<<
1570 1910 1962 1965 commovebit
1980 1932 2009 1959 »
2038 1948 2087 2014 Β

347 1997 411 2053 in
460 1998 657 2053 futuro
687 2018 715 2045 «
751 1995 1050 2051 desertum
1091 1995 1276 2052 Gades
1302 2019 1351 2065 ››,
1377 1996 1436 2052 id
1484 2001 1574 2053 est
1620 1998 1855 2055 Judazos
1908 1998 2011 2071 qui

349 2086 568 2143 deserti
598 2088 764 2142 erant
783 2101 817 2140 a
840 2087 1042 2140 sancto
1074 2082 1241 2157 legis.
1267 2086 1452 2142 Gades
1474 2103 1707 2159 nanque
1738 2092 2011 2144 sanctum

349 2175 500 2248 legis
531 2175 952 2246 interpretatur
979 2190 992 2229 :
1028 2178 1087 2229 et
1116 2173 1239 2228 haec
1268 2177 1599 2233 ,commotio
1632 2177 1751 2245 fiet,
1774 2178 2010 2249 quando

350 2262 612 2336 reliquias
672 2263 927 2319 ﬁliorum
984 2262 1163 2319 Israel
1212 2262 1383 2319 salve
1436 2266 1623 2321 ﬁent:
1673 2270 1731 2321 et
1779 2266 1852 2322 ab
1900 2266 2012 2322 hoc

352 2357 557 2410 sancto
605 2351 770 2425 legis,
814 2351 874 2406 id
913 2355 1023 2419 est,
1064 2350 1354 2424 spirituali
1394 2352 1693 2409 intellectu
1734 2358 1876 2410 sunt
1921 2371 2011 2410 re-

351 2443 496 2499 moti
528 2441 738 2511 Judaei,
773 2439 872 2514 qui
904 2456 1020 2495 non
1063 2439 1435 2497 solummodo
1486 2442 1809 2514 spiritalem
1840 2443 2011 2498 intel-

351 2532 573 2589 lectum
603 2534 970 2602 sequuntur:
997 2534 1055 2585 et
1085 2529 1181 2584 hic
1214 2533 1450 2585 notatur
1478 2530 1723 2602 spiritus
1754 2532 2009 2603 pietatis.
2062 2518 2067 2525 ’

424 2644 453 2672 ‹‹
484 2620 609 2677 Vox
639 2642 667 2670 »
699 2619 860 2675 illius
903 2618 1081 2675 etiam
1115 2641 1143 2668 ‹‹
1177 2619 1411 2673 Domini
1444 2642 1472 2668 ››
1507 2624 1597 2674 est
1630 2638 1740 2675 vox
1778 2620 2011 2675 Domini

354 2734 384 2762 «
414 2708 798 2783 praeparantis
849 2725 1049 2764 cervos
1082 2730 1133 2779 ››,
1165 2707 1224 2763 id
1275 2712 1385 2776 est,
1429 2708 1715 2765 Dominus
1764 2708 1863 2764 ille
1910 2727 2014 2782 per

353 2798 803 2872 inspirationem
839 2814 1009 2853 suam
1042 2800 1329 2869 praeparat
1358 2813 1576 2866 cervos,
1608 2797 1668 2855 id
1702 2803 1811 2867 est,
1835 2816 2012 2872 quos-

355 2889 494 2946 dam
526 2892 594 2944 ut
623 2887 769 2944 fiant
812 2885 1039 2942 similes
1070 2886 1274 2953 cervis,
1300 2886 1523 2942 scilicet
1570 2888 1812 2959 pavidos
1860 2890 2012 2945 bono

356 2978 571 3034 timore
600 2981 657 3032 et
686 2975 1027 3032 haurientes
1048 2991 1273 3030 venena
1302 2974 1485 3047 hujus
1518 2978 1746 3044 mundi,
1767 2977 1849 3033 ita
1882 2979 2012 3050 qui-

356 3068 491 3124 dem
530 3066 687 3139 quod
721 3063 824 3120 illa
850 3064 1067 3120 hausta
1110 3080 1225 3118 non
1266 3070 1513 3121 noceant
1550 3066 1688 3121 illis.
1711 3068 2016 3123 Sustinent

356 3156 513 3212 enim
538 3154 974 3228 persecutiones
996 3156 1053 3208 et
1073 3152 1429 3223 objectiones
1456 3155 2013 3228 haereticorum,qui-

359 3246 473 3301 bus
493 3248 692 3299 tamen
718 3259 831 3298 non
853 3241 1167 3296 laeduntur.
1192 3241 1504 3298 Gervorum
1526 3261 1782 3317 namque
1804 3251 2016 3301 natura

2126 658 2251 730 ipse
2270 684 2295 709 ‹‹
2322 660 2608 716 Dominus
2634 685 2660 709 υ
2683 665 2772 716 ter
2792 662 3005 733 dictus,
3024 660 3082 715 id
3104 664 3211 729 est,
3236 660 3467 716 trinitas
3487 663 3609 715 tota
3624 683 3652 709 «
3681 676 3779 733 po-

2124 745 2263 817 pulo
2296 764 2402 802 suo
2427 769 2454 797 »
2477 749 2799 806 constituto
2821 772 2849 799 «
2881 749 2941 804 in
2974 766 3113 822 pace
3145 771 3196 818 »,
3217 748 3277 804 id
3316 753 3425 818 est,
3458 748 3779 806 aeternitate

2124 857 2153 885 ‹‹
2187 836 2493 894 benedieet
2524 861 2553 889 ››
2586 840 2777 895 dando
2809 839 3007 914 gloriae
3042 839 3490 897 incrementum.

2616 946 2689 1002 IN
2730 946 3063 1004 PSALMUS
3100 946 3289 1003 XXIX.

2212 1034 2490 1090 Trrunus.
2522 1036 2778 1092 Psalmus
2805 1038 3099 1164 ειῗιιίεξίἰη
3126 1036 3467 1093 dedicatione
3493 1035 3682 1093 domus

2900 1125 2989 1164 αυι
3034 1150 3047 1163 .

2900 1125 3047 1165 αυια.

2196 1214 2224 1244 ‹‹
2246 1192 2526 1250 Exaltabo
2549 1200 2628 1264 te,
2651 1196 2918 1253 Domine.
2941 1219 2969 1248 »
2995 1195 3265 1253 Psalmus
3287 1196 3400 1253 iste
3421 1198 3511 1253 est
3542 1193 3778 1265 cantici,

2121 1280 2180 1336 id
2210 1286 2318 1351 est,
2354 1283 2786 1353 exsultationis,
2817 1284 3031 1342 habitae
3071 1284 3130 1340 in
3171 1285 3535 1341 dedicatione
3565 1284 3782 1341 domus

2119 1370 2324 1439 David,
2349 1372 2406 1427 id
2438 1377 2547 1442 est,
2573 1374 2634 1428 in
2658 1374 3126 1431 consideratione
3148 1373 3558 1443 dedicationis,
3583 1373 3643 1430 id
3665 1377 3779 1442 est,

2119 1460 2583 1517 conﬁrmationis
2616 1463 2830 1519 domus
2861 1463 3064 1531 David,
3088 1462 3147 1518 id
3170 1468 3261 1519 est
3282 1464 3552 1536 corporis
3579 1480 3592 1519 :
3619 1461 3783 1534 quod

2119 1564 2333 1621 corpus
2355 1549 2466 1605 fuit
2491 1551 2705 1607 domus
2725 1550 2964 1623 Christi,
2990 1552 3316 1606 secundum
3344 1551 3625 1608 deitatem
3650 1568 3664 1607 :
3690 1549 3784 1607 vel

2118 1636 2231 1693 fuit
2252 1638 2465 1694 domus
2486 1639 2780 1712 prephetaa
2804 1638 3008 1708 David,
3027 1640 3168 1712 quia
3189 1639 3300 1695 fuit
3321 1640 3391 1696 de
3413 1639 3641 1696 semine
3662 1638 3786 1695 Da-

2116 1725 2213 1781 vid
2239 1743 2251 1783 :
2277 1731 2334 1783 et
2365 1727 2545 1800 hujus
2577 1729 2789 1785 domus
2810 1728 3117 1785 fabricatio
3140 1728 3252 1785 fuit
3282 1729 3341 1784 in
3374 1728 3784 1800 conceptione,

2120 1815 2408 1873 dedicatio
2442 1816 2502 1872 in
2534 1818 2977 1874 resurrectione.
3004 1819 3171 1874 Sicut
3200 1818 3359 1875 enim
3391 1818 3607 1873 domus
3638 1816 3788 1874 cele-

2119 1903 2243 1960 bris
2272 1906 2338 1960 ﬁt
2375 1906 2436 1961 in
2487 1906 2871 1974 dedicatione,
2907 1907 2993 1963 sic
3042 1906 3314 1963 Christus
3362 1905 3647 1962 celebrior
3691 1910 3786 1962 est

2120 1993 2311 2051 factus
2340 1995 2399 2049 in
2426 1995 2874 2061 resurrectione,
2898 2000 3209 2067 assumpta
3227 1993 3707 2067 impassibilitate
3727 1999 3787 2051 et

2119 2067 2581 2146 immortalitate.
2597 2082 2875 2139 Christus
2894 2087 2984 2139 est
3001 2082 3264 2152 materia,
3289 2099 3467 2155 quam
3488 2082 3573 2138 sic
3590 2082 3788 2155 dispo-

2122 2170 2228 2225 nit.
2266 2171 2328 2226 In
2362 2172 2555 2243 prima
2583 2176 2747 2244 parte
2776 2171 2991 2244 psalmi
3040 2176 3129 2228 est
3167 2172 3488 2245 gratiarum
3530 2171 3679 2227 actio
3712 2172 3786 2228 de

2121 2257 2408 2328 libertate,
2433 2261 2493 2315 in
2526 2277 2643 2333 qua
2681 2260 2857 2316 etiam
2900 2260 3172 2317 hortatur
3199 2264 3433 2316 sanctos
3458 2263 3526 2317 ut
3554 2277 3658 2332 pro
3686 2277 3785 2317 ea-

2121 2348 2254 2405 dem
2285 2349 2535 2405 Domino
2570 2350 2818 2406 reddant
2848 2355 3064 2424 grates,
3090 2367 3217 2423 quas
3247 2349 3514 2406 liberatio
3544 2349 3784 2407 illorum

2121 2442 2210 2493 est
2230 2438 2332 2510 qui
2363 2456 2467 2511 per
2493 2456 2623 2495 eam
2653 2437 2884 2496 liberati
2918 2443 3077 2495 sunt.
3107 2443 3171 2496 ln
3203 2440 3464 2496 secunda
3491 2443 3656 2512 parte
3687 2455 3785 2496 os-

2122 2528 2386 2582 tenditur
2415 2527 2718 2598 meritum,
2749 2545 2929 2601 quare
2958 2528 3070 2584 fuit
3098 2529 3345 2602 dignum
3377 2532 3442 2584 ut
3470 2527 3786 2585 liberaren-

2119 2621 2236 2672 tur.
2266 2616 2329 2672 In
2359 2616 2533 2673 tertia
2562 2622 2725 2690 parte
2757 2617 2912 2674 circa
2942 2619 3122 2674 ﬁnem
3153 2617 3463 2674 manifeste
3492 2617 3659 2690 ponit
3691 2633 3784 2673 re-

2122 2706 2568 2762 surrectionem.
2605 2706 2855 2763 Intentio
2886 2711 2977 2763 est
3004 2706 3228 2763 hortari
3262 2706 3529 2763 homines
3559 2706 3629 2762 ad
3661 2705 3787 2762 lau-

2121 2796 2254 2850 dem
2277 2795 2379 2851 Dei
2401 2796 2472 2851 de
2502 2813 2611 2851 sua
2630 2796 2983 2864 substantia,
3000 2813 3126 2869 qua:
3150 2800 3207 2853 et
3235 2796 3471 2852 illorum
3493 2799 3583 2852 est
3606 2811 3619 2851 :
3645 2812 3780 2867 qua:

2122 2887 2361 2940 notatur
2380 2883 2478 2940 ubi
2500 2883 2715 2940 dicitur
2737 2902 2796 2941 :«
2831 2884 3052 2941 Isallite
3083 2885 3352 2954 Domino,
3378 2884 3566 2940 sancti
3585 2885 3778 2957 ejus,»

2121 2977 2179 3029 et
2208 2978 2451 3029 caetera:
2476 2977 2533 3029 et
2561 2990 2595 3029 a
2618 2973 2941 3047 gratiarum
2963 2973 3192 3031 actione
3213 2974 3284 3031 de
3305 2990 3413 3031 sua
3431 2973 3781 3031 liberatione

2123 3062 2208 3118 sic
2238 3062 2448 3135 incipit
2479 3080 2492 3119 :

2192 3151 2315 3206 Vox
2340 3151 2558 3208 Christi
2580 3175 2607 3202 «
2637 3152 2883 3208 Domine
2923 3153 3099 3221 Deus,
3125 3152 3389 3209 exaltabo
3419 3155 3474 3209 te
3498 3173 3550 3221 »,
3574 3151 3633 3207 id
3665 3154 3778 3220 est,

2122 3240 2417 3313 ampliabo
2440 3258 2655 3297 nomen
2677 3246 2846 3297 tuum
2871 3259 2974 3315 per
2996 3241 3214 3298 multas
3234 3244 3435 3315 gentes
3460 3258 3473 3298 :
3500 3245 3558 3296 et
3575 3258 3648 3296 ne
3668 3240 3782 3298 hoc

358 3336 450 3388 est
471 3336 538 3387 ut
558 3330 749 3403 pavidi
774 3330 914 3398 sint,
932 3346 1156 3386 venena
1180 3330 1623 3404 hauriunt,quae
1645 3340 1842 3390 tamen
1866 3334 2012 3390 nihil
2044 3319 2087 3386 C
2124 3329 2417 3386 videretur
2447 3331 2689 3399 mirum,
2712 3332 2869 3404 quod
2903 3331 3149 3388 humilis
3179 3336 3299 3387 tam
3327 3331 3512 3387 altum
3543 3330 3782 3387 deberet

361 3421 446 3476 eis
474 3423 706 3483 nocent,
723 3422 781 3474 et
801 3418 895 3474 hic
918 3422 1158 3474 notatur
1183 3420 1426 3492 spiritus
1452 3422 1699 3494 timoris,
1716 3428 1773 3478 et
1793 3423 1914 3479 haec
1935 3424 2019 3479 in‘

361 3507 603 3580 spiratio
649 3505 879 3562 timoris
901 3530 928 3558 «
972 3507 1249 3564 revelabit
1291 3511 1589 3566 condensa
1610 3534 1660 3580 »,
1689 3512 1747 3567 id
1780 3518 1887 3579 est,
1922 3529 2016 3569 oc-

360 3595 521 3652 culta
541 3594 995 3667 Scripturarum.
1012 3596 1177 3652 Sicut
1201 3597 1357 3653 enim
1380 3616 1584 3655 cervus
1614 3617 1717 3672 per
1747 3601 2016 3657 timorem

361 3683 717 3740 transcurrit
737 3684 1032 3741 condensa
1053 3686 1378 3759 spinarum,
1400 3687 1483 3744 sic
1504 3689 1692 3761 gratia
1714 3689 1813 3745 Dei
1832 3691 2017 3747 Deum

360 3772 710 3829 timentibus
733 3773 919 3846 aperit
939 3774 1167 3830 occulta
1190 3775 1623 3849 Scripturarum
1644 3795 1657 3834 :
1678 3783 1735 3834 et
1756 3780 1897 3851 quia
1917 3797 2021 3853 per

360 3862 481 3918 haec
513 3862 669 3918 dona
700 3867 1075 3918 consummat
1106 3864 1450 3935 Ecelesiam,
1485 3866 1614 3923 ideo
1650 3890 1677 3917 «
1705 3884 1907 3924 omnes
1930 3869 2018 3924 di-

360 3956 495 4007 cent
523 3950 771 4024 gloriam
803 3952 854 4008 ei
880 3974 930 4021 ››,
955 3952 1012 4008 id
1056 3957 1162 4020 est,
1189 3954 1594 4025 praedicabunt
1630 3974 1765 4012 eum
1805 3958 2020 4031 glorio-

360 4056 494 4095 sum
510 4063 536 4091 ‹‹
558 4056 763 4097 omnes
788 4058 802 4098 :
825 4064 853 4090 »
874 4042 1004 4097 dico
1024 4043 1360 4116 quicunque
1384 4043 1656 4101 habitant
1676 4068 1703 4095 «
1722 4045 1780 4100 in
1803 4046 2019 4119 templo

358 4129 488 4200 ejus
513 4151 561 4198 ››,
586 4129 647 4184 id
679 4133 788 4202 est,
814 4130 875 4185 in
903 4137 1108 4187 sancta
1128 4131 1407 4203 Ecclesia,
1433 4150 1561 4206 quae
1585 4151 1689 4211 per
1717 4136 1847 4208 ipsa
1867 4137 2023 4194 dona

360 4221 834 4274 consummatur.
885 4220 989 4274 Hic
1048 4225 1289 4277 notatur
1345 4239 1481 4295 pars
1531 4225 1725 4294 tertia,
1775 4226 2019 4297 scilicet,

361 4304 435 4362 de
456 4305 865 4376 cooperatione
898 4306 1086 4364 Patris
1111 4312 1169 4364 et
1196 4308 1326 4364 Filii
1375 4328 1510 4367 cum
1543 4312 1763 4385 Spiritu
1794 4320 2019 4371 sancto.

361 4391 774 4450 Continuatio:
811 4394 1067 4466 Spiritus
1110 4401 1351 4453 sanctus
1380 4400 1607 4455 confert
1652 4400 1776 4457 haec
1825 4402 2025 4459 omnia

363 4483 555 4539 dona:
582 4482 710 4556 ipse
738 4482 921 4540 etiam
953 4484 1108 4540 idem
1131 4509 1158 4537 «
1185 4486 1473 4545 Dominus
1492 4489 1634 4545 facit
1661 4490 1840 4546 etiam
1860 4490 2023 4549 inha-

363 4572 552 4628 bitare
582 4571 869 4629 diluvium
896 4595 946 4643 »,
970 4574 1030 4630 id
1059 4580 1149 4633 est
1180 4593 1321 4633 suos
1351 4578 1553 4635 ﬁdeles
1592 4579 1730 4634 facit
1758 4579 2025 4638 habitare

360 4661 749 4733 baptismum.
781 4661 999 4719 Vivunt
1030 4664 1187 4720 enim
1230 4665 1381 4737 justi
1423 4667 1481 4721 in
1514 4667 1868 4740 baptismate
1920 4671 2022 4726 ubi

362 4749 614 4807 crimina
634 4752 844 4807 mundi
869 4751 1385 4826 moriuntur,quod
1409 4755 1806 4828 significatum
1831 4758 1943 4815 fuit
1964 4762 2025 4816 in

363 4838 602 4909 diluvio,
626 4840 687 4895 in
711 4857 827 4912 quo
849 4842 967 4897 Noe
990 4846 1228 4915 propter
1258 4860 1425 4899 suam
1450 4845 1749 4915 justitiam
1781 4865 2025 4906 securus

363 4927 670 4996 habitavit,
696 4934 753 4986 et
782 4931 1085 4987 criminosi
1127 4932 1347 4988 mortui
1391 4938 1532 4990 sunt
1562 4936 1715 5007 (Gen.
1746 4941 1871 5008 vn).
1894 4939 2024 5011 Spi-

362 5016 512 5073 ritus
544 5022 785 5081 sanctus
816 5024 1032 5093 purgat
1057 5038 1157 5077 eos
1178 5038 1284 5093 per
1303 5023 1590 5081 diluvium
1614 5025 2021 5098 baptismatis;

366 5127 395 5156 ‹‹
427 5110 485 5163 et
514 5106 822 5176 Dominus,
850 5131 878 5158 »
903 5109 1086 5166 Filius
1108 5110 1388 5181 scilicet,«
1413 5113 1641 5169 sedebit
1663 5132 1761 5170 rex
1784 5138 1811 5165 »
1833 5118 2028 5173 Domi-

366 5210 479 5251 nus
509 5194 570 5251 in
601 5196 686 5252 eis
710 5197 992 5268 judicans
1027 5216 1041 5254 :
1076 5203 1133 5254 et
1164 5199 1224 5254 in
1257 5200 1342 5255 eis
1384 5202 1613 5257 sedebit
1643 5220 1757 5259 non
1791 5209 2024 5262 tantum

367 5299 556 5356 usque
587 5284 647 5341 in
679 5286 857 5342 ﬁnem
891 5286 1119 5358 mundi,
1153 5289 1255 5344 sed
1289 5310 1317 5339 «
1346 5289 1409 5344 in
1440 5295 1745 5348 aeternum.
1772 5316 1800 5344 ››

436 5373 508 5428 Et
537 5372 622 5428 illi
651 5397 679 5424 «
712 5375 926 5447 populo
961 5393 1067 5433 suo
1093 5399 1120 5426 »
1157 5382 1279 5433 tam
1324 5386 1573 5452 purgato
1605 5399 1709 5455 per
1739 5384 2024 5457 Spiritum

368 5465 638 5518 sanctum
668 5480 680 5520 :
707 5468 765 5520 et
784 5464 865 5520 ita
885 5466 1210 5539 gubernato
1232 5485 1337 5540 per
1358 5469 1570 5527 Filium
1591 5472 1756 5529 dabit
1775 5497 1802 5526 «
1826 5475 2023 5532 Domi-

371 5563 483 5604 nus
515 5572 544 5599 »
577 5550 745 5608 Pater
773 5575 800 5603 «
833 5555 1112 5611 virtutem
1148 5578 1198 5628 ››,
1233 5557 1292 5613 id
1324 5563 1435 5626 est,
1469 5560 1899 5620 incrementum
1930 5567 2029 5623 bo-

373 5644 703 5729 norumtet
741 5640 919 5729 etiam
970 5644 1172 5701 omnia
1220 5646 1377 5704 bona
1423 5650 1764 5722 supradicta
1810 5670 1936 5729 quis
1993 5673 2029 5712 a

375 5726 578 5782 saneto
607 5726 830 5804 Spiritu
871 5732 1206 5807 specialiter
1235 5735 1363 5796 dari
1394 5737 1693 5815 dicuntur,
1727 5742 1787 5811 in
1818 5726 1936 5821 qua
1964 5766 2028 5809 re

2126 3436 2196 3474 ex
2225 3418 2425 3487 altare,
2461 3420 2718 3476 ostendit
2757 3421 2911 3493 quod
2953 3408 3143 3494 possit
3178 3424 3235 3477 et
3273 3420 3496 3489 debeat,
3527 3418 3730 3476 dicens
3762 3436 3778 3477 :

2127 3508 2260 3564 Ideo
2291 3526 2535 3581 possum
2569 3513 2626 3566 et
2671 3510 2873 3580 debeo,
2893 3534 2921 3560 «
2957 3510 3237 3582 quoniam
3277 3508 3589 3582 suscepisti
3621 3525 3717 3565 me
3750 3531 3780 3559 »

2126 3598 2384 3653 uniendo
2405 3598 2665 3654 Verbum
2688 3603 2859 3656 tuum
2882 3615 3022 3655 mea:
3050 3597 3441 3655 humanitati:
3465 3601 3523 3654 et
3542 3602 3784 3671 propter

2127 3686 2237 3742 hoc
2267 3687 2445 3743 etiam
2494 3689 2649 3760 quod
2672 3711 2701 3739 «
2735 3705 2841 3745 nec
2872 3688 3175 3745 delectasti
3200 3711 3250 3757 ››,
3275 3688 3334 3743 id
3375 3691 3484 3756 est,
3509 3684 3786 3743 delectari

2130 3776 2315 3832 fecisti
2340 3800 2366 3827 ‹‹
2398 3777 2671 3833 inimicos
2703 3794 2867 3833 meos
2889 3800 2917 3828 »
2942 3777 3259 3849 quoslibet,
3291 3777 3373 3832 ita
3402 3776 3558 3848 quod
3587 3777 3787 3832 essent

2129 3889 2157 3915 ‹‹
2183 3883 2359 3938 super
2388 3883 2482 3921 me
2507 3890 2533 3916 ››
2554 3883 2615 3922 se
2650 3884 2778 3923 esse
2810 3867 2869 3921 in
2912 3867 3207 3939 passione,
3233 3869 3432 3923 tamen
3462 3864 3609 3921 illud
3640 3881 3784 3939 gau-

2129 3956 2293 4011 dium
2322 3972 2559 4012 versum
2588 3961 2678 4012 est
2707 3954 2767 4011 in
2799 3955 3126 4012 tristitiam.

2200 4046 2271 4101 Et
2297 4044 2427 4101 ideo
2460 4045 2636 4100 etiam
2660 4067 2688 4095 «
2711 4043 2978 4101 exaltabo
3007 4048 3065 4100 te
3098 4066 3126 4095 ››
3154 4043 3292 4117 quia
3323 4066 3351 4093 «
3382 4042 3605 4100 sanasti
3631 4059 3726 4099 me
3755 4064 3783 4092 ››

2130 4134 2307 4190 etiam
2337 4132 2398 4189 in
2420 4133 2589 4205 meis,
2610 4150 2705 4190 me
2726 4132 2992 4191 faciendo
3015 4133 3444 4207 impassibilem
3465 4136 3524 4189 et
3550 4132 3788 4187 immor-

2129 4223 2309 4280 talem
2340 4224 2400 4279 in
2432 4223 2602 4295 meis,
2630 4222 2934 4279 liberando
2965 4238 3063 4279 eos
3094 4240 3129 4279 a
3157 4220 3415 4296 peccatis
3436 4225 3495 4278 et
3524 4219 3786 4277 faciendo

2123 4313 2320 4385 justos
2354 4330 2367 4369 :
2402 4317 2459 4369 et
2489 4317 2579 4368 est
2608 4312 2913 4385 praemissa
2941 4329 3139 4381 causa,
3174 4311 3330 4384 quod
3363 4309 3578 4383 dignus
3608 4308 3789 4366 salva-

2131 4403 2291 4459 tione
2322 4403 2419 4473 sit,
2447 4419 2581 4460 cum
2614 4401 2757 4458 dicit
2787 4419 2837 4459 :«
2863 4401 3111 4458 Domine
3141 4402 3298 4458 Deus
3328 4416 3517 4470 meus,
3541 4396 3787 4456 clamavi

2134 4492 2206 4548 ad
2238 4496 2317 4548 te.
2346 4514 2375 4542 ››

2203 4584 2275 4638 Et
2306 4582 2435 4638 ideo
2459 4605 2487 4633 «
2511 4580 2779 4639 exaltabo
2799 4587 2915 4652 te,»
2938 4568 3078 4654 quia
3106 4585 3228 4649 tu,«
3253 4579 3517 4647 Domine,
3533 4575 3787 4634 eduxisti

2054 4694 2102 4760 Ι)
2134 4672 2395 4728 animam
2428 4689 2620 4728 meam
2664 4673 2735 4728 ab
2778 4672 3007 4728 inferno
3032 4694 3059 4721 ››
3081 4675 3139 4727 et
3176 4670 3261 4726 sic
3292 4693 3319 4720 «
3354 4666 3661 4760 salvasti-a
3692 4666 3789 4722 de-

2135 4761 2556 4827 scendentibus
2585 4760 2646 4816 in
2686 4761 2882 4817 laeum
2907 4783 2956 4829 »,
2984 4759 3042 4815 id
3075 4762 3184 4829 est,
3217 4775 3253 4815 a
3279 4756 3502 4814 Judmis
3532 4754 3789 4811 salvatus

2134 4851 2266 4918 fuit,
2292 4836 2528 4923 quando
2550 4868 2616 4907 eo
2640 4851 2791 4907 facto
2814 4849 3135 4906 immortali
3160 4852 3218 4905 et
3236 4844 3608 4920 impassibili,
3633 4842 3792 4901 nulla

2132 4940 2291 4997 mala
2319 4941 2535 4997 inferre
2554 4943 2824 5013 poterant
2844 4940 2917 4995 ei.

2204 5031 2274 5085 Et
2301 5030 2432 5085 ideo
2462 5029 2602 5101 quia
2632 5028 2717 5085 sic
2767 5045 2860 5084 me
2907 5028 3194 5084 Dominus
3223 5024 3510 5089 liberavit,
3542 5040 3646 5079 vos
3691 5037 3789 5095 per

2134 5136 2328 5175 meam
2359 5118 2768 5174 liberationem
2810 5117 2949 5173 tacti
2998 5116 3187 5174 sancti
3234 5116 3365 5188 ejus
3398 5132 3465 5171 τα
3500 5111 3732 5185 psallite
3757 5129 3784 5159 υ

2136 5210 2283 5265 bene
2311 5208 2607 5280 operando
2649 5207 2789 5263 huic
2821 5230 2849 5258 ‹‹
2882 5208 3130 5263 Domino
3164 5228 3191 5256 »
3226 5228 3255 5256 «
3287 5209 3346 5261 et
3375 5199 3735 5260 confitemini
3757 5219 3783 5248 ››

2136 5315 2234 5355 ore
2290 5302 2349 5353 et
2406 5298 2577 5353 corde
2610 5320 2637 5347 ‹‹
2674 5298 2969 5354 memoriae
2996 5320 3045 5366 »,
3071 5297 3129 5352 id
3179 5298 3289 5364 est,
3334 5292 3472 5349 huic
3518 5288 3779 5356 Domino,

2135 5387 2276 5462 quia
2316 5404 2542 5443 memor
2566 5387 2744 5444 vestri
2770 5405 2821 5443 ;‹‹
2845 5386 3140 5442 memoriae
3172 5408 3202 5435 »
3233 5384 3381 5453 dico,
3428 5397 3547 5437 non
3585 5394 3783 5451 proce-

2135 5479 2308 5534 dente
2339 5495 2409 5534 ex
2436 5480 2635 5533 nostro
2675 5476 2903 5545 merito,
2937 5476 3039 5532 sed
3071 5478 3099 5527 ἁ
3133 5471 3464 5532 sanctitatis
3502 5469 3634 5542 ejus
3657 5490 3705 5535 »ν
3727 5464 3782 5521 id

2136 5571 2247 5636 est,
2283 5584 2351 5624 ex
2382 5584 2491 5623 sua
2520 5566 2646 5623 sola
2684 5566 3013 5623 sanctitate.
3040 5565 3146 5621 Vel
3189 5561 3485 5620 memoriae
3516 5556 3784 5615 sanctita-

2134 5658 2213 5716 tis
2235 5680 2286 5728 »,
2311 5658 2371 5713 id
2400 5660 2509 5725 est,
2543 5673 2661 5729 qua
2699 5656 3029 5713 sanctiﬁcat
3067 5653 3215 5712 alios
3247 5671 3262 5711 :
3295 5647 3627 5709 sanctitatis
3662 5645 3784 5704 dico

2136 5770 2165 5802 «
2199 5748 2328 5824 ejus
2359 5768 2413 5820 «,
2446 5747 2506 5806 id
2534 5749 2647 5818 est,
2680 5761 2809 5824 quae
2840 5747 2913 5806 ab
2943 5746 3072 5826 ipso
3102 5742 3388 5826 procedit.
3710 5736 3715 5741 ’
