3914 6400
101 463 215 529 293

1276 460 1777 525 EXPLANA’I‘IO
1822 457 1901 520 IN
1942 460 2326 525 PSALMOS.

3395 470 3512 532 294

167 601 234 656 Et
255 596 404 655 bene
432 597 719 654 debemus
748 596 1030 666 confiteri,
1065 619 1092 647 «
1123 597 1403 670 quoniam
1437 597 1521 651 ira
1561 596 1617 650 in
1655 596 1740 649 in-
1771 596 1825 661 Α
1859 594 2024 649 fusus
2046 596 2072 650 ?
2095 597 2151 650 Si
2187 598 2431 669 sanguis
2454 598 2603 669 justi
2636 596 3171 668 elfundatur,debet
3201 602 3510 673 proiicere:

100 688 433 762 dignatione
460 688 590 760 ejus
621 710 674 755 »,
710 687 769 742 id
800 691 907 755 est,
942 689 1178 759 quando
1212 704 1274 743 se
1304 686 1512 743 avertit
1536 686 1606 740 ab
1641 685 1746 740 ali-

99 794 225 852 quo,
258 781 347 834 est
380 793 551 850 poma
580 776 631 832 ei
664 793 697 832 a
728 793 842 849 quo
876 794 937 831 se
968 776 1212 831 avertit:
1252 797 1279 826 «
1311 780 1367 831 et
1397 775 1456 829 in
1486 774 1751 831 volunta-

94 870 207 921 tate
234 865 363 938 ejus
396 884 448 933 »,
483 863 543 918 id
578 868 686 931 est,
724 863 784 918 in
816 863 1181 935 beneplacito
1213 864 1363 934 ejus,
1400 868 1487 917 est
1521 886 1541 911 α
1577 861 1746 916 vita»

99 971 220 1028 qum
251 953 457 1025 incipit
488 952 548 1008 in
579 952 689 1008 hac
720 953 842 1008 vita
871 970 974 1025 per
1015 952 1333 1024 justitiam,
1369 956 1426 1007 et
1476 951 1639 1007 ducit
1688 950 1747 1006 in

102 1043 275 1100 vitam
320 1046 621 1098 aeternam.
654 1043 723 1097 Et
766 1042 861 1097 hic
913 1042 1108 1096 innuit
1155 1042 1311 1113 quod
1352 1058 1467 1096 non
1517 1044 1748 1094 tantum

104 1132 380 1189 debemus
404 1130 650 1187 Domino
683 1130 945 1186 conﬁteri
978 1130 1118 1202 quia
1142 1131 1243 1185 dat
1274 1131 1445 1197 bona,
1482 1130 1581 1184 sed
1612 1130 1754 1201 quia

105 1222 273 1278 etiam
304 1219 465 1277 mala
496 1226 773 1291 removet,
809 1220 869 1276 in
902 1220 1119 1293 quibus
1141 1222 1305 1293 juste
1337 1221 1705 1276 tenebamur.

172 1328 327 1385 Dixit
356 1328 515 1401 quod
546 1328 634 1384 ira
664 1332 755 1384 est
782 1327 843 1384 in
877 1327 1299 1401 indignatione,
1335 1332 1391 1383 et
1418 1327 1537 1384 vita
1567 1327 1625 1382 in
1653 1344 1754 1382 vo-

105 1416 325 1473 luntate
358 1433 373 1472 :
410 1413 567 1473 nunc
615 1416 872 1473 ostendit
920 1434 1025 1489 per
1073 1434 1247 1490 quem
1275 1418 1354 1473 sit
1391 1416 1497 1484 ira,
1533 1415 1756 1472 scilicet

106 1523 204 1579 per
228 1507 415 1562 Adam
443 1523 456 1562 :
481 1510 538 1562 et
562 1505 824 1578 quibus?
852 1505 1075 1562 scilicet
1105 1506 1503 1562 imitatoribus
1536 1505 1752 1578 ipsius:

106 1599 160 1650 et
188 1611 290 1668 per
320 1610 497 1667 quem
526 1595 606 1651 sit
634 1594 1036 1663 vita,seilicet,
1064 1612 1167 1667 per
1194 1594 1497 1651 Christum
1523 1612 1534 1650 :
1561 1593 1758 1665 etqui-

105 1684 249 1741 bus?
270 1682 497 1740 scilicet
525 1684 925 1741 imitateribus
956 1682 1759 1740 Christi.Centinuatio:Vita

106 1775 189 1827 est
218 1772 278 1828 in
306 1771 628 1839 voluntate,
664 1773 765 1828 sed
797 1789 913 1828 non
944 1772 1220 1828 omnibus
1245 1790 1258 1828 :
1283 1772 1424 1844 quia
1449 1770 1758 1843 respicien-

106 1860 259 1917 tibus
292 1881 321 1913 «ι
353 1862 426 1917 ad
458 1878 769 1933 vesperum
802 1882 854 1933 »,
886 1861 947 1916 id
986 1866 1095 1930 est,
1129 1860 1503 1916 imitantibus
1552 1875 1756 1916 casum

1855 685 1903 741 si
1940 686 2182 756 sanguis
2212 685 2400 758 impii,
2435 686 2596 741 nulla
2621 686 2848 751 utilitas
2878 688 3051 744 debet
3082 690 3284 761 quaeri.

1930 775 1987 831 Si
2023 774 2254 846 redigar
2283 774 2342 829 in
2370 775 2687 847 pulverem,
2722 777 2885 832 nulla
2934 777 3161 833 utilitas
3195 796 3514 852 conseque-

1858 868 1957 920 tur
1990 882 2002 920 :
2037 864 2177 935 quia
2206 879 2395 935 neque
2425 864 2733 933 confessio,
2770 884 2957 938 neque
2988 868 3252 923 veritatis
3286 886 3517 925 annun-

1858 953 2132 1020 tiatio,ad
2168 969 2292 1025 quae
2325 953 2591 1009 facienda
2623 955 2970 1011 resurrectio
3001 956 3216 1013 Christi
3248 975 3517 1015 necessa-

1860 1042 1949 1096 ria
1980 1041 2089 1095 luit
2118 1041 2759 1111 Continuatio:Dico,si
2782 1045 3072 1102 descendo
3103 1046 3164 1101 in
3199 1046 3516 1119 infernum,

1833 1130 2024 1199 nulla
2053 1130 2162 1185 erit
2197 1129 2441 1197 utilitas,
2475 1131 2614 1203 quia
2644 1155 2671 1180 «
2705 1133 2971 1205 nunquid
3012 1134 3201 1206 pulvis
3234 1158 3280 1203 n,
3318 1136 3375 1191 id
3408 1141 3516 1205 est,

1861 1236 1996 1275 caro
2045 1220 2282 1275 redacta
2322 1218 2381 1274 in
2416 1219 2713 1291 pulverem
2747 1244 2774 1272 ‹‹
2808 1223 3186 1279 conﬁtebitur
3213 1224 3368 1281 tibi?
3401 1247 3428 1275 ››
3461 1225 3521 1281 id

1864 1308 2090 1376 est,erit
2119 1324 2300 1362 causa
2326 1308 2798 1376 confcssienis,id
2831 1315 2940 1378 est,
2964 1311 3159 1369 laudis
3187 1318 3321 1384 tuae,
3358 1337 3386 1365 «
3420 1318 3524 1371 aut

1864 1394 2239 1451 annuntiabit
2292 1395 2596 1452 veritatem
2653 1401 2817 1453 tuam
2853 1421 2880 1448 ››
2914 1398 3010 1455 ille
3054 1401 3265 1473 pulvis,
3299 1403 3357 1458 id
3411 1408 3521 1471 est,

1864 1484 1973 1541 erit
2004 1502 2183 1540 causa
2212 1502 2393 1557 quare
2433 1503 2612 1556 causa
2642 1491 2744 1542 tua
2776 1489 3161 1544 annuntietur
3189 1492 3260 1547 de
3294 1508 3525 1565 repara-
3584 1509 3592 1516 ‘

1866 1573 2022 1629 tione
2044 1574 2291 1628 humani
2322 1574 2760 1646 generis,quam
2796 1581 2858 1631 tu
2892 1594 2996 1649 per
3026 1594 3119 1634 me
3151 1579 3417 1636 facturus
3439 1580 3530 1636 es?

1865 1664 1991 1718 Non
2014 1662 2371 1735 utique,ideo
2394 1662 2529 1719 nolo
2548 1668 2612 1719 ut
2642 1666 2951 1736 permittas
2983 1683 3076 1723 me
3107 1667 3290 1742 redigi
3322 1670 3383 1725 in
3405 1668 3531 1742 pul-

1866 1769 2082 1819 verem,
2115 1752 2359 1823 SCd.‘Clt0
2392 1753 2697 1808 resuscita.

1938 1841 2055 1911 Ego
2085 1840 2373 1907 clamabo,
2408 1845 2465 1896 et
2504 1841 2790 1898 Dominus
2842 1844 3114 1900 exaudiet
3145 1863 3257 1916 me,
3291 1852 3531 1920 propter

105 1951 252 2007 Adm.
271 1950 376 2007 Rei
408 1950 567 2008 enim
598 1951 813 2007 veritas
845 1954 954 2017 est,
981 1951 1137 2023 quod
1166 1951 1352 2005 Adam
1384 1950 1444 2005 in
1492 1966 1753 2022 vespera,
1786 1966 1836 2030 Β
1869 1927 2537 2030 Hlffr'itum-clamerismt
2565 1929 2741 2030 etiam
2769 1936 3009 2030 ΡῐςοΡῖεξΓ
3014 1934 3525 2030 _mi90_1‘_i001‘di§m:

108 2038 162 2094 id
192 2043 300 2107 est,
315 2043 453 2112 post
478 2038 783 2094 meridiem
810 2038 1141 2095 declinante
1163 2037 1285 2094 sole
1307 2037 1759 2110 fregitobedien-

105 2127 268 2183 tiam.
300 2128 455 2184 Dum
488 2127 646 2183 enim
679 2128 790 2183 fuit
819 2129 1004 2183 Adam
1055 2127 1115 2182 in
1147 2127 1411 2195 meridie,
1450 2127 1506 2181 id
1559 2131 1669 2195 est,
1696 2127 1759 2182 in

108 2216 324 2272 fervore
356 2216 710 2283 dilectionis,
747 2215 1142 2271 obedientiam
1190 2215 1439 2271 viriliter
1488 2216 1755 2271 servavit.

108 2304 422 2377 Postquam
454 2321 588 2361 vero
620 2304 875 2361 charitas
905 2303 966 2359 in
998 2321 1065 2358 co
1097 2305 1337 2371 refrixit,
1355 2309 1411 2359 ct
1434 2310 1563 2376 post
1586 2305 1759 2360 meri-

107 2394 279 2462 diem,
314 2395 376 2450 id
425 2398 533 2463 est,
565 2398 698 2466 post
745 2394 1091 2449 charitatem
1141 2394 1272 2463 fuit,
1305 2394 1379 2449 ab
1429 2395 1762 2449 obedientia

107 2481 424 2539 discessit:
460 2483 631 2554 cujus
680 2481 1011 2539 imitatores
1054 2483 1139 2537 illi
1187 2500 1315 2539 esse
1367 2477 1665 2550 dicuntur,
1700 2483 1760 2538 in

107 2571 320 2642 quibus
352 2588 471 2628 non
502 2573 668 2628 ardet
696 2572 1046 2640 charitas,et
1076 2572 1193 2628 illis
1215 2573 1664 2645 respicientibus
1690 2573 1761 2629 ad

106 2677 414 2733 vesperum
447 2684 476 2713 «
505 2661 1111 2718 demorabitur'ﬂetus
1142 2685 1195 2731 »,
1220 2662 1278 2718 id
1310 2668 1417 2731 est,
1435 2664 1764 2720 remanebit

109 2747 275 2806 ﬂetus
309 2767 324 2805 :
374 2749 829 2822 respicientibus
878 2767 1013 2806 vero
1057 2773 1084 2802 α
1118 2752 1190 2806 ad
1223 2752 1583 2807 matutinum
1618 2775 1669 2820 »,
1701 2753 1760 2806 id

109 2841 212 2908 est,
245 2839 318 2894 ad
352 2837 845 2894 resurrectionem
876 2837 1093 2892 Christi
1142 2837 1353 2893 faciam
1388 2838 1446 2893 in
1479 2857 1671 2909 mane,
1702 2839 1760 2893 id

109 2929 214 2995 est,
249 2926 655 2983 imitatoribus
687 2926 815 2996 ejus
850 2947 879 2975 «
905 2925 1108 2980 laetitia
1139 2946 1192 2980 ».

176 3031 280 3087 Hic
312 3030 576 3088 ostendit
596 3033 655 3085 et
684 3045 922 3086 causam
945 3032 1002 3084 et
1024 3028 1300 3085 meritum
1332 3048 1450 3086 sua:
1478 3031 1768 3087 liberatio-

112 3119 217 3189 nis,
253 3125 315 3176 et
349 3118 610 3175 ostendit
638 3135 774 3175 eum
824 3118 1186 3174 contrarium
1236 3136 1365 3175 esse
1411 3121 1545 3176 Adaz
1581 3138 1592 3176 :
1627 3121 1769 3193 quia

111 3224 238 3265 cum
269 3209 463 3264 Adam
495 3211 650 3263 esset
670 3207 964 3278 perfectus
982 3210 1038 3262 et
1057 3206 1117 3261 in
1133 3208 1501 3264 abundantia
1515 3210 1764 3281 positus,

113 3314 219 3354 non
238 3296 518 3364 attendit,
533 3295 653 3351 imo
676 3295 937 3352 recessit.
953 3295 1223 3351 Ostendit
1243 3302 1439 3352 autem
1455 3301 1609 3370 quod
1629 3316 1764 3355 cum

112 3386 377 3444 Christus
408 3389 567 3442 esset
595 3385 823 3457 positus
845 3383 905 3439 in
938 3385 1498 3457 abundantia,nulla
1527 3388 1768 3455 tribula-

111 3474 264 3533 tione
295 3476 371 3533 ab
399 3474 736 3531 obedientia
765 3473 958 3547 potuit
1005 3474 1307 3530 removeri.
1343 3476 1714 3533 Continuatio
1750 3494 1763 3535 :

115 3562 229 3620 Illis
258 3562 716 3638 respicientibus
747 3564 820 3619 ad
852 3579 1181 3634 vesperum,
1216 3563 1325 3618 erit
1362 3564 1554 3621 ﬂetus.
1586 3589 1613 3616 ιι
1649 3567 1767 3639 Ego

115 3656 308 3709 autem
340 3675 371 3704 »
427 3669 544 3708 non
595 3669 729 3709 sum
778 3653 850 3707 de
898 3651 1037 3720 illis,
1072 3651 1314 3720 scilicet,
1349 3653 1672 3728 existens.«
1705 3656 1767 3711 in

116 3741 481 3799 abundantia
510 3758 645 3798 mea
680 3764 727 3810 η,
761 3740 819 3797 id
872 3745 961 3797 est
1008 3741 1067 3795 in
1115 3741 1464 3813 perfectione
1512 3744 1767 3800 scientiae

115 3833 169 3885 et
190 3831 463 3887 omnium
494 3830 780 3886 virtutum
815 3852 843 3881 «
876 3830 992 3885 dixi
1021 3830 1147 3897 »,id
1181 3835 1286 3899 est,
1311 3830 1624 3888 deliberavi
1661 3851 1674 3889 :
1708 3833 1769 3889 in

115 3916 238 3990 ipsa
264 3920 349 3977 rei
382 3919 745 3976 exhibitione
769 3919 879 3975 hoc
929 3919 1187 3975 ostendit
1219 3936 1232 3975 :
1268 3943 1295 3969 «
1332 3937 1448 3976 non
1495 3924 1772 3979 movebor

116 4008 183 4063 ab
212 4008 315 4065 illa
344 4007 717 4065 abundantia
744 4030 772 4059 »
812 4030 839 4058 ι(
870 4009 930 4063 in
963 4012 1268 4063 aeternum.
1301 4030 1329 4059 »

180 4114 335 4171 Dixit
365 4115 526 4188 quod
545 4113 705 4170 illam
730 4114 1155 4170 abundantiam
1184 4116 1521 4185 custodiret,
1537 4121 1594 4173 et
1614 4135 1771 4174 nunc

117 4205 368 4261 ostendit
398 4204 561 4278 quod
593 4202 757 4259 illam
791 4203 1219 4259 abundantiam
1245 4221 1362 4260 non
1382 4204 1561 4261 habet
1588 4224 1656 4261 ex
1686 4224 1769 4275 se,

117 4293 213 4349 sed
242 4311 311 4350 ex
341 4293 469 4352 solo
499 4293 711 4362 Deo,et
732 4293 844 4349 hoc
864 4297 974 4361 est,
991 4315 1019 4342 ‹‹
1046 4292 1312 4364 Domine,
1335 4293 1529 4349 decori
1555 4311 1684 4350 meo
1718 4318 1768 4365 »,

116 4379 171 4437 id
199 4386 309 4451 est,
342 4382 724 4440 abundantia
746 4381 830 4438 illi
862 4399 1003 4438 mea:
1041 4382 1404 4455 «przestitisti
1424 4382 1770 4451 virtutem,»

117 4468 172 4526 id
199 4476 308 4543 est,
342 4471 766 4538 constantiam,
797 4474 854 4527 et
877 4471 987 4527 hoc
1010 4488 1124 4527 non
1156 4488 1225 4527 ex
1254 4471 1461 4528 merito
1493 4489 1643 4546 meo,
1669 4474 1771 4531 sed

116 4574 182 4615 ex
209 4561 336 4618 sola
360 4565 470 4618 tua
498 4559 819 4617 voluntate.

188 4678 216 4708 «
227 4656 561 4714 Praestitisti
572 4657 906 4726 virtutem,»
923 4658 1022 4714 sed
1036 4660 1233 4713 tamen
1247 4656 1561 4729 aliquando
1577 4681 1605 4709 ‹‹
1618 4677 1774 4716 aver-

118 4739 237 4801 tisti
288 4747 504 4803 faciem
554 4749 720 4801 tuam
772 4763 807 4801 a
853 4762 1026 4813 me»,
1061 4744 1119 4800 id
1169 4749 1278 4813 est,
1322 4745 1643 4817 permisisti
1676 4764 1770 4803 me

118 4833 384 4892 tribulari
415 4852 429 4892 :
465 4839 523 4891 et
552 4838 695 4891 tunc
729 4857 758 4886 «
789 4851 894 4908 ego
925 4855 954 4885 »
988 4834 1164 4889 homo
1200 4854 1228 4883 ‹‹
1258 4833 1449 4890 factus
1480 4852 1616 4891 sum
1637 4852 1773 4892 cen-

122 4924 390 4981 turbatus
415 4947 446 4977 »
481 4928 541 4980 et
571 4923 667 4980 hic
698 4940 982 4997 magnum
1003 4922 1282 4978 meritum
1299 4923 1556 4978 ostendit
1584 4924 1776 4981 Chris-

124 5010 184 5080 ti,
216 5014 315 5086 qui
344 5031 453 5071 nec
486 5012 572 5069 sic
601 5013 906 5086 probatus,
939 5013 1013 5068 ab
1043 5012 1378 5068 obedientia
1408 5014 1676 5069 cessavit.

189 5120 306 5194 Ege
355 5120 697 5189 conturbor,
746 5121 846 5176 sed
897 5120 959 5175 in
1006 5119 1139 5191 ipsa
1182 5119 1627 5177 conturbatione
1680 5143 1708 5173 ‹‹
1740 5139 1773 5179 ο

125 5207 385 5281 Domine,
435 5209 706 5267 clamabo
756 5210 828 5266 ad
878 5213 993 5264 te»
1045 5210 1118 5265 de
1165 5209 1503 5265 obtinendis
1551 5210 1768 5269 bonis:

129 5318 154 5347 «
184 5301 238 5355 et
265 5299 629 5373 deprecabor
656 5300 729 5356 ad
762 5303 819 5355 te
846 5300 1032 5356 Deum
1064 5315 1263 5355 meum
1296 5320 1324 5349 »
1359 5299 1430 5354 de
1470 5316 1777 5356 removen-

127 5386 212 5443 dis
239 5388 433 5445 malis.

196 5507 223 5537 «
249 5488 334 5543 Ad
355 5490 414 5545 te
438 5487 773 5560 clamabo,»
799 5489 884 5545 sic
905 5487 1136 5545 dicens:
1168 5508 1196 5538 «
1219 5486 1361 5543 dum
1388 5486 1508 5555 »,id
1535 5494 1644 5558 est,
1670 5511 1698 5540 «
1726 5490 1777 5546 si

132 5575 542 5639 «descendere
564 5578 625 5634 in
647 5578 1084 5650 corruptionem
1113 5577 1242 5645 »,id
1265 5581 1375 5644 est,
1391 5576 1439 5631 si
1463 5578 1695 5650 redigor
1715 5580 1775 5635 in

129 5662 440 5736 pulverem,
476 5686 508 5717 «
540 5683 670 5739 quae
704 5665 933 5723 utilitas
960 5668 1104 5721 tunc
1132 5664 1195 5720 in
1225 5663 1513 5736 sanguine
1543 5680 1672 5721 meo
1696 5688 1725 5717 »
1749 5666 1779 5722 Ἰ

127 5745 184 5810 id
212 5760 320 5831 est,
333 5755 479 5831 quid
503 5755 946 5829 proﬁciet‘mihi
975 5754 1065 5813 vel
1098 5753 1231 5813 aliis
1261 5753 1505 5830 sanguis
1522 5769 1690 5817 meus
1702 5755 1780 5814 ef-

1868 2021 1924 2071 et
1944 2016 2053 2071 hoc
2083 2021 2190 2084 est,
2227 2040 2253 2067 ‹‹
2290 2017 2568 2075 misertus
2600 2022 2689 2073 est
2720 2019 2834 2074 mei
2869 2041 2896 2068 ››
2925 2024 2982 2076 et
3009 2020 3135 2093 ipse
3167 2022 3321 2079 idem
3353 2048 3382 2075 «
3415 2025 3527 2081 De-

1848 2106 2066 2161 ‘minus
2097 2111 2187 2161 est
2243 2107 2432 2162 factus
2490 2107 2725 2178 adjutor
2782 2125 2949 2163 meus
2984 2131 3011 2159 ››
3045 2110 3269 2168 scilicet
3299 2136 3327 2163 ‹‹
3363 2112 3529 2186 plan-

1869 2199 2026 2249 ctum
2052 2212 2247 2249 meum
2268 2217 2316 2260 ››,
2336 2195 2393 2250 id
2419 2195 2793 2262 est,dolorem
2818 2199 3101 2253 convertit
3126 2199 3187 2255 in
3219 2202 3527 2272 gaudium,

1871 2285 1971 2339 sed
2004 2302 2073 2340 ex
2103 2284 2499 2339 familiaritate
2531 2286 2815 2340 convertit
2846 2304 2907 2342 se
2939 2288 3011 2342 ad
3044 2288 3408 2359 ipsum,cum
3441 2291 3531 2345 di-

1871 2373 1971 2438 cit,
2004 2396 2031 2422 ‹‹
2068 2373 2404 2428 convertisti
2437 2396 2485 2427 ».
2521 2372 2697 2429 Dolor
2754 2376 2912 2430 enim
2975 2378 3182 2433 mortis
3214 2395 3533 2436 conversus

1871 2462 2042 2518 estin
2067 2462 2351 2534 gaudium
2376 2479 2477 2534 per
2506 2462 2753 2533 gloriam
2785 2465 3283 2532 resurrectionis,«
3302 2483 3536 2524 conver-

1870 2550 1994 2607 tisti
2016 2574 2043 2599 »
2075 2551 2203 2607 dico
2226 2574 2254 2601 ‹‹
2280 2550 2423 2606 mihi
2451 2550 2564 2619 »,id
2588 2555 2694 2619 est,
2717 2552 2789 2606 ad
2812 2552 3127 2610 utilitatem
3151 2556 3266 2610 mei
3287 2560 3344 2612 et
3373 2573 3532 2613 meo-

1873 2657 2005 2694 rum
2060 2640 2404 2696 conscidisti
2463 2656 2699 2696 saccum
2762 2658 2983 2711 meum,
3017 2642 3076 2698 id
3138 2648 3246 2713 est,
3292 2662 3531 2702 carnem

1874 2744 2086 2783 meam.
2124 2729 2369 2783 Carnem
2429 2728 2645 2784 Christi
2694 2729 2823 2785 ideo
2875 2747 3112 2787 saccum
3160 2738 3349 2802 vocat,
3394 2736 3535 2807 quia

1874 2816 2026 2871 sicut
2056 2834 2265 2870 saccus
2294 2816 2469 2872 vestis
2500 2817 2921 2887 pcenitcntialis
2953 2824 3059 2886 est,
3085 2820 3170 2875 sic
3201 2837 3335 2876 caro
3362 2822 3533 2877 Chri-

1875 2905 1948 2959 sti
1978 2903 2157 2958 vestis
2197 2904 2614 2974 pmnitenlialis
2663 2910 2772 2975 est,
2808 2922 2923 2961 non
2968 2909 3124 2978 quod
3156 2926 3265 2963 sua
3292 2914 3535 2981 peccata

1874 2995 2150 3063 portaret,
2199 2992 2299 3046 sed
2359 2991 2647 3047 aliorum.’
2683 2992 2845 3057 Unde
2904 2994 3167 3051 dicitur:
3229 3020 3257 3047 ‹‹
3293 2998 3535 3055 Peccata

1876 3083 2078 3134 nostra
2125 3079 2251 3151 ipse
2294 3079 2547 3150 portavit
2589 3084 2722 3149 (13a.
2775 3098 2906 3149 Lm;
2952 3086 2980 3137 Ι
3006 3084 3153 3138 Patr.
3187 3088 3272 3153 II).
3322 3108 3352 3135 οι
3384 3086 3533 3142 Con-

1875 3168 2052 3223 fessio
2074 3167 2205 3238 ipsa
2225 3168 2375 3224 facta
2395 3167 2506 3223 fuit
2525 3167 2584 3223 in
2606 3168 2735 3241 ipsa
2763 3168 3035 3241 passione
3060 3187 3072 3226 :
3096 3176 3153 3227 et
3172 3178 3377 3245 postea
3404 3174 3537 3247 ipsa

1878 3256 2303 3312 resurrectione
2334 3281 2363 3307 «
2396 3257 2836 3313 circumdedisti
2882 3276 2976 3315 me
3021 3259 3220 3317 laetitia
3248 3284 3297 3330 »,
3332 3263 3390 3318 id
3422 3268 3536 3334 est,

1794 3329 1836 3395 C
1874 3345 2349 3417 impassibilitate
2395 3350 2453 3401 et
2497 3346 2960 3415 immortalitate,
2992 3353 3050 3404 et
3097 3349 3168 3405 ab
3214 3329 3326 3407 hoc
3363 3329 3535 3409 versu

1876 3434 2184 3491 manifeste
2210 3433 2415 3507 incipit
2436 3436 2742 3491 ostendere
2773 3436 2844 3491 de
2874 3438 3320 3496 resurrectione.

1950 3546 1977 3573 «
1994 3522 2445 3578 Circumdedisti
2469 3527 2534 3577 ut
2556 3523 2686 3595 ipsa
2706 3522 2894 3596 gloria
2913 3542 3047 3581 mea
3067 3549 3117 3595 ››,
3138 3526 3197 3583 id
3223 3533 3313 3584 est
3343 3547 3538 3586 resur-

1879 3613 2056 3668 rectio
2089 3629 2221 3667 mea
2251 3635 2279 3662 «
2314 3615 2508 3668 cantet
2536 3611 2722 3681 tibi»,
2771 3612 2831 3669 id
2883 3619 2989 3683 est,
3025 3618 3296 3673 ostendat
3324 3622 3381 3675 te
3410 3635 3539 3677 esse

1877 3701 2258 3757 laudabilem.
2282 3702 2401 3758 Hoc
2426 3701 2584 3758 enim
2616 3703 2966 3760 resurrectio
2997 3704 3213 3761 Christi
3244 3707 3442 3777 efﬁcit,
3475 3712 3543 3766 ut

1879 3793 2033 3847 Deus
2066 3808 2170 3863 per
2196 3795 2384 3846 totum
2418 3792 2709 3847 mundum
2761 3791 3038 3848 laudetur
3064 3796 3122 3848 et
3152 3794 3252 3848 illa
3282 3812 3397 3850 non
3429 3799 3542 3852 erit

1879 3882 1951 3937 ad
1987 3880 2323 3947 horam,sed
2347 3881 2473 3951 jam
2502 3878 2776 3951 deinceps
2809 3903 2837 3931 «
2866 3898 2983 3936 non
3013 3897 3395 3953 compungar,
3417 3904 3446 3933 »
3477 3884 3536 3940 id

1879 3969 2220 4037 est,nullam
2243 3985 2475 4040 poenam
2511 3967 2716 4024 mortis
2747 3968 3098 4025 sustineam.
3116 3968 3276 4025 Unde
3296 3972 3540 4042 Aposto-

1880 4058 2009 4114 lus:
2035 4056 2302 4113 Christus
2324 4072 2637 4128 resurgens
2657 4073 2693 4111 a
2714 4056 2963 4111 mortuis
2971 4056 3100 4127 jam
3123 4073 3241 4112 non
3264 4058 3539 4130 moritur,

1881 4161 2041 4200 mors
2073 4142 2157 4198 illi
2191 4141 2346 4197 ultra
2371 4160 2488 4198 non
2518 4143 3023 4199 dominabitur:et
3043 4144 3197 4201 sicut
3222 4145 3326 4201 illa
3354 4146 3542 4219 gloria

1881 4238 2096 4288 aeterna
2125 4230 2255 4301 erit,
2288 4229 2373 4286 sic
2403 4231 2692 4288 confessio
2725 4249 2853 4304 quae
2885 4249 2954 4288 ex
2982 4231 3092 4289 hoc
3114 4234 3400 4307 procedit,
3430 4236 3543 4293 erit

1881 4326 2133 4377 aeterna:
2168 4324 2225 4376 et
2252 4319 2363 4375 hoc
2393 4323 2505 4388 est,
2539 4342 2569 4371 «
2604 4321 2926 4377 confitebor
2966 4322 3153 4392 tibi»,
3186 4323 3243 4379 id
3275 4314 3384 4394 est,
3413 4323 3539 4381 lau-

1881 4410 2033 4466 dabo
2064 4412 2120 4464 te
2140 4425 2258 4463 non
2278 4411 2511 4464 tantum
2536 4408 2596 4464 in
2619 4409 2728 4465 hac
2748 4409 2864 4466 vita
2888 4410 2990 4467 sed
3015 4413 3193 4469 etiam
3221 4435 3249 4464 «
3279 4413 3340 4468 in
3374 4417 3541 4470 aeter-

1883 4516 2026 4556 num
2059 4521 2087 4549 »
2121 4504 2180 4555 et
2208 4498 2270 4555 in
2301 4514 2394 4553 me
2423 4501 2480 4554 et
2508 4496 2570 4554 in
2602 4498 2772 4554 meis.

2381 4621 2454 4678 IN
2488 4620 2838 4678 PSAL‘MUM
2876 4622 3036 4680 XXX.

2178 4733 2454 4787 Trruws.
2485 4733 2556 4786 In
2582 4730 2748 4801 ﬁnem
2771 4730 3020 4802 psalmus
3048 4731 3242 4787 David.

1957 4882 1985 4910 ‹‹
2022 4858 2084 4914 In
2110 4860 2185 4925 te,
2220 4854 2527 4911 Domine.»
2547 4853 2816 4910 Psalmus
2844 4852 2955 4911 iste
2985 4855 3256 4912 convenit
3282 4854 3539 4927 Christo,

1884 4948 1984 5020 qui
2016 4946 2295 5018 loquitur,
2329 4944 2423 4999 hic
2456 4962 2573 5000 non
2604 4946 2835 4999 tantum
2869 4960 2973 5016 pro
3003 4960 3084 5013 se,
3117 4946 3218 5000 sed
3251 4962 3355 5017 pro
3384 4963 3541 5001 mar-

1881 5037 2108 5111 tyribus
2138 5034 2263 5090 suis
2294 5034 2554 5106 dirigens
2581 5033 2641 5088 in
2675 5032 2940 5103 finem,id
2973 5038 3082 5101 est,
3100 5033 3161 5088 in
3193 5033 3491 5090 Christum
3523 5049 3539 5090 :

1883 5132 1939 5183 et
1972 5127 2067 5182 hic
2099 5129 2338 5180 notatur
2368 5122 2615 5178 intentio
2646 5123 2803 5177 sicut
2829 5126 2886 5178 et
2913 5121 2976 5176 in
3005 5122 3228 5178 caeteris
3273 5122 3540 5196 psalmis.

1884 5215 2188 5273 Materiam
2220 5214 2396 5270 habet
2426 5214 2486 5267 in
2518 5212 2627 5267 hoc
2659 5210 2891 5284 psalmo
2920 5212 3035 5267 duo
3066 5212 3358 5284 opposita,
3380 5212 3542 5268 auxi-

1885 5307 2030 5362 lium
2062 5305 2267 5360 divinee
2300 5302 2554 5375 pietatis,
2590 5306 2645 5357 et
2674 5301 2947 5357 humanis
2994 5300 3332 5374 fragilitatis
3363 5301 3545 5358 mise-

1885 5397 2034 5453 riam
2058 5400 2115 5450 et
2136 5395 2244 5449 hoc
2263 5391 2491 5465 psalmo
2513 5397 2632 5448 tres
2655 5394 2850 5464 partes
2871 5390 3143 5459 facimus,
3177 5395 3235 5447 et
3263 5392 3323 5447 in
3353 5390 3547 5464 prima

1884 5489 2048 5559 parte
2081 5483 2388 5539 attendens
2418 5479 2881 5536 misericordiam
2909 5479 3032 5549 Dei,
3052 5478 3199 5552 petit
3227 5497 3290 5536 se
3320 5483 3378 5536 et
3405 5496 3546 5537 suos

1886 5592 1988 5648 per
2018 5572 2276 5629 divinam
2309 5568 2838 5637 misericordiam,a
2867 5568 3120 5625 miseriis
3141 5585 3214 5624 ne
3247 5568 3544 5639 deﬁciant,

1884 5662 2141 5721 liberari.
2161 5666 2225 5716 In
2257 5659 2518 5716 secunda
2544 5663 2711 5731 parte
2738 5656 3007 5715 miserias
3035 5663 3364 5731 enumerat,
3397 5675 3547 5732 quas

1884 5755 2015 5830 ipse
2033 5756 2092 5813 et
2111 5750 2204 5810 sui
2232 5748 2632 5828 patiuntur.ln
2653 5746 2828 5808 tertia
2856 5763 2990 5807 vero
3020 5746 3188 5825 ponit
3213 5746 3549 5813 exsultatio-
3600 5792 3631 5811 κ
