3914 6380
333 413 452 478 295

744 412 1158 472 HAYMONIS
1191 411 1732 472 HALBERSTAT.
1768 408 2012 471 EPISC.
2045 407 2218 470 OPP.
2253 409 2480 470 PARS.
2515 409 2561 470 Ι.
2595 441 2674 454 —
2703 409 3109 474 COMMENT.
3145 409 3344 470 BIBL.

3637 407 3764 470 Ἡ

335 564 471 605 nem
503 562 621 603 sua:
651 543 1036 611 liberationis,
1067 546 1124 600 et
1152 543 1475 616 gratiarum
1509 543 1820 611 actionem,
1845 541 1990 598 invi-
2020 540 2078 608 Α
2109 558 2322 599 nomen
2355 543 2503 615 ejus,
2540 563 2563 592 α
2585 559 2760 616 quem
2792 543 3291 614 abseonderunt,»
3311 541 3370 598 id
3389 545 3496 610 est,
3511 540 3756 598 latenter

337 641 421 692 tat
452 636 628 691 etiam
663 633 808 689 alios
841 633 912 687 ad
945 632 1046 687 Dei
1081 632 1474 688 dilectionem.
1510 632 1768 688 Intendit
1798 636 1994 687 autem

334 724 602 782 homines
623 723 1031 788 admonere,ut
1053 738 1241 794 neque
1265 722 1594 792 desperent,
1630 721 1996 776 attendentes

334 830 473 871 suas
495 811 985 882 miserias,neque
1018 811 1364 882 superbiant
1385 811 1562 866 stulte
1587 811 1656 866 de
1678 810 1778 865 Dei
1814 809 1996 865 mise-

333 900 583 958 ricordia
603 903 1046 972 prmsumentes,
1068 903 1125 955 et
1156 900 1239 955 sic
1270 900 1670 968 manifeste,in
1702 900 1900 970 ﬁnem,
1935 899 1994 954 id

330 997 437 1057 est,
471 991 530 1046 in
562 987 862 1047 Christum
894 1005 1004 1044 nos
1035 988 1256 1062 dirigit.

400 1081 470 1136 Et
492 1077 993 1147 admonens,alios
1017 1078 1100 1133 sic
1123 1078 1265 1133 dicit
1288 1095 1301 1134 :
1329 1077 1518 1134 Nolite
1551 1093 1903 1151 praesumere
1924 1078 1993 1132 de

327 1168 625 1238 vobis,sed
658 1172 890 1240 sperate
921 1167 980 1222 in
1013 1165 1442 1235 Domino,sicut
1463 1171 1518 1222 et
1548 1184 1654 1240 ego
1684 1183 1991 1239 nunquam

329 1260 402 1315 de
431 1274 526 1314 me
556 1256 929 1331 praesumpsi,
965 1255 1067 1310 sed
1099 1277 1127 1304 «
1163 1255 1388 1327 speravi
1417 1272 1648 1327 semper
1677 1255 1737 1310 in
1769 1260 1845 1323 te,
1881 1255 1993 1310 Do-

329 1347 488 1404 mine
522 1368 549 1397 »
583 1345 740 1402 Deus
770 1359 963 1410 meus,
996 1347 1053 1398 et
1097 1343 1236 1414 quia
1285 1343 1512 1414 speravi
1543 1366 1570 1392 «
1597 1360 1713 1398 non
1745 1344 1992 1398 confun-

328 1438 435 1492 dar
458 1435 520 1490 in
551 1439 896 1488 aeternum.»
920 1431 1045 1486 Non
1079 1435 1255 1503 negat
1285 1431 1426 1504 quin
1459 1432 1718 1504 patiatur
1746 1431 1994 1487 exsulta-

326 1525 549 1580 tionem
581 1521 1088 1588 inimicorum,sed
1115 1519 1213 1574 illa
1233 1524 1430 1576 tamen
1464 1525 1679 1576 aeterna
1711 1538 1828 1576 non
1859 1520 1988 1576 erit:

329 1637 357 1664 «
391 1630 508 1669 non
530 1609 859 1668 confundar
888 1609 947 1664 in
979 1613 1283 1677 aeternum,
1304 1632 1330 1659 η
1363 1611 1464 1665 sed
1497 1609 1987 1683 potius,Domine,

328 1726 356 1753 ‹‹
393 1701 577 1757 libera
608 1716 701 1756 me
737 1721 764 1748 »
795 1704 852 1754 et
881 1715 1065 1766 meos,
1100 1715 1172 1753 ne
1204 1699 1443 1772 frangar
1497 1698 1752 1754 miseriis
1809 1699 1990 1769 hujus

326 1791 553 1859 mundi,
586 1794 644 1845 et
674 1789 784 1844 hoc
815 1811 842 1837 ‹‹
879 1788 938 1842 in
981 1787 1216 1859 justitia
1260 1792 1382 1855 tua,
1421 1810 1446 1837 υ
1479 1788 1618 1860 quia
1650 1787 1760 1844 hoc
1815 1786 1992 1861 exigit

317 1879 554 1954 justitia
584 1882 709 1945 tua,
743 1881 809 1932 ut
839 1880 1141 1948 sperantes
1171 1875 1232 1931 in
1266 1880 1322 1932 te
1354 1875 1612 1932 liberes:

393 1969 464 2024 Et
493 1967 634 2042 quia
659 1984 769 2022 vox
799 1982 932 2022 mea
960 1982 1076 2020 non
1100 1969 1299 2038 posset
1332 1966 1648 2022 ascendere
1681 1967 1751 2022 ad
1786 1970 1862 2034 te,
1897 1971 1984 2033 tu,

323 2058 588 2126 Domine,
622 2080 649 2107 «
676 2053 896 2111 inclina
927 2071 1128 2110 aurem
1158 2058 1345 2126 tuam,
1369 2077 1397 2104 »
1432 2054 1491 2110 id
1522 2059 1632 2125 est,
1660 2055 1987 2127 potentiam

322 2152 486 2203 tuam
521 2170 547 2195 ‹‹
573 2146 644 2200 ad
680 2144 910 2212 me,»id
945 2144 1131 2212 est,ad
1164 2143 1633 2199 subveniendum
1664 2144 1869 2214 mihi,«
1896 2145 1989 2199 in-

323 2237 498 2304 clina,
535 2257 562 2284 »
596 2235 654 2289 id
683 2238 790 2301 est,
823 2233 1094 2299 humilia,
1129 2233 1202 2288 ad
1232 2233 1602 2304 eripiendum
1642 2250 1734 2287 me
1765 2234 1836 2288 de
1876 2234 1986 2287 mi-

323 2323 491 2380 seriis
524 2322 673 2379 istis.
707 2323 836 2377 Ηίδο
868 2321 1170 2376 inclinatio
1203 2320 1554 2393 intelligitur
1583 2339 1712 2377 esse
1744 2321 1896 2377 facta
1925 2322 1984 2378 in

321 2414 453 2484 hoc,
473 2413 630 2486 quod
659 2412 903 2466 verbum
936 2410 1036 2464 Dei
1059 2410 1293 2465 unitum
1317 2414 1405 2465 est
1435 2410 1706 2466 humanae
1739 2417 1981 2481 naturas,

321 2506 378 2559 et
400 2503 529 2576 ipsa
554 2516 786 2572 semper
816 2499 1010 2555 durat.
1046 2498 1268 2554 Inclina
1299 2499 1451 2570 dico,
1485 2503 1542 2553 et
1574 2523 1601 2549 ‹‹
1636 2498 1914 2568 accelera,
1955 2523 1982 2550 ›ι

320 2591 379 2647 id
428 2595 541 2658 est,
569 2590 682 2646 cito
716 2591 804 2644 fac
835 2587 1034 2644 omnia
1067 2604 1430 2659 quaecunque
1462 2606 1564 2660 pro
1597 2606 1690 2644 me
1720 2590 1984 2646 tacturus

320 2699 403 2751 es,
466 2679 706 2746 scilicet,
761 2679 836 2733 da
889 2678 1207 2750 perfectam
1285 2679 1534 2733 formam
1593 2679 1821 2734 vivendi
1881 2697 1984 2751 per

319 2787 436 2839 me,
459 2769 787 2825 secundum
819 2767 1254 2822 humanitatem
1287 2784 1502 2822 meam.
1536 2768 1599 2823 In
1633 2773 1820 2823 morte
1852 2785 1984 2824 mea

317 2860 430 2915 cito
476 2858 696 2914 redime
741 2856 972 2912 animas
1019 2856 1090 2911 de
1120 2854 1378 2926 infirmo,
1412 2873 1483 2912 ne
1516 2857 1753 2913 differas
1786 2874 1980 2912 resur-

317 2947 634 3004 rectionem
664 2963 851 3019 usque
883 2946 943 3000 in
965 2962 1363 3001 communem.
1400 2970 1428 2996 «
1461 2946 1732 3002 Accelera
1766 2970 1794 2997 »
1829 2946 1976 3018 dico,

319 3060 346 3086 .‹
382 3040 466 3105 ut,
491 3053 664 3093 eruas
686 3052 803 3103 me,
828 3058 856 3085 ››
883 3039 953 3090 ut
980 3034 1129 3090 nihil
1159 3035 1417 3108 amplius
1447 3040 1849 3108 persecutores
1877 3054 1979 3092 no-

318 3144 446 3182 cere
476 3125 707 3181 valeant
737 3123 904 3192 mihi,
940 3141 1044 3180 nec
1077 3124 1222 3178 meis
1254 3125 1580 3196 praevalere.

387 3217 457 3272 Et
479 3213 734 3283 interim,
763 3214 820 3269 id
841 3218 950 3282 est,
974 3214 1113 3268 dum
1140 3212 1240 3268 illa
1270 3214 1612 3269 acceleratio
1634 3215 1764 3283 erit,
1799 3238 1826 3264 ‹‹
1852 3219 1980 3271 esto

2105 637 2460 703 paraverunt
2490 655 2515 682 «
2549 633 2692 688 mihi
2729 656 2756 682 ››
2791 649 2967 705 quem
3001 632 3230 688 nullum
3281 631 3423 687 latet
3470 635 3762 686 secretum

2105 722 2287 789 (Hebr.
2322 722 2421 794 1v).
2475 723 2626 779 Suos
2674 723 2948 778 similiter
2995 722 3167 794 eripit
3211 721 3366 777 Deus
3415 720 3485 776 de
3532 717 3754 792 laqueis

2105 810 2345 880 diaboli,
2381 811 2510 868 ideo
2563 813 2683 868 scio
2730 813 2870 884 quia
2917 812 3151 879 educes,
3183 833 3211 862 ‹‹
3261 809 3542 882 quoniam
3589 812 3652 863 tu
3692 823 3754 864 es

2105 904 2398 972 protector
2429 917 2598 958 meus
2631 925 2657 953 ››
2691 906 2749 958 et
2779 919 2894 956 non
2928 905 3123 974 potest
3163 898 3487 972 illaqueari,
3521 896 3620 970 qui
3667 901 3753 953 ta-

2102 985 2217 1043 lem
2249 989 2425 1044 habet
2453 994 2866 1061 protectorem.

2173 1076 2244 1131 Et
2259 1076 2396 1148 quia
2411 1098 2439 1127 «
2459 1093 2522 1132 es
2533 1081 2842 1149 protector,
2863 1097 2890 1127 »
2917 1076 3047 1132 ideo
3073 1099 3100 1127 ‹‹
3122 1075 3468 1132 commendo
3480 1073 3753 1148 spiritum

2103 1183 2328 1234 meum,
2364 1189 2384 1216 ν
2422 1167 2480 1223 id
2507 1171 2615 1235 est,
2650 1165 2909 1222 animam
2942 1182 3135 1222 meam
3171 1187 3200 1215 «
3233 1165 3292 1220 in
3324 1166 3700 1228 manustuas,
3721 1183 3748 1210 ιι

2102 1255 2161 1311 id
2175 1260 2283 1326 est,
2297 1256 2357 1311 in
2377 1260 2720 1328 poteslatcm
2740 1260 2926 1311 tuam.
2947 1277 2975 1306 «
2992 1255 3350 1312 Commendo
3367 1276 3395 1304 »
3419 1253 3578 1319 dicit,
3596 1246 3754 1307 sieut

2100 1345 2186 1400 illi
2219 1346 2312 1401 cui
2347 1345 2653 1400 familiaris
2686 1345 2818 1414 fuit,
2849 1350 2906 1400 et
2936 1344 3028 1400 cui
3060 1345 3206 1401 bene
3239 1343 3568 1401 confidebat
3597 1339 3752 1413 qnod

2102 1435 2387 1503 redderet,
2423 1439 2481 1489 et
2509 1438 2593 1502 tu,
2633 1456 2660 1485 ‹‹
2692 1433 2938 1489 Domine
2967 1434 3124 1488 Deus
3153 1432 3440 1502 veritatis(
3453 1427 3754 1487 redemisti

2101 1540 2215 1578 me.
2254 1546 2280 1572 ››
2315 1524 2638 1596 Redempta
2667 1526 2756 1578 est
2787 1523 2984 1578 anima
3014 1522 3230 1577 Christi
3263 1527 3320 1578 et
3350 1521 3621 1586 aliorum,
3653 1534 3756 1591 per

2099 1628 2268 1668 suam
2300 1616 2420 1667 tam
2451 1612 2766 1684 perfectam
2796 1610 3212 1666 obedientiam.

2170 1702 2241 1756 Et
2269 1701 2397 1756 ideo
2421 1701 2561 1773 quia
2576 1701 2731 1756 Deus
2754 1716 2816 1758 es
2838 1698 3097 1754 veritatis
3119 1723 3145 1749 ‹‹
3173 1697 3348 1754 odisti
3375 1697 3755 1753 observantes

2097 1790 2406 1860 vanitates,
2445 1814 2472 1840 »
2503 1790 2560 1845 id
2593 1795 2700 1860 est,
2735 1788 3087 1862 appetitores
3121 1788 3584 1843 mundanorum.
3606 1784 3756 1840 Vere

2097 1879 2221 1934 istae
2255 1896 2347 1934 res
2379 1880 2691 1934 mundanae
2720 1883 2859 1934 sunt
2899 1878 3206 1944 vanitates,
3242 1875 3383 1948 quia
3413 1899 3440 1925 α
3476 1890 3753 1946 superva-

2098 1986 2243 2024 cua}.
2276 1990 2304 2017 »
2336 1968 2545 2024 Vacuze
2586 1970 2746 2035 sunt,
2779 1983 2905 2039 quas
2954 1965 3102 2020 nihil
3152 1962 3426 2021 utilitatis
3456 1963 3750 2036 afferunt,

2097 2075 2490 2129 supervacuae,
2526 2056 2664 2128 quia
2693 2056 2871 2112 etiam
2904 2056 3188 2110 damnum
3221 2055 3494 2110 afferunt.

2169 2147 2306 2202 Illos
2329 2147 2526 2216 odisti,
2543 2170 2570 2195 «
2587 2162 2692 2218 ego
2707 2150 2901 2200 autem
2925 2145 3149 2216 speravi
3164 2143 3222 2198 in
3239 2141 3486 2199 Domino
3507 2165 3533 2191 »
3549 2141 3748 2199 etideo

2096 2260 2124 2286 ‹‹
2160 2236 2460 2293 exsultabo
2489 2259 2514 2284 »
2549 2235 2606 2289 in
2639 2251 2877 2307 corpore
2895 2256 2922 2284 ‹‹
2955 2238 3012 2289 et
3032 2232 3272 2288 laetabor
3295 2230 3394 2286 nin
3417 2231 3625 2305 spiritu
3643 2229 3748 2285 «in

2095 2325 2499 2382 misericordia
2537 2328 2641 2380 tua
2691 2347 2718 2374 ››
2770 2322 3015 2390 scilicet,
3067 2339 3183 2378 non
3237 2325 3465 2377 tantum
3512 2324 3750 2393 propter

2093 2415 2204 2470 hoc
2235 2415 2388 2487 quod
2423 2413 2670 2485 speravi.
2698 2412 2762 2467 In
2795 2411 2904 2467 hoc
2935 2412 3089 2484 quod
3119 2411 3263 2466 dicit
3291 2407 3750 2480 exsultare,quia

2093 2504 2367 2576 speravit,
2400 2506 2582 2570 notat,
2615 2501 2917 2556 veritatem
2950 2499 3072 2555 Dei.
3107 2500 3232 2555 Non
3263 2499 3422 2555 enim
3462 2497 3615 2553 Deus
3643 2513 3746 2552 ve-

2093 2592 2282 2648 ritatis
2314 2595 2486 2662 esset,
2522 2591 2635 2646 nisi
2667 2590 2995 2646 secundum
3023 2589 3211 2646 Deum
3243 2587 3588 2644 retribueret
3607 2601 3747 2659 spe-

2093 2681 2246 2736 ranti
2277 2681 2336 2735 in
2369 2697 2452 2735 se.

2163 2771 2314 2825 Bene
2345 2770 2498 2838 dico,
2521 2767 2661 2841 quia
2693 2767 2996 2824 exsultabo
3032 2784 3044 2823 :
3083 2789 3110 2817 ‹‹
3142 2764 3423 2839 quoniam
3441 2761 3746 2836 respexisti

2090 2859 2488 2915 humilitatem
2522 2874 2739 2926 meam,
2772 2880 2799 2907 ››
2834 2857 2891 2911 id
2924 2860 3035 2924 est,
3067 2856 3345 2912 misertus
3375 2871 3438 2910 es
3465 2871 3606 2910 mete
3628 2853 3745 2910 fra-

2089 2948 2337 3022 gilitatis
2369 2953 2426 3004 et
2458 2963 2724 3002 meorum
2754 2949 2810 3000 et
2842 2944 3200 3014 afﬂictionis,
3227 2960 3298 2999 ne
3331 2960 3365 2999 a
3390 2958 3744 3016 persequen-

2089 3038 2247 3094 tibus
2297 3053 2539 3109 superer
2587 3059 2614 3086 ‹‹
2651 3031 2889 3090 salvasti
2944 3033 3123 3089 etiam
3155 3032 3413 3088 animam
3447 3045 3639 3085 meam
3671 3029 3743 3088 de

2089 3125 2565 3193 necessitatibus,
2614 3146 2641 3173 »
2687 3122 2744 3178 id
2799 3127 2908 3190 est,
2963 3124 3034 3178 de
3082 3120 3357 3194 peccatis,
3407 3121 3478 3175 de
3525 3119 3740 3193 quibus

2089 3217 2289 3272 anima
2318 3214 2530 3271 Christi
2564 3212 2850 3269 immunis
2882 3212 3011 3280 fuit,
3046 3211 3255 3267 anima:
3289 3224 3530 3266 suorum
3559 3225 3592 3264 a
3621 3208 3739 3264 cri-

318 3304 463 3359 mihi
515 3303 573 3358 in
627 3304 813 3358 Deum
865 3307 1276 3375 protectorem,
1313 3325 1340 3352 »
1392 3304 1448 3358 id
1502 3308 1609 3372 est,
1645 3308 1764 3359 tam
1810 3304 1975 3358 fortis
2007 3288 2050 3356 (ἶ
2091 3305 2435 3373 minalibus,
2482 3303 2571 3359 vel
2622 3302 2671 3358 si
2720 3302 2812 3357 sui
2861 3301 3179 3357 habuerint
3227 3297 3577 3370 criminalia,
3621 3313 3734 3353 non

318 3397 630 3465 protector,
656 3408 835 3462 quam
865 3391 1054 3446 bonus
1076 3391 1228 3446 Deus
1251 3395 1414 3462 potes
1435 3409 1582 3460 esse,
1608 3410 1679 3448 ne
1708 3392 1978 3449 vulnerer

318 3479 940 3546 telisinimicorum,et
959 3483 1081 3534 esto
1103 3479 1247 3534 mihi
1280 3503 1305 3529 ‹‹
1342 3480 1400 3533 in
1433 3482 1673 3536 domum
1706 3482 1974 3554 refugii,»

318 3569 376 3624 id
391 3565 846 3637 est,securitatis
876 3567 936 3622 in
969 3585 1085 3640 qua
1117 3567 1417 3639 quiescam
1449 3569 1972 3641 ﬁnitislaboribus,

318 3661 378 3712 et
397 3656 535 3729 quia
554 3660 796 3730 possent
824 3655 979 3712 finiri
1025 3655 1255 3712 labores
1287 3658 1358 3712 ad
1392 3663 1646 3730 tempus,
1679 3665 1735 3716 et
1766 3659 1975 3716 reinei-

317 3749 541 3820 perent,
575 3746 742 3801 addit
769 3769 796 3796 «
831 3750 897 3801 ut
941 3744 1169 3801 salvum
1220 3762 1313 3802 me
1369 3747 1569 3815 facias,
1607 3772 1635 3799 »
1669 3750 1727 3804 id
1749 3753 1855 3816 est,
1891 3749 1974 3806 sic

317 3835 398 3891 sis
419 3834 563 3889 mihi
589 3834 992 3907 refugium,ne
1017 3835 1263 3891 ulterius
1296 3835 1492 3892 labore
1523 3837 1719 3910 aliquo
1749 3839 1973 3896 valeam

315 3924 572 3980 excitari.

386 4012 519 4070 Ideo
549 4017 681 4085 peto
704 4017 769 4069 ut
790 4013 872 4071 sis
900 4014 1042 4070 mihi
1066 4019 1362 4087 protector
1391 4020 1446 4072 et
1468 4017 1818 4092 refugium,«
1836 4036 1976 4092 quo-

314 4101 473 4158 niam
510 4125 537 4152 »
568 4107 633 4158 tu
684 4103 844 4160 solus
896 4121 958 4159 es
993 4126 1020 4154 ‹‹
1053 4105 1330 4162 fortitudo
1380 4123 1528 4176 mea,
1563 4130 1590 4159 »
1625 4126 1742 4180 qua
1783 4126 1888 4182 ego
1919 4112 1976 4164 et

313 4191 427 4247 mei
447 4191 746 4264 possimus
769 4196 973 4248 contra
1003 4199 1399 4266 repugnantes
1420 4195 1775 4266 resistere,et
1795 4198 1972 4254 etiam

311 4303 340 4331 ‹‹
374 4284 439 4335 tu
470 4297 534 4336 es
567 4280 860 4353 refugium
894 4298 1115 4350 meum,
1153 4305 1180 4331 ››
1213 4282 1271 4337 id
1304 4288 1411 4351 est,
1447 4287 1732 4342 securitas
1765 4287 1826 4342 in
1857 4305 1976 4360 qua

311 4367 691 4443 quiescamus
714 4372 770 4424 et
791 4386 896 4441 ego
919 4375 975 4426 et
995 4369 1132 4426 mei.
1157 4371 1312 4429 Deus
1342 4374 1454 4429 fuit
1483 4375 1775 4448 refugium
1807 4377 1972 4432 Chri-

310 4463 401 4514 sto
445 4458 507 4515 in
555 4459 1002 4528 resurrectione,
1040 4461 1166 4517 suis
1199 4463 1484 4519 membris
1531 4469 1622 4520 est
1655 4465 1972 4538 refugium,

308 4565 445 4604 cum
469 4548 607 4603 facit
629 4565 729 4604 eos
751 4565 991 4605 securos
1015 4567 1118 4622 per
1137 4557 1510 4607 sacramenta
1539 4553 1830 4622 Ecclesiae,
1855 4556 1974 4610 sci-

2085 3399 2413 3452 nocuerunt
2471 3393 2575 3449 eis.
2627 3391 3016 3458 Necessitates
3067 3393 3304 3463 peccata
3351 3387 3638 3455 nominat,
3678 3390 3735 3441 et

2085 3487 2222 3560 quia
2270 3482 2634 3540 inevitabiles
2684 3486 2825 3538 sunt
2874 3481 3234 3551 hominibus,
3269 3483 3324 3534 et
3363 3477 3502 3550 quia
3533 3491 3732 3532 necem

2083 3579 2338 3648 portant.

2157 3665 2225 3720 Et
2255 3663 2395 3736 quia
2417 3661 2678 3730 salvasti,
2695 3662 2823 3716 ideo
2847 3684 2874 3710 ‹‹
2895 3676 3013 3715 non
3036 3656 3374 3714 conclusisti
3400 3671 3491 3712 me
3514 3655 3573 3710 in
3613 3671 3734 3711 ma-

2087 3772 2198 3810 nus
2231 3753 2476 3821 inimici,
2515 3776 2542 3801 »
2575 3752 2633 3806 id
2674 3755 2782 3816 est,
2833 3752 3119 3822 potestate
3159 3746 3394 3803 diaboli.
3429 3747 3493 3801 In
3527 3749 3737 3801 manus

2085 3842 2309 3898 inimici
2340 3841 2655 3898 conclusus
2685 3844 2858 3907 esset,
2896 3838 2947 3894 si
2976 3837 3138 3893 nullo
3166 3837 3339 3892 modo
3373 3835 3445 3891 ab
3478 3835 3606 3905 ejus
3639 3851 3740 3907 po-

2082 3937 2292 3988 testate
2325 3931 2520 4003 egredi
2555 3932 2772 4002 posset,
2790 3928 2892 3984 sed
2914 3927 3110 3998 potius
3138 3948 3164 3975 »
3189 3924 3468 3992 statuisti,
3487 3945 3514 3972 »
3540 3924 3599 3978 id
3628 3927 3734 3990 est,

2083 4022 2332 4077 firmiter
2358 4019 2607 4093 posuisti
2642 4041 2670 4068 «
2703 4017 2880 4090 pedes
2912 4032 3096 4084 meos,
3117 4038 3144 4064 »
3176 4015 3233 4070 id
3266 4017 3376 4082 est,
3408 4011 3739 4069 affectiones

2084 4128 2246 4167 meas
2277 4133 2305 4160 ‹‹
2340 4109 2399 4163 in
2434 4107 2693 4179 spatioso
2726 4104 2850 4160 loco
2885 4126 2913 4153 »
2948 4105 3028 4159 ita
3057 4107 3123 4158 ut
3165 4102 3292 4158 sine
3333 4099 3530 4173 aliqua
3559 4099 3736 4154 offen-

2083 4201 2247 4257 sione
2278 4198 2501 4272 possim
2535 4196 2822 4262 incedere,
2857 4193 3012 4249 sicut
3041 4191 3257 4264 aliquis
3289 4191 3348 4246 in
3380 4188 3634 4263 spatioso
3666 4186 3737 4242 li-

2082 4291 2219 4346 bere
2249 4287 2471 4343 incedit
2501 4285 2657 4358 quod
2688 4283 2831 4339 vult.
2863 4282 2967 4337 Vel
2999 4299 3103 4354 per
3141 4281 3336 4336 locum
3386 4277 3734 4351 spatiosum,

2082 4378 2431 4435 charitatem
2461 4374 2883 4448 intelligamus,
2918 4371 2977 4427 in
3013 4388 3132 4444 qua
3166 4369 3440 4426 Christus
3468 4365 3740 4423 lateam-

2081 4467 2324 4537 bulavit,
2359 4470 2418 4522 et
2444 4463 2536 4520 sui
2569 4469 2627 4518 et
2658 4479 2794 4519 cum
2826 4461 3093 4535 proximo
3125 4476 3253 4516 suo.

2153 4558 2258 4612 Hic
2292 4554 2501 4626 incipit
2529 4552 2790 4610 secunda
2819 4568 2954 4624 pars
2980 4550 3052 4605 de
3083 4545 3521 4604 enumeratione
3562 4543 3737 4600 mise-

310 4637 446 4692 licet
474 4654 578 4709 per
627 4655 839 4710 corpus
871 4637 1107 4731 Christi,
1139 4657 1242 4711 per
1270 4641 1584 4731 orationes,
1616 4647 1725 4698 etc.
1759 4644 1829 4698 Et
1855 4662 1971 4700 non
2001 4666 2048 4731 D
2083 4647 2304 4704 riarum
2318 4638 2955 4715 humanaefragilitatis.
2975 4639 3292 4711 Postquam
3309 4633 3736 4693 dixitseessein

308 4731 544 4782 tantum
575 4731 870 4798 protector
898 4727 1012 4784 eris
1044 4733 1101 4784 et
1131 4729 1446 4802 refugium,
1483 4732 1583 4786 sed
1607 4732 1785 4788 etiam
1815 4756 1842 4782 ‹‹
1872 4734 1970 4788 de-

308 4817 488 4871 duces
517 4832 611 4871 me
649 4821 707 4872 et
745 4817 1004 4872 enutries
1054 4835 1168 4886 me,
1205 4839 1233 4867 ››
1258 4819 1315 4873 id
1348 4824 1456 4889 est,
1491 4820 1550 4874 in
1582 4821 1819 4895 propria
1849 4839 1974 4895 per-

307 4921 454 4961 sona
481 4905 770 4961 deductus
796 4910 885 4961 est
929 4906 1218 4974 Christus,
1253 4924 1384 4963 cum
1421 4909 1495 4964 ad
1528 4927 1734 4966 omnes
1765 4916 1970 4984 gentes

307 5010 412 5066 per
433 4994 904 5065 praedicationem
926 4995 1326 5067 apostolorum
1349 5015 1562 5056 nomen
1581 5018 1756 5056 suum
1779 5007 1972 5057 exten-

307 5097 441 5137 sum
465 5082 952 5151 est,deducuntur
969 5083 1061 5140 sui
1078 5101 1182 5156 per
1198 5085 1601 5142 dilatationem
1620 5089 1971 5160 famm,sicut

307 5170 514 5226 Petrus
534 5170 813 5227 dilatatus
838 5172 947 5226 fuit
967 5189 1070 5244 per
1090 5178 1281 5228 totum
1306 5176 1967 5236 mundum.Christusin

306 5259 543 5332 propria
565 5277 814 5331 persona
837 5261 1094 5317 nutritus
1116 5263 1356 5330 erat,sui
1372 5264 1714 5321 nutriuntur
1733 5272 1980 5339 quando,

307 5348 378 5403 de
399 5348 610 5405 virtute
639 5349 699 5405 in
731 5350 1008 5405 virtutem
1045 5351 1372 5407 redduntur
1403 5370 1415 5409 :
1452 5357 1509 5410 et
1537 5354 1646 5411 hoc
1680 5363 1969 5430 «propter

307 5453 520 5494 nomen
551 5443 722 5495 tuum
759 5462 786 5489 ››
819 5439 1211 5497 dilatandum.

378 5527 531 5582 Bene
562 5527 745 5596 dico,«
764 5529 1015 5586 deduces
1048 5546 1140 5584 me
1166 5553 1193 5580 »
1217 5529 1276 5585 in
1297 5533 1713 5605 cognitionem,
1736 5537 1874 5609 quia
1903 5543 1967 5595 tu

309 5633 337 5698 ξ(
369 5613 584 5670 educes
614 5617 685 5672 de
715 5615 949 5689 laqueo,
973 5641 1000 5668 »
1025 5619 1083 5673 id
1115 5623 1223 5687 est,
1247 5620 1320 5676 de
1351 5626 1558 5694 morte,
1590 5640 1719 5698 quae
1751 5627 1968 5684 dicitur

308 5696 604 5776 laqueus:
652 5704 792 5778 quia
837 5721 942 5779 per
990 5711 1238 5765 mortem
1285 5696 1638 5784 putaverunt
1681 5715 1967 5791 impedire

2081 4736 2341 4810 spatioso
2355 4734 2479 4789 loco
2494 4750 2598 4805 per
2610 4729 3073 4788 misericordiam
3087 4727 3210 4796 Dei,
3226 4727 3442 4782 timens
3455 4728 3650 4779 tamen
3667 4722 3737 4776 de

2082 4809 2192 4883 sua
2213 4824 2551 4897 tragilitate,
2566 4819 2967 4877 enumerando
2999 4815 3272 4874 miserias
3302 4831 3464 4881 suas,
3478 4809 3737 4884 postulat

2081 4914 2370 4982 misereri,
2398 4912 2481 4968 sic
2513 4911 2753 4967 dicens:
2789 4932 2816 4960 «
2853 4910 2896 4964 Ο
2928 4907 3175 4964 Domine
3205 4905 3481 4962 miserere
3501 4900 3612 4957 mei
3635 4922 3663 4950 »
3679 4903 3738 4956 et

2079 5021 2228 5077 opus
2260 5008 2350 5058 est
2382 5025 2410 5052 ‹‹
2445 5005 2726 5072 quoniam
2759 4996 3011 5053 tribulor
3039 5019 3070 5046 ››
3101 5001 3159 5053 et
3187 4995 3379 5067 ipsam
3405 4988 3733 5047 tribulatio-

2079 5111 2214 5150 nem
2247 5086 2956 5164 aggravat,scilicet,talis
2982 5090 3073 5142 est
3098 5085 3199 5141 illa
3219 5081 3544 5152 tribulatio,
3576 5077 3732 5150 quod

2079 5201 2148 5239 ex
2177 5199 2245 5238 ea
2275 5204 2303 5231 «
2336 5178 2564 5247 oculus,
2601 5200 2629 5227 ››
2661 5177 2722 5232 id
2753 5174 3208 5244 est,intellectus
3243 5189 3411 5230 meus
3443 5193 3471 5222 «
3496 5173 3733 5226 contur-

2079 5273 2252 5328 batus
2283 5275 2372 5326 est
2397 5270 2456 5324 in
2487 5269 2596 5337 ira,
2629 5289 2649 5318 ι
2686 5267 2745 5323 id
2779 5271 2885 5334 est,
2912 5267 2971 5321 in
3003 5283 3176 5337 pcena
3204 5263 3368 5320 illata
3399 5261 3472 5319 ab
3501 5259 3584 5317 eis
3615 5282 3643 5308 (ί
3677 5260 3734 5313 et

2079 5361 2278 5418 anima
2307 5376 2460 5426 mea,
2489 5380 2516 5407 »
2549 5357 2606 5412 id
2639 5361 2750 5424 est,
2782 5355 3119 5410 animalitas
3158 5371 3291 5409 mea
3323 5370 3337 5408 :
3373 5375 3401 5403 «
3435 5354 3491 5406 et
3535 5351 3737 5405 venter

2079 5467 2267 5522 meus,
2305 5471 2331 5499 »
2365 5448 2422 5504 ib
2456 5450 2563 5516 est,
2597 5445 2884 5501 memoria
2917 5459 3069 5516 mea,
3101 5461 3228 5516 qua
3259 5441 3389 5498 ideo
3413 5443 3615 5497 venter
3645 5436 3731 5492 di-

2078 5538 2406 5613 citur,quia
2438 5539 2592 5593 sicut
2623 5537 2682 5592 in
2713 5540 2912 5593 ventre
2943 5551 3089 5592 escae
3121 5534 3538 5599 reconduntur,
3569 5529 3649 5584 ita
3670 5529 3730 5584 in

2078 5631 2365 5688 memoria
2393 5627 2594 5684 abdita
2624 5627 3024 5683 reconduntur
3050 5628 3110 5682 et
3132 5627 3420 5682 secreta.«
3434 5620 3732 5678 Turbatus

2075 5726 2166 5780 est
2214 5743 2244 5773 »
2293 5718 2564 5795 quamvis
2615 5720 2808 5775 certus
2856 5720 3014 5775 esset
3058 5715 3130 5773 de
3177 5709 3570 5791 promissione
3599 5723 3729 5782 qua
