3914 6386
170 448 286 510 ειςη

1349 443 1846 506 EXPLANA-TIO
1892 443 1974 503 ΙΝ
2017 446 2398 510 PSALMOS.

3471 453 3589 514 298

173 579 390 643 dixerat
419 595 434 634 :
462 599 491 627 «
530 576 856 634 Clariﬁcavi
914 583 972 634 et
1018 579 1231 634 iterum
1281 577 1613 634 clariﬁcabo
1644 578 1819 644 (Joan.
1851 575 1906 642 Α
1935 576 2074 646 divi,
2106 600 2133 626 »
2165 580 2223 634 id
2255 585 2368 658 cst,
2417 580 2709 654 patienter
2757 581 3015 637 sustinui
3040 605 3066 631 ‹‹
3100 583 3586 655 vituperationem

171 668 305 740 xu):
332 687 358 717 »
394 684 512 722 non
561 667 643 721 ita
692 667 976 724 debemus
1025 667 1347 739 intelligere
1379 668 1593 722 Christi
1624 667 1824 736 vitam,

171 756 284 812 sive
335 756 682 812 memoriam
740 775 868 812 esse
931 759 1249 825 turbatam,
1288 761 1355 812 ut
1407 757 1603 828 aliquo
1655 757 1827 810 modo

172 844 456 914 deﬁceret,
508 845 610 900 sed
661 850 867 916 sponte
926 847 1265 901 conturbari
1323 845 1527 912 voluit,
1577 849 1641 900 ut
1697 843 1828 899 aliis

171 933 498 1006 exemplum
529 933 906 1007 relinqueret,
942 951 1015 991 ne
1050 934 1100 990 si
1133 936 1536 1001 turbarentur,
1563 935 1830 1005 despera-

171 1027 319 1078 rent.

236 1112 377 1168 Ecce
408 1111 725 1185 praemissae
774 1112 1177 1170 tribulationis
1224 1118 1419 1186 partes
1464 1111 1823 1185 exsequitur.

170 1202 310 1258 Vere
339 1200 610 1268 tribulor,
638 1224 665 1251 ‹‹
700 1200 981 1273 quoniam
1011 1202 1129 1257 vita
1162 1220 1291 1258 mea
1323 1226 1349 1252 »
1382 1202 1667 1258 hactenus
1698 1204 1829 1256 acta
1868 1192 1870 1195 ’

173 1311 200 1340 ‹‹
224 1289 284 1346 in
317 1289 513 1346 dolore
561 1291 810 1358 deﬁciet,
835 1313 864 1342 »
899 1291 959 1346 in
1011 1296 1196 1347 morte
1231 1310 1242 1347 :
1279 1296 1335 1348 et
1374 1291 1515 1364 quia
1561 1291 1678 1344 vita
1727 1289 1830 1344 illa

170 1384 361 1454 posset
393 1395 523 1435 esse
553 1382 682 1434 acta
713 1379 771 1434 in
805 1379 1002 1436 dolore
1049 1398 1152 1452 per
1182 1397 1369 1435 unum
1419 1380 1574 1435 diem
1603 1378 1691 1433 vel
1725 1395 1829 1450 per

171 1469 332 1540 duos,
358 1469 515 1540 quod
549 1485 663 1523 non
685 1469 981 1524 videretur
1013 1485 1319 1541 magnum,
1343 1468 1507 1523 addit
1530 1486 1576 1523 :u
1607 1471 1664 1522 et
1686 1466 1824 1522 anni

172 1558 353 1628 mei,»
380 1557 440 1614 id
473 1561 582 1628 est,
612 1557 733 1612 vita
779 1573 910 1613 mea
961 1556 1166 1612 multis
1198 1558 1368 1613 annis
1398 1562 1527 1612 acta
1557 1578 1583 1604 «
1619 1555 1677 1610 in
1728 1571 1824 1627 ge-

171 1647 408 1704 mitibus
443 1668 470 1696 »
505 1646 736 1702 deﬁciet
766 1646 826 1701 in
874 1650 1081 1702 morte.
1117 1647 1197 1702 De
1228 1641 1583 1718 quibusdam
1634 1661 1826 1699 mem-

171 1737 288 1794 bris
323 1735 562 1792 Christi
623 1739 816 1807 potest
874 1735 1019 1803 dici,
1083 1736 1221 1808 quia
1291 1735 1409 1789 vita
1467 1751 1668 1790 eorum
1725 1749 1828 1805 per

170 1825 384 1882 multos
418 1825 531 1881 fuit
561 1842 751 1880 annos
778 1824 838 1879 in
883 1825 1101 1893 dolore,
1137 1824 1308 1880 sicuti
1343 1825 1412 1879 de
1447 1823 1622 1877 Paulo
1654 1826 1710 1877 et
1741 1821 1824 1876 si-

170 1915 429 1986 milibus,
461 1916 534 1970 de
567 1914 927 1986 quibusdem
957 1931 1091 1970 vero
1123 1913 1276 1984 aliis,
1303 1913 1442 1985 quia
1472 1913 1590 1967 vita
1621 1927 1825 1967 eorum
1856 1947 1904 2012 Β

169 2004 374 2062 defecit
403 2005 466 2060 in
505 2003 703 2060 dolore
748 2003 928 2074 brevi,
964 2007 1029 2058 ut
1074 2004 1146 2058 de
1195 2001 1504 2074 Hippolyto
1553 2004 1610 2056 et
1656 1999 1826 2055 simi-

169 2093 340 2150 libus.

235 2183 370 2239 Vita
390 2183 604 2239 defecit
629 2182 690 2238 in
719 2182 940 2253 dolore,
963 2187 1019 2238 et
1050 2182 1275 2257 etiame
1311 2180 1499 2237 virtus
1531 2195 1683 2244 mea,
1711 2201 1738 2226 »
1764 2176 1822 2230 id

169 2277 256 2330 est
272 2274 494 2343 anima,
520 2272 871 2328 «inﬁrmata
891 2276 982 2328 est
1003 2272 1062 2326 in
1087 2275 1432 2344 paupertate
1455 2293 1480 2318 υ
1511 2273 1566 2324 ct
1596 2269 1655 2322 in
1687 2283 1826 2322 con-

169 2362 519 2418 sideratione
543 2379 682 2418 mea:
704 2361 1029 2434 parvitatis,
1047 2361 1185 2433 quia
1207 2360 1352 2416 nihil
1383 2360 1569 2414 habeo
1601 2375 1668 2413 ex
1699 2372 1820 2422 me;

173 2471 200 2503 α
227 2455 283 2508 et
327 2469 466 2516 ossa
494 2468 645 2519 mea,
671 2473 700 2501 »
723 2450 781 2505 id
830 2455 938 2518 est,
971 2450 1229 2522 corporis
1259 2449 1373 2504 mei
1423 2449 1650 2513 robora,
1686 2447 1825 2502 sunt

170 2540 268 2607 ita,
293 2544 359 2596 ut
388 2539 732 2612 quicunque
760 2543 969 2612 putent
991 2556 1084 2595 me
1103 2539 1341 2610 aliquod
1376 2538 1555 2592 robur
1583 2535 1819 2599 habere,

170 2644 270 2701 ego
300 2628 452 2684 nihil
479 2633 621 2700 puto
652 2645 722 2683 ex
746 2645 841 2684 me
870 2629 1105 2684 habere.
1129 2628 1275 2683 Cum
1298 2627 1566 2682 Christus
1589 2623 1732 2681 dicit
1761 2637 1823 2679 se

172 2735 296 2774 esse
326 2717 633 2773 inﬁrmum
666 2722 723 2773 et
752 2718 812 2772 in
845 2735 1083 2789 corpore
1113 2721 1168 2772 et
1197 2717 1257 2771 in
1290 2717 1508 2782 anima,
1532 2729 1766 2768 omnem
1791 2728 1825 2766 a

175 2823 234 2870 se
253 2807 592 2880 superbiam
615 2811 900 2862 remotam
922 2805 1269 2874 ostendit,et
1289 2805 1444 2876 quod
1471 2802 1686 2874 aliquis
1710 2817 1824 2856 non

175 2897 344 2954 debet
375 2897 447 2953 de
480 2915 542 2954 se
572 2911 947 2968 praesumere.

237 2987 407 3043 Ponit
429 2986 570 3041 item
596 2984 742 3040 alias
774 2983 1064 3050 miserias,
1091 2983 1292 3038 dicens
1320 3000 1368 3037 :«
1395 2983 1607 3036 Factus
1638 2995 1769 3035 sum
1797 3001 1830 3028 »

169 3075 344 3132 etiam
378 3097 406 3124 «
440 3073 824 3145 opprobrium
856 3088 1036 3143 super
1065 3071 1336 3126 inimicos
1372 3086 1600 3136 meos,»
1623 3068 1681 3122 id
1715 3070 1823 3134 est,

169 3163 298 3236 plus
322 3167 504 3236 quam
533 3160 760 3216 inimici
789 3160 927 3230 mei,
952 3176 1086 3215 cum
1108 3159 1221 3230 ipsi
1243 3157 1405 3231 digni
1434 3160 1631 3212 essent
1660 3160 1824 3211 tanto

168 3251 500 3326 opprobrio,
517 3275 544 3301 ‹‹
568 3255 625 3307 et
645 3251 836 3306 factus
855 3267 986 3306 sum
1008 3249 1175 3304 valde
1195 3249 1370 3303 timor
1388 3246 1594 3304 vicinis
1617 3245 1824 3313 meis,»

1939 670 2422 724 eommorautiam
2481 671 2539 725 in
2594 671 2866 742 circuitu,
2897 694 2924 721 »
2954 671 3012 726 id
3063 675 3170 740 est,
3213 670 3272 726 in
3323 672 3590 728 exteriori

1939 771 2088 822 meo,
2121 757 2259 828 quia
2299 776 2414 813 non
2466 761 2895 831 cognoscebant
2926 779 3019 817 me
3069 778 3196 817 esse
3247 762 3454 818 Deum.
3485 760 3591 817 Vel

1940 866 1968 893 «
2003 847 2520 915 commorantium,
2548 847 2608 903 in
2654 849 2973 920 circuitu,»
2999 849 3057 904 id
3097 854 3203 920 est,
3239 851 3297 905 in
3331 850 3592 924 appetitu

1940 934 2399 1003 mundanorum,
2428 951 2558 1009 quas
2607 954 2838 1009 semper
2881 943 3021 994 sunt
3049 939 3106 993 in
3141 939 3385 995 circuitu
3413 957 3425 995 :
3452 941 3593 1013 quia

1938 1021 1998 1076 in
2030 1022 2114 1078 eis
2147 1022 2377 1078 nullum
2411 1028 2587 1096 caput
2635 1030 2742 1094 est,
2780 1026 2978 1083 nullus
3023 1028 3177 1084 ﬁnis.
3202 1027 3305 1084 Vel
3328 1052 3354 1079 «
3389 1029 3448 1084 in
3477 1029 3589 1085 cir-

1939 1111 2124 1179 cuitu,
2156 1134 2182 1160 »
2205 1113 2263 1166 id
2294 1117 2400 1181 est,
2436 1112 2495 1167 in
2526 1113 2721 1187 aliquo
2752 1131 2963 1171 errore.

2009 1223 2037 1250 «
2074 1202 2138 1255 In
2169 1219 2236 1257 ea
2261 1223 2288 1249 »
2322 1202 2571 1257 circuitu
2603 1225 2630 1253 «
2663 1205 2805 1259 dum
2837 1205 3212 1262 convenirent
3234 1229 3261 1256 »
3283 1207 3343 1262 in
3375 1207 3588 1263 cmlum

1938 1310 1965 1338 «
1996 1289 2305 1345 adversum
2339 1307 2432 1346 me
2463 1289 2659 1360 simul,
2687 1315 2715 1341 »
2744 1292 2802 1347 id
2833 1296 2921 1350 est
2952 1295 3327 1366 unanimiter,
3351 1319 3379 1346 «
3404 1298 3590 1352 consi-

1936 1375 2060 1432 liati
2094 1383 2234 1433 sunt
2266 1379 2529 1451 accipere
2558 1381 2819 1436 animam
2861 1399 3053 1439 meam
3079 1406 3106 1433 »
3138 1383 3196 1440 id
3229 1390 3338 1454 est,
3361 1385 3585 1442 tollere.

1935 1466 2038 1522 Vel
2071 1490 2098 1517 «
2131 1466 2192 1522 in
2231 1485 2297 1524 co
2343 1473 2482 1524 sunt
2530 1470 2844 1538 consiliati,
2893 1475 2958 1526 ut
3010 1471 3282 1529 tollerent
3330 1475 3600 1531 animam-

1936 1571 2130 1612 meam
2159 1579 2186 1606 »
2218 1560 2274 1613 ct
2304 1557 2424 1613 haec
2455 1561 2544 1614 est
2573 1557 2688 1614 alia
2717 1559 3026 1616 translatio
3057 1578 3069 1616 :

2008 1646 2124 1717 Ipsi
2158 1651 2296 1701 sunt
2326 1646 2644 1703 consiliati.
2673 1672 2700 1698 «
2724 1649 2842 1721 Ego
2883 1652 3079 1705 autem
3126 1651 3186 1706 in
3233 1655 3290 1706 te
3340 1654 3600 1728 speravi,,

1935 1734 2201 1803 Domine,
2231 1758 2258 1784 »
2281 1736 2418 1807 quia
2451 1736 2710 1792 sciebam
2742 1737 2864 1792 haec
2894 1738 3094 1794 omnia
3114 1740 3239 1795 fieri
3266 1743 3368 1797 tua
3399 1741 3594 1815 dispo-

1936 1821 2166 1889 sitione,
2187 1828 2241 1877 et
2264 1848 2290 1870 ‹‹
2327 1823 2442 1877 dixi
2473 1847 2499 1871 »
2524 1824 2628 1878 tibi
2648 1824 3063 1882 deliberatione
3084 1827 3276 1883 cordis
3300 1847 3312 1884 :
3341 1852 3368 1878 «
3393 1831 3592 1888 Sortes

1935 1929 2135 1979 meae,»
2161 1911 2218 1966 id
2253 1917 2340 1967 est
2369 1917 2609 1968 eventus
2636 1913 2770 1981 mei,
2801 1918 2940 1970 sunt
2965 1938 2990 1964 »
3011 1914 3071 1970 in
3103 1917 3378 1974 manibus
3409 1919 3587 1989 tuis,»

1936 2000 1991 2054 id
2025 2005 2113 2056 est
2143 2001 2202 2056 in
2235 1996 2519 2073 potestate
2560 2005 2680 2057 tua.
2709 2003 2813 2058 Per
2841 2008 3029 2060 sortes
3061 2004 3187 2061 ideo
3220 2011 3460 2064 eventus
3492 2026 3587 2064 ac—

1935 2089 2207 2162 cipimus,
2230 2092 2367 2162 quia
2398 2091 2522 2147 sine
2562 2090 2823 2148 humana
2853 2093 3236 2166 dispositione
3265 2111 3369 2167 per
3399 2097 3586 2154 solam

1935 2179 2034 2235 Dei
2070 2180 2514 2253 dispositionem
2549 2181 2844 2238 eveniunt.

2006 2269 2074 2324 Et
2105 2270 2233 2325 ideo
2253 2293 2279 2319 ‹‹
2313 2271 2470 2342 eripe
2499 2287 2592 2326 me
2617 2271 2688 2327 de
2721 2288 2958 2340 manu,»
2982 2272 3039 2328 id
3063 2278 3172 2344 est,
3199 2275 3269 2330 de
3301 2279 3590 2346 potestate

1936 2381 1963 2408 «
2006 2359 2380 2414 inimicorum
2421 2376 2688 2415 meorum
2732 2383 2759 2408 »
2801 2359 3187 2433 illorum,qui
3229 2363 3449 2420 habent
3497 2381 3590 2423 me

1933 2448 2087 2514 odio,
2115 2469 2142 2497 «
2173 2453 2229 2503 et
2260 2465 2292 2504 a
2321 2449 2812 2520 persequentibus
2843 2467 2957 2522 me,
2980 2473 3006 2500 »
3038 2449 3095 2506 id
3129 2456 3236 2524 est,
3270 2452 3342 2510 ab
3375 2454 3460 2512 eis
3490 2454 3590 2528 qui

1931 2535 2193 2591 inferunt
2223 2536 2367 2592 mihi
2400 2537 2576 2594 mala.

2003 2626 2172 2698 Eripe
2204 2643 2297 2681 me
2319 2630 2374 2682 et
2395 2650 2422 2676 «
2451 2626 2682 2682 illustra
2708 2650 2735 2676 »
2760 2627 2904 2681 mihi
2929 2652 2955 2677 ‹‹
2977 2629 3184 2684 faciem
3217 2635 3382 2687 tuam
3415 2650 3592 2707 super

1931 2733 2024 2771 me
2056 2733 2289 2770 servum
2337 2719 2507 2770 tuum
2531 2738 2558 2764 »
2592 2719 2647 2771 et
2677 2733 2839 2770 meos
2873 2733 2886 2770 :
2920 2716 3030 2772 hoc
3072 2718 3214 2773 dicit
3243 2737 3346 2791 per
3375 2721 3586 2779 simile.

1933 2805 2078 2860 Nam
2115 2805 2267 2860 sicut
2294 2822 2429 2859 cum
2459 2803 2672 2876 aliquis
2694 2805 2970 2860 dominus
3001 2808 3259 2863 ostendit
3288 2826 3452 2872 servo
3483 2827 3592 2870 suo

1935 2893 2145 2949 faciem
2176 2909 2344 2949 suam
2367 2892 2609 2961 claram,
2629 2892 2728 2948 alii
2759 2893 2978 2949 habent
3007 2911 3143 2950 eum
3167 2895 3228 2951 in
3251 2898 3473 2969 majore
3493 2899 3594 2956 bo-

1936 2997 2074 3036 norc
2103 2999 2114 3037 :
2147 2981 2229 3036 sic
2252 2981 2520 3037 Christus
2549 2980 2660 3035 fuit
2691 2980 2749 3034 in
2783 2982 3006 3052 majore
3047 2983 3286 3054 honore,
3311 3001 3446 3042 cum
3478 2988 3590 3044 Do-

1936 3071 2134 3126 minus
2165 3070 2216 3126 ei
2245 3069 2501 3126 ostendit
2531 3069 2740 3124 faciem
2772 3087 2940 3125 suam
2972 3086 3108 3127 eum
3142 3074 3549 3136 resuscitando
3575 3095 3588 3135 :

1937 3184 1964 3210 «
1989 3159 2278 3225 illustra,»
2305 3157 2528 3214 scilicet
2543 3181 2572 3208 ‹‹
2596 3157 2823 3214 salvum
2847 3175 2939 3214 me
2961 3159 3096 3216 fac»
3121 3165 3178 3216 et
3197 3161 3306 3220 hoc
3331 3180 3448 3220 non
3471 3182 3592 3222 me-

1935 3249 2044 3304 rito
2068 3266 2218 3316 meo,
2243 3248 2342 3303 sed
2368 3271 2395 3297 ‹‹
2420 3247 2479 3302 in
2501 3245 2905 3302 misericordia
2929 3253 3053 3318 tua,
3072 3250 3340 3318 Domine,
3368 3275 3395 3303 »
3421 3254 3503 3314 ita
3525 3260 3593 3312 ut

169 3340 228 3396 in
253 3347 361 3413 est,
395 3357 577 3397 causa
621 3339 874 3406 timoris,
907 3339 1048 3411 quia
1074 3338 1336 3393 videntes
1385 3353 1520 3393 eum
1569 3335 1719 3390 tradi
1759 3333 1819 3388 in
1852 3314 1908 3382 Gl
1934 3362 1961 3389 ‹‹
1997 3356 2113 3393 non
2141 3336 2486 3405 confundar,
2514 3359 2542 3386 »
2564 3341 2774 3391 etcum
2807 3337 3211 3404 misericordia
3231 3337 3595 3413 ponit'meri-

168 3436 436 3498 mortem,
458 3428 1048 3486 timuerunt.Vicinos
1070 3432 1236 3483 vocat
1257 3427 1387 3483 illos
1410 3426 1511 3498 qui
1540 3425 1675 3481 licet
1705 3441 1822 3479 non

169 3524 364 3576 essent
394 3518 668 3592 discipuli
692 3518 947 3586 Domini,
975 3521 1171 3572 tamen
1194 3517 1549 3572 accedebant
1568 3519 1633 3569 ut
1662 3514 1824 3570 audi-

169 3613 295 3664 rent
323 3624 498 3665 eum:
530 3632 557 3659 ‹‹
592 3611 650 3663 et
677 3608 834 3663 notis
866 3607 1036 3675 meis,
1060 3629 1090 3656 »
1115 3606 1172 3660 id
1204 3609 1310 3674 est,
1337 3605 1482 3677 ipsis
1514 3601 1820 3675 discipulis

170 3697 360 3754 meis«
395 3697 586 3754 factus
618 3714 753 3753 sum
783 3697 1017 3752 timor.»
1041 3695 1170 3754 Sive
1202 3695 1282 3750 ita
1311 3694 1580 3766 legitur.«
1609 3694 1820 3748 Factus

168 3800 294 3841 sum
326 3786 708 3860 opprobrium
737 3785 904 3841 valde
922 3784 1132 3841 vicinis
1163 3783 1309 3840 meis
1341 3799 1519 3854 super
1548 3781 1820 3837 inimicos

168 3887 344 3945 meos,
370 3898 400 3925 »
433 3876 492 3944 id
525 3879 632 3944 est,
668 3874 802 3947 plus
844 3874 1183 3930 habuerunt
1213 3891 1306 3929 me
1334 3871 1510 3928 vicini
1559 3871 1674 3927 mei
1723 3888 1820 3943 op-

167 3963 393 4032 probrio
426 3981 607 4037 quam
649 3964 873 4019 inimici
906 3988 934 4015 (ι
969 3967 1027 4019 et
1053 3964 1232 4019 timor
1270 3963 1461 4018 factus
1500 3978 1632 4016 sum
1664 3962 1817 4016 notis

166 4052 324 4108 meis.
350 4076 378 4104 »
399 4053 533 4109 Alia
556 4053 864 4109 translatio
910 4053 1106 4122 habet,
1142 4052 1300 4124 apud
1349 4051 1621 4106 inimicos
1656 4067 1668 4106 :
1703 4049 1816 4104 sci-

162 4135 310 4206 licet,
337 4141 564 4198 inimici
588 4143 922 4198 habuerunt
942 4159 1036 4198 me
1061 4141 1394 4214 opprobrio.
1411 4141 1553 4195 Item
1577 4139 1693 4194 alia
1714 4138 1819 4193 mi-

164 4228 328 4297 seria,
360 4235 417 4288 et
443 4231 625 4287 etiam
656 4230 744 4286 illi
775 4255 805 4282 «
837 4232 938 4304 qui
979 4231 1255 4288 videbant
1293 4246 1453 4297 me,»
1485 4229 1544 4284 id
1576 4231 1686 4295 est,
1715 4227 1816 4298 qui

165 4322 591 4390 cognoscebant
611 4337 705 4376 me
725 4321 913 4377 Deum
934 4338 1062 4377 esse
1074 4344 1102 4371 ‹‹
1129 4322 1404 4393 fugerunt
1427 4335 1460 4373 a
1481 4334 1574 4372 me
1601 4317 1812 4383 foras,»

165 4403 220 4461 id
249 4411 354 4477 est,
386 4409 516 4465 sola
552 4409 839 4466 exteriora
886 4409 946 4465 in
996 4426 1090 4464 me
1121 4411 1536 4478 cognoverunt,
1570 4405 1813 4474 scilicet,

164 4508 252 4552 me
279 4498 472 4555 solum
505 4497 805 4555 hominem
857 4497 1122 4555 arbitrati
1172 4500 1333 4552 sunt.
1369 4495 1532 4552 Unde
1563 4498 1619 4551 et
1648 4494 1700 4550 ei
1733 4512 1819 4551 re-

161 4585 435 4644 suscitato
469 4587 587 4643 duo
619 4586 894 4660 discipuli
919 4587 1190 4643 dixerunt
1221 4603 1234 4641 :
1261 4609 1288 4636 «
1313 4585 1430 4641 Nos
1460 4585 1816 4658 putabamus

1931 3432 2080 3496 tum,
2105 3444 2286 3500 quare
2315 3441 2450 3482 eum
2498 3424 2726 3481 salvum
2759 3425 2952 3497 faciat,
2994 3427 3197 3486 subdit
3221 3445 3271 3485 ;‹‹
3307 3432 3588 3503 quoniam

1931 3516 2193 3573 invocavi
2223 3519 2300 3571 te.
2329 3537 2357 3565 »

2002 3607 2120 3679 Ego
2143 3621 2258 3662 non
2294 3604 2688 3676 confundar,«
2713 3604 2880 3678 impii
2919 3610 3117 3663 autem
3159 3609 3529 3681 erubescant,
3557 3635 3585 3662 »

1929 3695 1987 3751 id
2021 3700 2129 3761 est,
2157 3693 2536 3751 confusibilcs
2566 3699 2906 3766 appareant,
2941 3700 2998 3751 et
3025 3698 3488 3760 verecundantes
3520 3701 3590 3757 de

1928 3784 2186 3856 peccatis
2217 3784 2343 3840 suis
2371 3807 2399 3834 «
2424 3785 2794 3839 deducantur
2822 3788 2879 3839 et
2907 3783 3203 3840 infernum
3231 3809 3259 3835 »
3281 3789 3593 3846 materiali-

1926 3878 2035 3944 ter,
2069 3878 2126 3930 et
2156 3897 2182 3924 ‹‹
2215 3872 2373 3929 labia
2400 3872 2621 3940 dolosa,
2650 3895 2676 3921 »
2697 3872 2759 3927 id
2801 3876 2909 3940 est,
2941 3873 3027 3927 illi
3078 3874 3177 3945 qui
3228 3876 3401 3932 modo
3451 3882 3604 3940 sunt

1928 3963 2150 4037 garruli
2186 3969 2243 4019 et
2287 3962 2471 4018 dolosi
2505 3985 2533 4012 ‹‹
2567 3963 2711 4017 fiant
2745 3963 2893 4018 muti
2926 3984 2954 4011 »
2989 3967 3305 4034 postquam
3338 3967 3587 4026 ad'infc-

1928 4071 2024 4109 ros
2055 4053 2446 4108 deducuntur.

2001 4166 2027 4192 ‹‹
2062 4144 2196 4207 Quae
2219 4163 2246 4191 ››
2284 4139 2440 4195 labia
2463 4161 2490 4188 »
2513 4139 2838 4211 loquuntur
2867 4140 3243 4213 iniquitatem
3276 4145 3596 4204 adversum;

1927 4248 2020 4287 me
2043 4231 2278 4301 justum
2311 4228 2370 4283 in
2403 4228 2679 4300 superbia
2705 4251 2732 4280 »
2766 4234 2969 4287 contra
2998 4236 3092 4287 me
3115 4233 3349 4303 justum
3377 4251 3588 4307 super-

1926 4320 2096 4376 biunt
2119 4339 2146 4369 «
2177 4321 2234 4374 et
2263 4317 2322 4372 in
2363 4316 2647 4373 abusione
2673 4340 2700 4366 »
2728 4317 2867 4390 quia
2904 4319 3016 4392 ipsi
3056 4320 3451 4380 abutebantur
3481 4323 3590 4379 do-

1927 4410 2116 4467 ctrina
2146 4411 2296 4482 ejus,
2324 4409 2686 4482 negligentcs
2721 4427 2872 4468 eam.
2903 4413 2974 4468 Et
3003 4411 3119 4470 alia
3149 4414 3454 4471 translatio
3479 4431 3492 4470 :
3528 4413 3587 4470 in

1927 4498 2205 4572 snperbia
2233 4503 2290 4554 et
2321 4498 2380 4553 in
2414 4501 2776 4570 contemptu.

2004 4587 2216 4660 Incipit
2230 4586 2400 4643 tertia
2417 4604 2573 4660 pars,
2589 4587 2649 4641 in
2669 4604 2786 4659 qua
2801 4589 3040 4660 ponitur
3056 4589 3364 4648 exsultatio
3384 4590 3591 4650 libera-

163 4671 294 4742 quia
319 4674 444 4747 ipse
470 4680 629 4732 esset
658 4677 1076 4748 redempturus
1108 4674 1284 4731 Israel
1309 4675 1458 4747 (Luc.
1484 4673 1659 4745 xxxv).
1682 4673 1816 4728 »νει
1846 4687 1898 4753 D
1927 4677 2130 4745 tionis,
2154 4679 2210 4731 et
2239 4675 2562 4747 gratiarum
2593 4674 2766 4744 actio,
2793 4679 2850 4730 et
2879 4674 3142 4731 invitatio
3194 4677 3266 4731 ad
3297 4677 3399 4733 Dei
3438 4678 3588 4734 dile-

160 4756 256 4829 ita,
281 4785 306 4813 «
342 4763 427 4820 illi
457 4765 562 4837 qui
586 4764 862 4822 videbant
891 4782 984 4821 me
1009 4787 1037 4814 »
1060 4764 1142 4820 ita
1163 4763 1399 4820 tractari
1423 4787 1450 4814 ‹‹
1481 4763 1758 4836 fugerunt
1779 4780 1812 4819 a

161 4863 252 4907 me
293 4852 448 4910 foras
481 4875 510 4905 »
546 4857 611 4910 ut
640 4871 823 4926 supra
852 4871 866 4910 :
901 4857 960 4910 et
988 4854 1164 4909 etiam
1200 4876 1227 4902 «
1260 4852 1435 4907 datus
1479 4868 1612 4907 sum
1662 4851 1808 4907 obli-

158 4934 304 4995 vioni
336 4958 370 4996 a
398 4942 573 4998 corde
599 4964 629 4992 »
649 4940 887 4998 illorum
905 4963 934 4992 ‹‹
966 4945 1250 5012 tanquam
1270 4961 1298 4988 »
1325 4937 1572 5010 quilibet
1594 4961 1620 4988 ‹‹
1648 4955 1808 4992 mor-

160 5026 358 5084 tuus.»
382 5030 541 5087 Hanc
576 5030 933 5087 sententiam
968 5029 1312 5101 comprobat
1341 5026 1442 5082 illa
1481 5025 1806 5095 translatio,

163 5128 281 5184 quae
337 5117 531 5187 habet,
577 5119 766 5175 excidi
814 5137 850 5175 a
893 5119 1086 5175 corde.
1119 5117 1222 5172 Vel
1257 5141 1284 5168 ‹‹
1319 5121 1606 5188 tanquam
1655 5132 1810 5171 mor-

162 5204 294 5261 tuus
322 5223 355 5262 a
383 5210 577 5279 corde,
607 5232 636 5259 »
661 5208 721 5265 id
752 5213 864 5275 est,
889 5207 1136 5280 quilibet
1165 5210 1455 5278 peccator,
1485 5206 1656 5276 cujus
1688 5222 1808 5274 cor,

163 5288 220 5346 id
247 5299 332 5352 est
359 5298 530 5368 ratio,
563 5316 684 5356 uon
712 5299 894 5356 vivit:
924 5301 982 5354 et
1012 5297 1133 5354 haec
1178 5295 1469 5353 sententia
1498 5294 1680 5351 currit
1707 5311 1811 5366 per

166 5395 414 5457 campos.

228 5472 366 5531 Item
394 5477 507 5534 alia
536 5479 780 5537 miseria
811 5497 823 5538 :
851 5502 879 5531 ‹‹
905 5481 1120 5537 Factus
1151 5493 1283 5534 sum
1314 5477 1491 5533 etiam
1522 5480 1808 5547 tanquam

160 5575 255 5618 vas
283 5567 595 5638 perditum,
623 5593 651 5619 »
686 5569 828 5642 quia
859 5571 1012 5626 sicut
1049 5587 1152 5626 vas
1191 5569 1442 5625 fractum
1475 5583 1590 5622 non
1619 5569 1810 5637 potest

161 5645 440 5724 liquorem
465 5658 736 5728 retinere,
771 5659 855 5716 sic
897 5676 1004 5715 nec
1041 5675 1147 5732 ego
1180 5675 1342 5714 meos
1373 5654 1669 5729 apostolos
1701 5672 1714 5710 :
1751 5659 1809 5711 et

161 5745 629 5816 Pmpter‘bocxme
649 5747 827 5805 vilem
848 5747 1214 5819 habuerunt;
1235 5771 1264 5804 ‹‹
1287 5746 1568 5822 quoniam
1585 5759 1694 5818 ego
1709 5741 1810 5802 au-

478 5874 756 5941 Paeon.
803 5875 1012 5943 CXVI.

1921 4769 2163 4825 tionem.
2187 4763 2600 4820 Continuatio:
2635 4763 2911 4819 Miserere
2949 4764 3221 4820 humana:
3253 4765 3598 4839 fragilitatis.

1919 4875 2047 4930 quae
2079 4861 2203 4910 tam
2235 4853 2424 4908 multa
2452 4857 2560 4921 est,
2586 4853 2686 4908 sed
2731 4852 3136 4910 misericordia
3161 4858 3284 4927 tua,
3317 4855 3584 4927 Domine,

1918 4950 2006 5002 est
2031 4948 2234 5000 contra
2263 4943 2466 4997 omnia
2492 4960 2504 4998 :
2529 4941 2774 4997 Domine
2797 4965 2824 4992 «
2851 4959 3028 5015 quam
3050 4959 3268 5016 magna
3297 4948 3385 5000 est
3417 4945 3588 5001 mise-

1920 5033 2174 5090 ricordia
2205 5031 2533 5086 dulcedinis
2565 5036 2736 5100 tute,»
2762 5031 2820 5087 id
2853 5035 2960 5100 est,
2989 5032 3430 5102 beneﬁciorum,
3456 5050 3592 5106 qua).

1921 5122 2118 5179 dulcia
2139 5125 2278 5177 sunt
2299 5121 2735 5194 gustantibus,«
2757 5137 2939 5192 quam
2962 5143 2990 5171 »
3016 5120 3386 5178 dulcedinem
3409 5145 3436 5173 ‹‹
3459 5124 3588 5181 abs-

1922 5211 2178 5269 condisti
2198 5234 2226 5263 »
2255 5212 2325 5266 ab
2350 5210 2777 5283 appetitoribus
2801 5211 3259 5280 mundanorum,
3284 5228 3584 5270 reservan-

1923 5303 1997 5358 dc
2031 5318 2160 5357 eam
2193 5323 2221 5350 ‹‹
2254 5298 2599 5355 timentibus
2633 5303 2710 5366 te,
2736 5321 2762 5349 »
2785 5299 2846 5355 id
2888 5304 2998 5369 est,
3036 5301 3107 5356 ad
3138 5317 3287 5375 opus
3313 5305 3484 5361 tuum
3509 5301 3584 5358 tis

1923 5391 2218 5446 mentium
2250 5392 2328 5444 te.

1992 5480 2061 5535 Et
2091 5477 2252 5534 illam
2277 5477 2647 5533 dulcedinem
2672 5501 2698 5528 ι(
2724 5477 3076 5551 perfecisti,»
3104 5479 3164 5538 id
3185 5483 3274 5537 est
3316 5481 3583 5556 perﬁcies

1920 5569 1978 5625 in
2012 5592 2040 5618 «
2075 5567 2159 5624 eis
2191 5566 2292 5639 qui
2323 5572 2563 5639 sperant
2593 5567 2652 5622 in
2699 5573 2776 5639 te,
2803 5590 2831 5618 »
2865 5573 2924 5625 et
2953 5568 3064 5630 hoc
3108 5570 3418 5627 manifesto
3449 5572 3594 5643 erit,

1918 5658 2146 5716 scilicet
2175 5680 2202 5706 ‹‹
2239 5656 2299 5713 in
2332 5660 2652 5740 conspectu
2699 5655 2958 5715 ﬁliorum
2990 5658 3357 5732 hominum,»
3380 5660 3440 5719 id
3470 5645 3596 5734 est,

1917 5747 2584 5808 carnalium.Videbunt
2604 5747 2764 5805 enim
2792 5747 2933 5807 mali
2966 5748 3027 5808 in
3059 5750 3362 5808 communi
3393 5766 3614 5813 resur-v

3184 5877 3267 5939 10
