3914 6384
307 414 428 477 299

737 413 1145 475 HAYMONIS
1176 408 1720 472 HALBERSTAT.
1753 403 2002 470 EPISC.
2035 406 2206 468 OPP.
2238 404 2442 467 PARS
2473 403 2521 465 Ι.
2554 437 2635 450 -
2662 403 3068 469 COMMENT.
3101 404 3304 467 BIBL.

3611 402 3757 467 300

308 548 568 606 rectione
595 546 844 620 gloriam
876 544 1160 611 ﬁdelium,
1194 543 1415 598 scilicet
1436 542 1736 596 Christum
1770 557 1967 595 ascen-
1993 528 2051 609 λ
2080 539 2251 593 modo
2274 537 2604 593 conculcari
2629 538 2951 607 veritatem,
2974 543 3169 594 tamen
3190 538 3252 593 in
3273 537 3399 594 suis
3423 561 3451 589 «
3474 538 3761 611 requiret

308 639 547 695 dentem
580 653 714 692 cum
742 634 890 702 suis,
912 638 968 689 et
990 637 1130 688 tunc
1152 632 1387 687 tolletur
1417 630 1657 703 impius,
1684 646 1755 685 ne
1776 630 1971 684 videat
2076 628 2401 697 veritatem,
2426 632 2483 683 et
2504 629 2788 684 retribuet
2814 652 2842 679 ››
2866 646 3098 701 poenam
3126 652 3153 678 «
3177 629 3505 684 facentibus
3538 645 3759 701 super-

308 726 558 802 gloriam
589 725 713 782 Dei.
737 722 840 779 Vel
868 746 895 774 ‹‹
915 722 1183 795 perﬁcies
1204 721 1289 777 eis
1320 722 1419 793 qui
1451 723 1732 793 superant
1760 719 1820 774 in
1853 722 1968 786 te,»

309 816 511 888 itaque
558 814 949 869 conﬁteantur
996 815 1053 867 te
1106 812 1155 867 si
1206 828 1354 883 opus
1404 810 1481 866 sit
1502 833 1531 860 ‹‹
1559 809 1621 865 in
1653 811 1970 879 conspectu

309 904 590 971 ﬁliorum,
614 924 643 952 »
676 902 735 957 id
765 905 855 958 est
884 900 1254 956 saecularium
1283 899 1640 971 principum.

381 993 544 1049 Hanc
574 994 772 1048 autem
801 989 1172 1046 dulcedinem
1204 988 1410 1060 incipit
1437 988 1593 1043 Deus
1626 988 1764 1043 dare
1796 984 1976 1041 ﬁdeli-

2078 719 2298 786 hiam,»
2320 722 2377 773 et
2405 717 2515 773 hoc
2544 735 2661 774 non
2692 718 2940 787 modice,
2964 719 3067 774 sed
3092 739 3121 768 «
3148 718 3535 774 abundanter.
3562 740 3590 768 ››

2152 807 2257 863 Hie
2288 806 2453 879 ponit
2482 807 2920 863 conclusionem
2952 807 3133 863 totius
3162 805 3395 879 psalmi.
3416 806 3756 862 Continua-

2079 896 2200 953 tio:
2227 895 2512 962 Quoniam
2545 896 2670 968 ipse
2702 895 2961 968 requiret
2988 895 3317 963 veritatem,
3340 895 3468 951 ideo
3493 919 3520 946 «
3552 894 3759 950 virili-

2081 989 2173 1040 ter
2202 985 2382 1057 agite;
2415 990 2473 1041 et
2501 986 2549 1041 si
2583 986 2642 1040 in
2692 1002 2933 1058 corpore
2962 989 3052 1041 est
3097 985 3412 1040 infirmitas
3442 984 3531 1041 vel
3560 984 3761 1041 lassi-

310 1082 426 1139 bus
446 1081 509 1137 in
529 1081 641 1137 hac
660 1080 800 1147 vita,
821 1084 879 1135 et
904 1078 1147 1151 perfecit
1176 1078 1236 1133 in
1268 1077 1402 1145 alia,
1427 1081 1486 1133 et
1516 1081 1829 1147 utramque
1850 1091 1978 1147 par-
2084 1075 2249 1145 tudo,
2281 1091 2381 1130 cor
2407 1078 2668 1131 vestrum
2700 1075 3075 1130 confortetur.
3098 1073 3361 1130 Viriliter
3388 1074 3562 1147 agite,
3586 1074 3759 1146 dico,

312 1176 434 1230 tem
456 1170 815 1243 exsequitur,
840 1168 1143 1224 meliorem
1167 1184 1271 1239 pro
1293 1166 1582 1239 dignitate
1607 1180 1973 1238 praeponens.

314 1259 695 1320 Continuatio
716 1274 729 1314 :
750 1257 1022 1313 Perﬁcies
1043 1256 1206 1312 illam
1223 1255 1596 1312 dulcedinem
1615 1254 1855 1320 sanctis,
1872 1251 1979 1307 sci-

313 1351 454 1408 licet
474 1373 503 1401 ‹‹
536 1348 862 1406 abscondes
912 1362 1031 1414 eos,
1062 1368 1088 1394 »
1112 1346 1169 1401 id
1209 1349 1316 1413 est,
1341 1345 1424 1401 ita
1464 1342 1796 1410 collocabis,
1821 1340 1976 1414 quod

316 1439 521 1499 nullus
562 1436 777 1512 poterit
806 1453 906 1492 eos
936 1434 1310 1491 conturbare.
1335 1429 1673 1489 Absconde's
1706 1430 1835 1486 dico
1856 1453 1883 1479 «
1918 1430 1979 1485 in

319 1526 666 1588 abscondito
688 1524 857 1582 faciei
878 1529 1048 1593 tum,»
1075 1522 1302 1579 scilicet
1322 1522 1474 1577 inter
1505 1520 1742 1594 angelos
1764 1519 1864 1575 ubi
1897 1518 1981 1574 fa-

2086 1186 2113 1214 «
2148 1180 2354 1220 omnes
2381 1162 2483 1236 qui
2514 1162 2766 1236 speratis
2797 1163 2857 1218 in
2889 1163 3159 1219 Domino.
3187 1186 3214 1213 ››

2570 1289 2643 1345 ΙΝ
2684 1288 3033 1346 PSALMUM
3072 1288 3259 1345 XXXI.

2482 1397 2736 1453 TrrULUS
2772 1414 2784 1451 :
2818 1397 3123 1454 Intellch
3158 1397 3349 1454 David.

2163 1521 2321 1577 Beati
2352 1538 2626 1594 quorum.
2654 1545 2680 1571 »
2704 1521 2975 1580 Psalmus
3024 1524 3135 1579 iste
3184 1522 3423 1596 exponit
3451 1523 3621 1580 nobis
3649 1522 3765 1579 in-

320 1619 440 1676 cies
461 1622 584 1685 tua,
610 1616 669 1671 id
697 1619 806 1684 est,
833 1613 1087 1686 cognitio
1111 1617 1234 1681 tua,
1258 1616 1347 1668 est
1375 1611 1723 1668 abscondita
1743 1609 1983 1681 quidem
2090 1609 2391 1666 tellectum
2422 1611 2604 1667 David
2628 1627 2762 1667 vere
2791 1612 3149 1684 paenitentis.
3174 1612 3418 1669 Materia
3445 1616 3532 1669 est
3561 1612 3769 1668 David

319 1704 664 1764 hominibus
696 1702 870 1759 modo
915 1701 975 1755 in
1025 1716 1199 1756 carne
1237 1699 1586 1767 viventibus,
1619 1702 1677 1754 et
1723 1714 1827 1770 per
1873 1696 1985 1752 hoc

323 1798 579 1853 remotos
613 1815 640 1843 «
676 1809 710 1849 a
739 1789 1184 1847 conturbatione
1215 1789 1546 1845 hominum.
1573 1809 1601 1838 n

395 1885 467 1940 Et
495 1900 568 1939 ne
598 1880 812 1954 aliquis
834 1880 1053 1935 diceret
1077 1895 1089 1932 ί
1116 1877 1255 1944 Quis
1278 1880 1508 1934 tantum
1532 1879 1865 1948 exspectare
1889 1891 1985 1947 po-

326 1975 481 2031 test?
507 1970 673 2045 ponit
697 1972 1043 2042 prmsentem
1066 1965 1547 2023 consolationem.
1571 1965 1944 2021 Continuatio
1971 1981 1983 2019 :

326 2063 466 2119 Post
504 2058 990 2117 resurrectionem
1049 2055 1375 2112 abscondes
1421 2072 1521 2111 eos
1569 2054 1629 2109 in
1677 2052 1991 2126 praesentia

327 2156 453 2219 tua,
479 2154 537 2206 et
567 2148 804 2204 interim
828 2170 855 2196 «
882 2149 1151 2218 proteges
1183 2162 1281 2200 eos
1314 2144 1372 2198 in
1405 2142 1782 2199 tabernaculo
1810 2146 1931 2211 tuo,
1958 2164 1989 2192 »

329 2240 391 2295 id
423 2241 531 2306 est,
563 2236 624 2292 in
669 2234 939 2308 praesenti
981 2233 1260 2303 Ecclesia,
1300 2234 1361 2289 in
1401 2250 1519 2306 qua
1556 2232 1658 2288 Dei
1699 2230 1990 2287 malitiam

330 2343 688 2394 exercemus,
716 2348 743 2374 ‹‹
768 2344 799 2381 a
833 2323 1276 2379 conturbatione
1306 2322 1665 2396 linguarum,
1690 2342 1718 2371 ››
1745 2319 1987 2388 scilicet,

332 2433 407 2473 ne
436 2414 653 2489 lingua;
682 2412 1088 2469 haereticorum
1121 2412 1591 2468 contradicentes
1618 2408 1870 2477 veritati,
1891 2425 1990 2464 va—

331 2506 493 2562 leant
522 2521 622 2561 eos
653 2502 766 2559 sibi
796 2502 1188 2574 incorporare.

403 2595 476 2651 Et
505 2594 645 2667 quia
672 2597 758 2649 tot
789 2592 943 2648 bona
974 2591 1111 2646 facit
1140 2591 1448 2658 Dominus,
1472 2588 1602 2644 ideo
1635 2588 1712 2643 sit
1745 2610 1773 2637 «
1809 2587 1991 2642 bene-

332 2684 549 2753 dictus,
578 2706 606 2733 »
636 2682 695 2738 id
746 2684 853 2750 est,
905 2679 1195 2736 exaltatus
1252 2696 1431 2752 super
1477 2694 1682 2732 omnes
1737 2678 1990 2748 gentes:

332 2796 362 2825 ‹‹
397 2772 676 2846 quoniam
726 2770 1078 2838 miriﬁcavit,
1106 2791 1132 2817 ››
1158 2768 1216 2824 id
1246 2772 1354 2839 est,
1377 2765 1710 2823 mirabilem
1739 2762 1996 2820 ostendit

335 2860 802 2919 misericordiam
823 2875 996 2916 suam
1015 2881 1041 2907 «
1064 2856 1393 2913 conﬁtendo
1410 2855 1532 2909 haec
1549 2853 1826 2927 praedicta
1841 2852 1996 2907 dona

332 2952 394 3008 in
441 2951 675 3007 civitate
732 2948 985 3016 munita,
1013 2969 1041 2997 ››
1066 2946 1126 3001 id
1181 2948 1290 3013 est,
1327 2944 1388 2999 in
1446 2943 1667 2999 sanctis
1714 2942 1859 3010 suis,
1893 2939 1996 3013 qui

335 3040 617 3098 dicuntur
636 3037 1011 3111 civitas,quia
1027 3038 1169 3092 sunt
1184 3032 1356 3089 multi
1377 3049 1390 3087 :
1412 3036 1471 3119 et
1491 3031 1739 3101 munita,
1760 3034 1999 3105 propter

335 3129 557 3188 multas
583 3128 832 3186 virtutes
861 3125 1081 3199 quibus
1112 3121 1369 3180 roborati
1401 3126 1562 3178 sunt.
1583 3121 1687 3177 Vel
1719 3119 1887 3177 aliter
1915 3136 2001 3176 se-

334 3220 599 3276 cundum
630 3217 1053 3289 Hieronymum
1079 3232 1127 3271 :«
1154 3212 1504 3270 Benedictus
1535 3209 1997 3283 Deus,quoniam

2094 1699 2378 1773 propheta
2419 1699 2730 1772 paenitens,
2763 1700 2851 1756 vel
2903 1701 3241 1774 quicunque
3270 1718 3403 1757 vero
3449 1699 3769 1757 intellectu

2094 1788 2404 1860 pcenitens.
2436 1789 2570 1862 Agit
2616 1790 2686 1845 de
2738 1789 2867 1861 ipso
2916 1790 3000 1845 sic
3036 1807 3048 1846 :
3090 1791 3191 1862 qui
3241 1807 3377 1847 cum
3424 1790 3773 1863 ignorasset

2097 1882 2231 1933 ante
2278 1883 2515 1950 peccata
2572 1896 2699 1947 sua,
2745 1880 2873 1951 jam
2924 1881 3309 1953 recognoscit.
3344 1879 3513 1936 Ponit
3562 1879 3771 1952 ipsius

2097 1965 2273 2022 etiam
2306 1968 2757 2036 conlessionem,
2780 1967 2987 2024 deinde
3010 1968 3167 2023 illius
3193 1968 3583 2025 confessionis
3602 1984 3775 2024 com-

2099 2056 2559 2112 mendationem.
2595 2056 2659 2111 In
2692 2059 2899 2127 quarta
2925 2058 3087 2125 parte
3117 2053 3283 2125 ponit
3303 2054 3606 2112 Christum
3631 2072 3777 2129 pro-

2100 2144 2428 2200 mittentem
2446 2144 2617 2216 plura
2634 2144 2787 2199 bona
2804 2142 3145 2213 hujusmodi
3163 2141 3489 2215 pmnitenti.
3506 2144 3771 2202 Intentio

2099 2237 2209 2301 est,
2230 2250 2336 2287 nos
2359 2234 2427 2288 ad
2437 2247 2674 2287 mouere
2690 2232 2763 2287 ad
2785 2229 3153 2286 intellectum
3175 2230 3519 2303 hujusmodi
3536 2234 3777 2291 contes-

2100 2338 2304 2377 SlODlS.
3631 2372 3637 2377 ,

2173 2409 2443 2480 Loquens
2473 2408 2584 2465 iste
2621 2407 2930 2480 paenitens,
2964 2408 3085 2478 iam
3135 2407 3194 2462 in
3245 2406 3436 2479 prima
3480 2412 3648 2481 parte
3701 2424 3776 2465 se

2102 2497 2359 2553 ostendit
2408 2502 2647 2570 peccata
2698 2513 3068 2570 cognoscere,
3114 2513 3250 2552 cum
3299 2496 3543 2553 dicit:«
3596 2496 3774 2553 Beati

2101 2603 2355 2659 quorum
2385 2587 2751 2660 iniquitates,
2781 2610 2809 2637 »
2837 2586 2897 2641 id
2927 2590 3034 2656 est,
3060 2586 3256 2643 carnis
3284 2586 3583 2644 naturales
3612 2602 3774 2660 sug-

2102 2676 2396 2750 gestiones
2418 2700 2446 2726 «
2481 2677 2741 2733 remissae
2793 2681 2991 2745 sunt,»
3019 2676 3078 2731 id
3111 2680 3220 2745 est,
3254 2674 3569 2732 debilitatae
3619 2679 3776 2733 sunt

2103 2765 2165 2821 in
2186 2765 2498 2837 baptismo,
2525 2766 2608 2821 ita
2630 2766 2785 2837 quod
2808 2764 2946 2820 licet
2970 2765 3043 2821 ad
3071 2765 3435 2838 peccandum
3455 2764 3772 2838 instigent,

2106 2871 2221 2910 non
2251 2859 2448 2911 tamen
2480 2855 2553 2911 ad
2580 2860 2778 2911 actum
2810 2855 3160 2927 perducunt.
3179 2853 3282 2909 Vel
3307 2878 3334 2905 «
3359 2853 3773 2927 iniquitates,»

2105 2943 2165 2999 id
2187 2948 2295 3012 est,
2320 2948 2557 3017 peccata
2578 2961 2706 3016 quas
2736 2945 2977 2999 fuerunt
3006 2947 3139 2999 ante
3169 2942 3553 3016 baptismum,
3569 2966 3599 2994 ‹‹
3621 2946 3775 3000 sunt

2106 3033 2388 3102 remissae,
2416 3056 2443 3083 ››
2466 3033 2524 3089 id
2566 3037 2673 3102 est,
2707 3032 2943 3105 penitus
2972 3031 3034 3087 in
3076 3032 3369 3104 baptismo
3399 3032 3715 3089 destructas
3752 3048 3769 3088 :

2107 3127 2165 3179 et
2187 3122 2271 3179 illi
2293 3127 2432 3180 sunt
2452 3123 2606 3180 beati
2623 3147 2649 3174 «
2672 3140 2924 3196 quorum
2942 3126 3182 3195 peccata
3198 3145 3226 3173 ››
3246 3127 3379 3196 post
3399 3123 3772 3197 baptismum

2108 3216 2442 3285 perpetrata
2467 3234 2496 3264 «
2523 3216 2663 3269 sunt
2690 3217 2844 3269 tecta
2870 3234 2897 3262 »
2920 3228 3025 3284 per
3053 3212 3477 3285 pamitentiam.
3495 3212 3643 3269 Cum
3674 3212 3773 3269 di-

337 3306 673 3364 miriﬁcavit
719 3287 1186 3360 misericordiam
1238 3318 1406 3359 suam
1455 3300 1601 3355 mihi
1660 3300 1720 3355 in
1767 3299 1999 3354 civitate
2030 3287 2073 3355 C
2111 3301 2191 3357 cit
2214 3306 2384 3371 tecta,
2410 3302 2510 3358 dat
2538 3302 2864 3376 intelligere
2883 3301 2964 3358 ibi
2987 3302 3211 3358 dictum
3237 3317 3365 3358 esse
3394 3302 3466 3359 de
3494 3301 3776 3359 crimina-

338 3395 589 3465 munita,
616 3417 645 3444 »
666 3393 725 3449 id
763 3396 872 3460 est,
898 3393 958 3447 in
998 3391 1382 3458 Hierusalem,
1407 3390 1508 3445 ubi
1558 3389 1681 3460 ipse
1712 3388 1847 3443 fecit
1876 3386 1999 3442 haec

338 3481 655 3551 mirabilia,
686 3479 928 3545 scilicet,
953 3479 1253 3535 Christum
1286 3478 1468 3547 nasci,
1497 3477 1637 3549 pati,
1672 3492 1996 3549 resurgere,

339 3575 397 3627 et
428 3574 637 3627 caetera
667 3585 794 3640 qua:
827 3584 929 3640 per
954 3568 1228 3622 eumdem
1260 3567 1320 3621 in
1348 3567 1552 3622 eadem
1583 3564 1817 3620 civitate
1847 3565 2002 3620 facta

340 3662 483 3716 sunt
504 3674 538 3713 a
558 3658 675 3714 Deo
691 3673 839 3728 ;quae
858 3653 1153 3711 mirabilia
1167 3654 1269 3711 Dei
1291 3655 1371 3709 ibi
1390 3654 1806 3723 facta,fuerunt
1823 3669 2001 3709 causa

340 3747 608 3805 omnium
640 3744 1056 3802 beneﬁciorum
1084 3760 1211 3815 quae
1245 3744 1401 3799 Deus
1429 3742 1696 3799 Ecclesia:
1729 3740 1996 3799 contulit.

338 3837 728 3909 Hieronymus
758 3851 874 3890 non
917 3832 1080 3906 ponit
1124 3833 1440 3903 munitam,
1474 3834 1577 3889 sed
1627 3832 1793 3905 ponit
1822 3831 2000 3904 quid-

338 3926 475 3983 dam
514 3926 671 3982 unde
718 3925 849 3997 ipsa
878 3923 1082 3979 civitas
1116 3923 1174 3978 in
1210 3923 1420 3978 mediis
1468 3922 1738 3993 partibus
1791 3920 2000 3975 mundi

335 4014 687 4089 intelligitur
733 4012 1036 4079 collocata,
1059 4011 1117 4067 id
1150 4016 1262 4081 est,
1289 4010 1350 4066 in
1384 4011 1579 4067 media
1625 4011 1857 4067 civitate
1890 4027 1903 4065 :
1938 4010 1999 4064 in

335 4122 455 4179 qua
483 4105 613 4162 ideo
633 4104 904 4160 Christus
932 4101 1199 4158 habitare
1223 4105 1280 4157 et
1300 4101 1448 4157 mori
1480 4100 1675 4173 elegit,
1702 4104 1767 4155 ut
1797 4115 1859 4155 so
1884 4115 2002 4155 me-

337 4195 503 4251 dium
534 4193 811 4251 omnibus
841 4194 1216 4264 proponeret.

408 4283 565 4340 Deus
596 4282 681 4338 sic
709 4280 1041 4336 miriﬁeavit
1066 4278 1552 4346 misericordiam,
1575 4282 1634 4334 et
1664 4282 1859 4334 tamen
1892 4293 1998 4350 ego

337 4372 519 4430 habui
540 4371 895 4439 miserias,et
914 4370 1025 4425 hoc
1046 4373 1189 4438 est,«
1212 4385 1317 4441 ego
1337 4391 1365 4417 »
1379 4367 1609 4440 positus
1626 4391 1653 4417 ‹‹
1674 4367 1736 4423 in
1758 4383 1999 4423 excessu

339 4462 555 4519 mentis
587 4478 749 4530 meae,
779 4482 807 4510 »
839 4460 898 4515 id
937 4463 1045 4528 est,
1080 4459 1139 4513 in
1188 4456 1461 4531 angustia
1508 4456 1723 4512 mentis
1756 4479 1784 4506 «
1818 4455 1935 4511 dixi
1968 4477 1998 4505 »

336 4552 427 4609 vel
458 4552 650 4620 corde,
673 4550 762 4607 vel
781 4566 919 4606 voce
943 4573 969 4599 ‹‹
995 4550 1291 4621 projectus
1338 4564 1471 4603 sum
1506 4564 1539 4602 a
1570 4547 1774 4615 facie,»
1797 4546 1999 4614 id'est,

338 4642 421 4698 ita
450 4644 756 4715 reputatus
778 4656 932 4710 sum,
959 4642 1025 4694 ut
1044 4638 1245 4694 videar
1263 4653 1392 4692 esse
1420 4637 1714 4709 projectus
1738 4659 1766 4686 ‹‹
1791 4652 1826 4689 a
1854 4634 2000 4690 facie

338 4729 641 4787 oculorum
674 4733 933 4796 tuorum,
962 4750 988 4776 »
1013 4727 1071 4781 id
1103 4730 1212 4797 est,
1248 4743 1282 4781 a
1325 4724 1638 4798 priesentia
1668 4723 1998 4780 misericor-

339 4820 447 4875 diae
470 4823 603 4875 tua}.
619 4819 907 4874 Excessus
930 4816 1163 4886 dicitur,
1181 4814 1299 4870 sive
1321 4815 1556 4886 quando
1578 4813 1753 4871 homo
1776 4813 2002 4886 rapitur

339 4908 412 4965 ad
434 4907 987 4980 contemplationem
1010 4904 1363 4972 divinorum,
1379 4907 1446 4958 ut
1462 4902 1677 4958 Paulus
1699 4902 1859 4974 dicit,
1880 4902 2000 4958 sive

338 5001 532 5054 mente
554 4997 890 5053 excedimus
914 4996 1051 5061 Deo,
1076 4994 1195 5049 sive
1218 4993 1452 5064 quando
1486 4991 1699 5063 aliquis
1720 5010 1792 5048 ex
1812 4990 2000 5047 tristi-

340 5088 424 5144 tia
452 5104 692 5143 sensum
722 5085 966 5152 excedit,
991 5082 1213 5138 scilicet
1246 5100 1361 5137 non
1394 5100 1694 5138 remanere
1724 5083 1880 5154 apud
1914 5100 1995 5139 se.

409 5178 480 5232 Et
500 5177 641 5248 quia
662 5177 746 5231 sic
773 5192 866 5229 me
893 5172 1179 5229 humilem
1213 5171 1472 5237 exhibui,
1502 5194 1530 5220 ‹‹
1555 5172 1681 5227 ideo
1708 5172 1998 5228 exaudisti

338 5282 539 5324 vocem
572 5262 1000 5337 deprecationis
1045 5279 1218 5327 mere;
1248 5283 1274 5308 ››
1298 5266 1355 5315 et
1394 5260 1671 5315 meritum
1704 5261 2000 5332 quoddam

342 5353 733 5412 exauditionis
750 5353 1029 5425 supponit
1048 5368 1181 5407 cum
1205 5350 1346 5406 dicit
1365 5367 1417 5406 ;‹‹
1438 5367 1569 5405 cum
1589 5349 1903 5406 clamarem
1926 5352 1998 5408 ad

340 5447 417 5512 te,
444 5469 467 5499 ι
495 5444 554 5499 id
588 5447 695 5513 est,
723 5443 863 5515 quia
893 5441 1160 5497 clamavi.

408 5534 480 5589 Et
509 5532 651 5604 quia
677 5531 961 5587 Dominus
992 5530 1115 5585 haec
1148 5528 1431 5585 beneﬁcia
1460 5530 1682 5586 confert
1702 5531 1996 5602 ﬁdelibus,

337 5624 395 5677 et
424 5620 750 5677 clamantes
780 5618 1039 5688 exaudit,
1061 5619 1191 5675 ideo
1216 5635 1316 5674 vos
1341 5642 1368 5667 «
1394 5634 1599 5675 omnes
1631 5621 1840 5693 sancti,
1863 5620 1999 5677 dili-

338 5707 457 5780 gite
481 5729 509 5761 ››
531 5705 704 5768 illum
726 5730 753 5759 «
787 5708 1134 5779 Dominum;
1162 5730 1189 5757 η
1224 5707 1505 5783 quoniam
1533 5706 1673 5767 licet
1700 5710 2001 5787 permittat

2107 3388 2265 3447 libus
2297 3408 2425 3463 qua:
2458 3391 2725 3464 indigent
2749 3390 2887 3464 tegi,
2912 3407 2985 3448 ne
3017 3394 3338 3464 appareant
3364 3390 3425 3446 in
3447 3394 3773 3464 conspectu

2109 3479 2343 3535 Domini
2375 3481 2446 3537 ad
2478 3481 2868 3554 puniendum.

2183 3568 2283 3625 Ille
2313 3571 2489 3627 etiam
2514 3595 2542 3621 «
2563 3570 2652 3626 vir
2671 3574 2759 3627 est
2781 3571 3009 3640 beatus,
3034 3570 3129 3627 cui
3161 3587 3277 3627 non
3309 3569 3628 3642 imputahit
3655 3569 3771 3626 Do-

2110 3657 2310 3715 minus
2356 3664 2685 3731 peccatum,
2712 3683 2738 3708 »
2760 3659 2819 3715 id
2847 3664 2954 3729 est,
2980 3660 3079 3731 qui
3119 3676 3254 3714 cum
3293 3658 3526 3716 fecisset
3552 3675 3765 3731 pecca-

2109 3752 2259 3816 tum,
2285 3747 2401 3805 tale
2433 3766 2549 3805 non
2581 3749 2716 3805 fecit
2744 3750 2903 3821 quod
2931 3747 3219 3805 Dominus
3251 3747 3525 3820 respiciat
3555 3748 3628 3803 ad
3660 3764 3770 3820 pu-

2111 3836 2431 3894 niendum:
2465 3854 2569 3911 per
2599 3839 2754 3911 quod
2806 3841 3044 3894 notatur
3086 3841 3413 3910 peccatum,
3437 3837 3591 3908 quod
3641 3835 3769 3892 sola

2110 3926 2372 3982 oratione
2403 3932 2594 4000 potest
2623 3926 2804 3983 deleri
2841 3943 2854 3982 :
2887 3931 2945 3982 et
2974 3942 3110 3983 cum
3141 3942 3257 3981 non
3282 3924 3514 3982 fecisset
3537 3923 3652 3981 nisi
3682 3924 3767 3980 leo

2107 4015 2220 4085 via,
2242 4015 2367 4089 ipse
2388 4020 2586 4072 tamen
2609 4016 2864 4089 imputat
2883 4015 3183 4087 sibi,quod
3206 4018 3444 4070 notatur
3463 4013 3561 4069 ubi
3584 4013 3762 4071 dicit:

2110 4128 2139 4155 «
2170 4122 2277 4162 nec
2306 4109 2396 4161 est
2424 4106 2484 4160 in
2516 4105 2725 4178 spiritu
2757 4106 2885 4177 ejus
2917 4104 3146 4161 dolus.»
3167 4103 3349 4160 Dolus
3376 4106 3531 4159 esset
3560 4102 3620 4157 in
3651 4101 3765 4176 spi-

2109 4193 2226 4250 ritu
2275 4194 2424 4265 ejus,
2456 4194 2517 4251 id
2565 4198 2673 4263 est,
2707 4193 2769 4250 in
2815 4193 3134 4263 voluntate,
3168 4192 3218 4248 si
3265 4192 3483 4249 diceret
3529 4207 3591 4247 se
3640 4191 3764 4247 sine

2110 4288 2348 4356 peccato
2404 4300 2553 4352 esse,
2596 4300 2732 4340 cum
2791 4283 2939 4339 sciat
2995 4282 3291 4338 neminem
3343 4280 3470 4337 sine
3527 4283 3761 4354 peccato

2106 4372 2318 4429 vivere.
2344 4372 2506 4429 Unde
2534 4373 2792 4430 Joannes
2817 4388 2831 4429 :
2856 4395 2884 4423 «
2909 4371 2969 4428 Si
3008 4371 3263 4427 dicimus
3293 4370 3431 4443 quia
3460 4374 3761 4442 peccatum

2109 4479 2226 4517 non
2272 4462 2583 4530 habemus,
2618 4462 3013 4534 nosmetipsos
3058 4459 3416 4531 seducimus,
3447 4463 3507 4514 et
3548 4459 3762 4515 veritas

2108 4551 2169 4606 in
2202 4551 2373 4607 nobis
2403 4568 2520 4607 non
2550 4555 2641 4607 est
2670 4552 2717 4621 (I
2745 4552 2901 4607 Joan.
2931 4550 3031 4623 1).»
3055 4550 3201 4605 Cum
3234 4548 3377 4605 dicit
3405 4549 3612 4604 beatus
3641 4547 3763 4620 qui-

2028 4658 2077 4725 D
2109 4641 2221 4697 bus
2252 4641 2374 4696 haec
2406 4640 2562 4696 trina
2590 4639 2860 4697 remissio
2887 4640 2973 4709 ﬁt,
3004 4638 3260 4697 ostendit
3283 4655 3347 4694 se
3377 4641 3614 4711 peccata
3634 4638 3760 4709 jam

2109 4747 2539 4803 recognoscere.

2180 4821 2351 4876 Modo
2383 4820 2467 4876 sic
2496 4836 2737 4877 renosco
2768 4823 3024 4893 peccata,
3053 4819 3155 4874 sed
3188 4823 3324 4874 ante
3355 4816 3510 4874 tacui
3542 4833 3636 4873 me
3664 4816 3759 4872 ha-

2109 4910 2245 4966 bere
2293 4913 2550 4982 peccata,
2584 4914 2642 4965 et
2687 4932 2714 4960 ‹‹
2761 4907 3040 4981 quoniam
3088 4907 3269 4975 tacui,
3302 4907 3759 4963 inveteraverunt

2114 5015 2252 5055 ossa
2280 5016 2430 5069 mea,
2457 5022 2485 5049 »
2507 4998 2564 5054 id
2595 5002 2703 5066 est,
2727 4998 2798 5055 ad
2839 4998 3080 5053 modum
3108 4997 3321 5053 veteris
3348 4995 3526 5052 vestis
3554 5011 3757 5068 appro-

2108 5088 2416 5161 piaverunt
2445 5089 2628 5143 ruinae
2659 5087 2869 5143 robora
2889 5104 3038 5143 mea.
3062 5087 3215 5143 Bene
3237 5085 3400 5157 dicit,
3422 5108 3449 5135 ‹‹
3474 5083 3758 5140 invetera-

2107 5183 2335 5247 verunt,
2363 5201 2391 5229 ››
2423 5182 2481 5235 et
2510 5194 2626 5233 non
2658 5178 2959 5233 destructa
2999 5179 3157 5244 sunt,
3191 5174 3331 5247 quia
3372 5176 3639 5247 poterant
3664 5189 3755 5229 re-

2111 5268 2405 5323 aediﬁcari.
2428 5267 2607 5324 Tacui
2640 5284 2745 5354 me
2763 5265 2977 5322 habere
3008 5269 3314 5338 peccatum
3336 5287 3362 5314 «
3386 5279 3521 5319 cum
3554 5260 3756 5319 clama-

2110 5374 2233 5413 rem
2261 5380 2289 5407 »
2313 5374 2418 5431 per
2445 5358 2575 5429 ipsa
2604 5373 2782 5430 opera
2810 5372 2903 5411 me
2934 5354 3150 5412 habere
3180 5357 3485 5428 peccatum
3507 5375 3534 5402 «
3564 5355 3702 5419 tota,
3726 5371 3751 5401 »

2109 5447 2168 5503 id
2216 5452 2325 5517 est,
2360 5446 2602 5503 assidua
2648 5446 2763 5502 die.
2786 5444 2888 5501 Vel
2921 5468 2948 5496 ‹‹
2983 5461 3120 5502 cum
3170 5444 3486 5501 clamarem
3513 5464 3540 5492 »
3569 5454 3751 5498 meam

2110 5537 2334 5596 scilicet
2354 5535 2673 5610 justitiam.

2180 5627 2451 5685 Ostendit
2481 5625 2595 5683 sibi
2638 5624 2796 5682 mala
2836 5623 3120 5697 evenisse,
3152 5623 3309 5696 quod
3340 5621 3545 5679 tacuit.
3567 5618 3751 5677 Conti-

2109 5717 2311 5781 nuatio
2335 5734 2347 5778 :
2374 5715 2542 5780 Prius
2560 5714 2739 5791 tacui,
2762 5715 2865 5777 sed
2886 5714 3061 5777 modo
3081 5737 3110 5770 «
3134 5728 3270 5775 sum
3289 5727 3629 5787 conversus,
3652 5731 3682 5765 »
3697 5707 3752 5767 id
