3914 6420
147 495 254 558 301

1313 492 1814 561 EXPLANATIO
1857 490 1936 552 IN
1982 494 2367 556 PSALMOS.

3430 496 3549 556 302

149 632 253 698 est,
280 627 363 683 ita
393 626 551 699 quod
585 624 712 682 sine
748 646 776 676 ‹‹
801 624 863 679 in
894 640 1158 681 aerumna
1189 641 1342 695 mea,
1380 649 1400 674 ι
1436 625 1494 680 id
1548 629 1656 693 est,
1692 641 1786 680 co-
1815 624 1872 690 Α
1902 624 2001 680 Dei
2036 626 2305 682 custodia
2334 642 2450 682 non
2472 626 2664 700 possis
2689 627 3023 700 persistere,
3046 626 3224 682 dicit:
3251 650 3278 676 ‹‹
3304 628 3550 684 ﬁrmabo

146 732 413 791 gnoscam
454 731 549 771 me
598 730 1017 782 aerumnosum,
1046 713 1104 769 id
1156 718 1262 781 est,
1294 718 1654 786 peccator-em
1690 730 1702 768 :
1737 717 1795 769 et

149 804 429 879 praeponit
458 821 700 861 causam
753 802 1171 873 conversionis,
1203 821 1337 859 cum
1387 802 1528 858 dicit
1556 824 1584 853 «
1614 804 1793 857 conﬁ-

143 895 294 968 gitur
321 893 495 967 spina
522 914 552 945 »
583 891 979 966 suggestione,
1008 908 1320 960 consensu,
1346 891 1790 947 consuetudine.

151 1005 178 1035 ‹‹
206 982 488 1050 Quoniam
509 998 723 1037 manus
745 986 910 1049 tua,»
927 981 984 1036 id
999 980 1356 1036 estvindicta
1379 985 1498 1048 tua,
1516 983 1795 1053 «gravata

141 1076 276 1143 est,»
294 1071 351 1127 id
374 1076 485 1140 est,
500 1070 732 1144 gravior
755 1070 908 1125 facta
928 1073 1017 1125 est
1032 1087 1250 1142 «super
1271 1086 1383 1138 me,
1401 1092 1428 1119 »
1447 1074 1503 1125 et
1518 1094 1543 1119 ι(
1560 1069 1668 1123 hoc
1701 1069 1795 1123 die

144 1176 206 1217 ac
226 1164 454 1227 nocte,»
480 1160 539 1215 id
563 1157 1796 1227 est,assidue.Gravatadicitasimilitudine
1847 1202 1850 1206 λ

142 1248 530 1323 magistri,qui
542 1248 996 1322 ingravatsuper
1008 1248 1152 1304 disci
1158 1247 1647 1320 pulum,utfaciat
1657 1263 1793 1303 eum

142 1354 546 1411 recognoscere
573 1336 855 1394 delictum
882 1355 894 1394 :
920 1354 1237 1394 conversus
1259 1337 1386 1395 dico
1407 1360 1435 1388 ‹‹
1456 1338 1599 1393 dum
1622 1338 1798 1392 conﬁ-

138 1427 291 1500 gitur
318 1426 517 1500 spina,
543 1448 572 1478 »
608 1426 667 1482 id
700 1427 956 1500 est,quia
984 1426 1307 1483 destruitur
1327 1425 1602 1499 superbia
1626 1442 1639 1481 :
1666 1442 1794 1498 qua:

140 1516 263 1572 ideo
294 1530 398 1589 per
434 1516 667 1588 spinam
699 1515 1066 1588 intelligitur,
1101 1516 1241 1588 quia
1271 1516 1330 1571 in
1362 1515 1534 1588 spina
1563 1519 1653 1571 est
1681 1532 1798 1571 ere-

148 1605 257 1661 ctio
299 1603 581 1660 hominis.
631 1605 783 1660 Bene
835 1604 965 1659 dico
1012 1604 1071 1659 in
1118 1621 1380 1659 aerumna
1420 1627 1449 1655 «
1474 1605 1638 1672 dum,
1677 1626 1698 1652 ιι
1734 1603 1793 1659 id

143 1697 248 1761 est,
280 1694 422 1767 quia
447 1693 813 1767 «conﬁgitur
834 1694 1067 1765 spina,»
1085 1693 1142 1748 id
1165 1698 1271 1760 est,
1290 1692 1528 1766 punctio
1550 1693 1794 1766 peccati.

205 1782 302 1838 Hic
350 1781 560 1855 incipit
616 1783 911 1839 conﬁteri.
962 1782 1100 1837 Dico
1160 1799 1476 1838 conversus
1535 1799 1689 1850 sum,
1742 1785 1799 1837 et

141 1872 346 1928 deinde
379 1894 411 1924 ι(
441 1871 742 1945 cognitum
773 1872 879 1927 tibi
915 1870 1042 1940 feci,
1068 1894 1095 1922 »
1120 1871 1179 1926 id
1201 1875 1307 1937 est,
1336 1871 1639 1927 confessus
1662 1887 1795 1926 sum

136 1982 176 2062 «ι
194 1959 481 2062 delictum
513 1977 794 2062 meum,»
824 1960 883 2015 id
911 1963 1020 2027 est,
1056 1961 1222 2060 quod.
1247 1958 1481 2062 ‘deliqui
1533 1958 1678 2062 nihil
1710 1961 1793 2015 fa-
1823 1996 1873 2062 B

130 2049 351 2119 ciendo,
391 2073 423 2100 «
457 2052 515 2106 et
539 2048 896 2122 injustitiam
931 2065 1181 2123 meam,»
1208 2048 1265 2103 id
1288 2052 1396 2116 est,
1414 2049 1569 2121 quod
1591 2053 1797 2105 contra

127 2140 370 2196 vetitum
409 2140 517 2196 feci
550 2161 579 2191 «
612 2157 730 2196 non
762 2138 1068 2207 abscondi,
1103 2160 1131 2189 »
1169 2139 1269 2194 sed
1303 2138 1408 2193 tibi
1451 2138 1792 2195 manifesta-

128 2228 181 2284 vi
213 2245 227 2285 :
262 2247 381 2285 non
416 2229 574 2302 quod
607 2227 928 2301 aliquando
960 2230 1159 2283 essent
1187 2226 1406 2300 ignota,
1441 2227 1543 2282 sed
1572 2226 1670 2283 ille
1700 2227 1792 2282 di-

134 2317 283 2373 citur
313 2322 457 2374 nota
484 2317 600 2374 Deo
631 2317 819 2373 facere
848 2321 1106 2390 peccata,
1132 2316 1232 2389 qui
1255 2316 1517 2390 seipsum
1548 2334 1792 2391 cognos-

135 2406 210 2461 cit
240 2405 665 2476 damnabilem,
702 2410 760 2464 et
790 2407 1086 2463 medicum
1119 2406 1384 2479 requirit.

203 2496 308 2552 Hic
339 2496 600 2553 ostendit
644 2495 785 2569 quid
836 2496 1022 2568 prosit
1071 2512 1421 2570 cognoscere
1464 2500 1791 2570 peccatum.

135 2585 426 2642 Delictum
457 2584 564 2641 tibi
596 2584 703 2641 feci
726 2584 1126 2658 cognitum,ex
1147 2602 1262 2657 quo
1284 2585 1460 2642 etiam
1483 2610 1510 2635 ‹‹
1536 2586 1713 2655 dixi,»
1734 2585 1794 2640 id

136 2676 240 2741 est,
260 2672 603 2742 deliberavi,
629 2672 851 2729 scilicet
870 2674 1028 2746 apud
1051 2690 1145 2729 me
1166 2673 1384 2745 ipsum,
1413 2697 1441 2724 ‹‹
1465 2674 1797 2730 Conﬁtcbor

137 2783 163 2811 ‹‹
197 2761 822 2834 Dominoinjustitiam
835 2778 1087 2829 meam,»
1103 2761 1161 2817 id
1172 2762 1630 2835 est,malaopera
1643 2779 1792 2833 mea,

134 2852 287 2922 quod
311 2851 508 2908 facere
530 2854 620 2907 est
642 2851 953 2906 adversum
975 2850 1197 2922 me,qui
1221 2850 1384 2923 prius
1406 2856 1643 2923 peccata
1667 2868 1798 2909 mea

134 2939 454 2996 defendere
484 2954 922 3008 consueveram,
948 2961 977 2989 «
996 2937 1277 2994 remisisti
1307 2943 1370 2993 tu
1394 2961 1422 2989 »
1455 2956 1571 2994 non
1603 2939 1796 2995 solum

131 3032 397 3100 peccata,
432 3029 536 3085 sed
568 3026 725 3082 mala
752 3043 946 3099 opera,
980 3025 1203 3082 scilicet
1225 3049 1251 3076 ‹‹
1277 3026 1660 3099 impietatem,
1685 3050 1714 3076 ››
1738 3027 1796 3082 id

133 3121 241 3190 est,
278 3140 308 3168 »
346 3115 790 3173 excusationem
825 3136 854 3166 ‹‹
886 3113 1106 3187 peccati
1157 3115 1292 3171 mei.
1327 3136 1355 3166 »
1391 3115 1552 3171 Licet
1598 3119 1797 3171 autem

134 3206 290 3263 Deus
324 3204 595 3261 dimittat
624 3207 881 3277 peccata,
917 3220 986 3260 ex
1017 3219 1132 3276 quo
1176 3203 1352 3259 homo
1397 3202 1458 3258 in
1503 3202 1799 3260 voluntate

132 3294 406 3368 pcnnitet,
433 3297 629 3350 tamen
664 3292 1061 3349 conﬁtendum
1084 3297 1174 3349 est
1194 3292 1484 3349 ministris
1505 3292 1795 3362 Ecclesiae,

133 3384 288 3457 quia,
314 3382 437 3440 nisi
459 3383 894 3455 conﬁterentur,
919 3398 988 3438 ex
1007 3399 1115 3439 sua
1136 3381 1533 3438 inobedientia
1553 3382 1795 3439 damna-
1827 3363 1871 3434 (Σ

130 3479 359 3546 rentur,
393 3472 562 3539 Quod
594 3476 897 3528 ostensum
937 3476 1028 3528 est
1078 3473 1314 3540 Lazaro,
1349 3470 1449 3545 qui
1483 3476 1797 3545 postquam

132 3564 528 3619 resuscitatus
557 3560 686 3629 fuit,
721 3561 977 3635 indiguit
1006 3560 1169 3618 solvi.

203 3652 379 3709 Ponit
419 3651 995 3707 commendationem
1040 3651 1448 3723 confessionis,
1484 3668 1617 3707 cum
1660 3649 1800 3705 dicit

133 3746 373 3798 sanctos
408 3755 579 3797 orare
607 3755 711 3813 pro
736 3739 1082 3796 remissione
1104 3739 1579 3813 impietatisque:
1603 3739 1803 3796 remis-

133 3830 219 3888 sio
248 3831 512 3887 habetur
542 3846 611 3885 ex
639 3828 1026 3885 confessione.
1061 3829 1220 3885 Bona
1250 3834 1340 3885 est
1370 3829 1692 3901 impietatis
1721 3846 1803 3884 re—

133 3920 364 3993 missio,
392 3924 456 3977 et
474 3942 503 3969 ‹‹
526 3935 630 3991 pro
652 3918 764 3974 hac
788 3940 816 3969 »
846 3918 1119 3975 habenda
1139 3942 1167 3969 ‹‹
1193 3918 1384 3974 orabit
1412 3918 1605 3974 omnis
1628 3935 1802 3974 sanc-

133 4013 230 4065 tus
261 4010 322 4065 in
355 4014 630 4081 tempore
661 4011 1011 4080 opportuno,
1048 4029 1075 4056 »
1108 4007 1165 4062 id
1199 4012 1307 4076 est,
1341 4006 1402 4062 in
1432 4006 1541 4063 hac
1571 4007 1708 4079 vita,
1741 4007 1801 4063 in

134 4114 250 4169 qua
278 4102 526 4155 tantum
549 4095 703 4153 valet
733 4096 920 4153 oratio
951 4096 1286 4168 impetrare.

200 4186 335 4244 Alia
383 4186 828 4244 commendatio
880 4184 1285 4241 confessionis.
1338 4185 1479 4240 Boni
1528 4185 1799 4252 orabunt,

133 4298 161 4325 «
190 4280 616 4334 verumtamen
651 4270 1045 4330 n’habitantes
1079 4295 1106 4324 «
1137 4273 1197 4328 in
1244 4273 1461 4329 diluvio
1512 4289 1801 4344 aquarum

132 4364 492 4435 multarum,
521 4386 543 4415 ι
580 4364 638 4419 id
671 4367 779 4432 est,
805 4362 865 4419 in
896 4362 1302 4420 submersione
1334 4360 1655 4417 multorum
1678 4377 1806 4433 pec-

132 4457 426 4524 catorum,
467 4474 501 4506 ‹‹
531 4469 648 4509 non
683 4451 1180 4525 approximabunt
1212 4473 1240 4501 ››
1273 4451 1345 4506 ad
1371 4467 1506 4508 eum
1554 4467 1658 4522 per
1696 4450 1801 4506 ali-

134 4558 313 4615 quam
346 4541 810 4599 confessionem.

201 4634 276 4690 Et
304 4633 462 4690 bene
495 4631 712 4687 debent
752 4630 938 4687 sancti
987 4646 1151 4686 orare
1199 4630 1270 4685 ad
1315 4634 1389 4698 te,
1424 4629 1564 4701 quia
1585 4652 1612 4680 ‹‹
1646 4632 1708 4686 tu
1741 4647 1803 4687 es

1904 730 2080 785 super
2110 717 2163 768 te
2194 714 2393 770 oculos
2433 733 2616 782 meos,
2653 737 2680 765 »
2711 714 2769 770 id
2796 718 2903 782 est,
2937 731 3042 788 per
3089 714 3554 772 misericordiam

1904 802 2228 858 custodiam
2239 846 2251 859 .

1974 892 2044 947 Et
2067 892 2206 962 quia
2225 893 2376 949 dabo
2396 892 2781 961 intellectum,
2806 918 2833 943 «
2850 894 3029 950 nolite
3051 893 3174 950 ﬁeri
3198 894 3351 949 sicut
3370 910 3557 967 equus

1903 983 1961 1036 et
1991 980 2209 1049 mulus,
2237 983 2453 1054 quibus
2485 1000 2599 1038 non
2632 987 2723 1038 est
2753 982 3107 1039 intellectus.
3138 1006 3165 1034 »
3198 983 3432 1040 Similes
3461 1001 3556 1040 es-

1902 1074 2033 1125 sent
2062 1086 2233 1143 equo,
2267 1072 2316 1126 si
2348 1089 2463 1127 non
2497 1072 2864 1127 attenderent
2894 1089 3068 1144 quem
3110 1072 3557 1144 portarent,sive

1903 1162 2109 1227 Deum,
2145 1158 2263 1215 sive
2292 1158 2622 1215 inimicum.
2658 1159 2892 1215 Similes
2924 1164 3122 1215 essent
3144 1159 3324 1229 mulo,
3359 1160 3408 1215 si
3439 1177 3555 1216 non

1904 1247 2343 1303 considerarent
2373 1263 2551 1304 onera
2583 1265 2709 1316 sua,
2743 1265 2819 1303 an
2851 1251 3151 1321 portarent
3172 1248 3558 1320 peccata,sive

1903 1336 2058 1392 bona
2089 1353 2283 1409 opera.
2315 1336 2419 1393 Vel
2451 1354 2555 1409 per
2597 1354 2817 1409 equum
2868 1337 3228 1410 accipiamus
3275 1336 3556 1411 gentilem

1902 1424 2211 1498 populum,
2246 1425 2347 1498 qui
2378 1425 2703 1481 indomitur
2730 1428 2786 1481 et
2816 1425 3049 1482 effrenis
3078 1424 3269 1498 legem
3308 1443 3423 1482 non
3455 1444 3555 1481 cu-

1904 1515 2072 1570 rabat
2104 1530 2117 1569 :
2152 1532 2256 1587 per
2286 1514 2536 1586 mulum,
2570 1515 2884 1571 Judaicum
2917 1513 3223 1587 populum,
3248 1515 3351 1586 qui
3372 1515 3557 1571 durus

1903 1608 1961 1659 et
1990 1603 2156 1675 piger
2183 1608 2306 1659 erat
2335 1605 2410 1660 ad
2440 1603 2627 1678 legem
2661 1603 3046 1677 implendam.

1977 1692 2115 1748 Dico
2170 1693 2350 1749 nolite
2398 1694 2543 1761 ﬁeri,
2590 1695 2715 1760 sed,
2747 1712 2778 1749 ο
2811 1694 3056 1749 Domine
3105 1694 3280 1763 Deus,
3311 1692 3361 1748 si
3410 1692 3556 1749 tales

1905 1781 2123 1837 fuerint
2153 1805 2181 1832 ‹‹
2215 1783 2516 1855 confringe
2547 1782 2816 1839 maxillas
2848 1800 3051 1839 eorum
3083 1783 3142 1838 in
3174 1783 3405 1853 chamo,
3437 1805 3465 1832 »
3495 1782 3555 1838 id

1904 1874 2012 1939 est,
2044 1870 2103 1925 in
2146 1871 2357 1927 minori
2408 1871 2658 1944 penuria
2702 1872 2892 1928 victus
2938 1876 2996 1927 et
3042 1872 3314 1941 vestitus,
3347 1895 3374 1921 «
3410 1871 3556 1927 etin

1905 1960 2091 2027 freno,
2126 1982 2153 2009 »
2185 1960 2241 2015 id
2274 1965 2383 2029 est,
2418 1959 2477 2015 in
2512 1959 2721 2031 majori
2766 1961 3011 2034 penuria
3055 1960 3265 2017 victus.
3298 1960 3558 2017 Chamus

1904 2052 1991 2104 est
2020 2048 2274 2121 ligatura
2304 2066 2421 2122 qua
2447 2048 2708 2123 ligantur
2746 2049 2968 2106 domita
3015 2049 3332 2107 animalia:
3358 2050 3558 2105 frenus

1904 2155 2021 2211 qua
2047 2137 2335 2195 indomita
2365 2155 2377 2194 :
2413 2137 2679 2195 maxillas
2710 2138 2839 2194 dico
2871 2155 3073 2195 eorum
3110 2161 3137 2188 «
3171 2138 3271 2210 qui
3304 2156 3422 2195 non
3450 2156 3558 2212 ap-

1904 2226 2235 2300 proximant
2267 2227 2340 2282 ad
2370 2232 2426 2283 te
2459 2249 2486 2277 »
2517 2243 2621 2300 per
2652 2227 3102 2284 confessionem.

1976 2316 2083 2372 Per
2124 2316 2399 2372 chamum
2444 2321 2501 2372 et
2545 2317 2778 2373 frenum
2827 2317 3051 2391 corrige
3100 2334 3220 2389 eos,
3254 2322 3310 2372 et
3352 2321 3561 2391 praeter

1904 2408 2027 2462 haec
2058 2411 2197 2462 sunt
2229 2430 2255 2457 «
2291 2405 2479 2463 multa
2511 2406 2741 2481 ﬂagella
2772 2407 3113 2480 peccatoris,
3152 2429 3180 2457 »
3213 2407 3271 2463 id
3304 2411 3411 2476 est,
3436 2407 3562 2480 qui-

1903 2497 2017 2553 bus
2038 2497 2251 2553 debent
2271 2495 2480 2569 corrigi
2504 2500 2837 2569 peccatores
2863 2512 2876 2552 :
2902 2520 2929 2546 ‹‹
2955 2499 3258 2568 sperantes
3278 2501 3476 2553 autem
3499 2498 3559 2553 in

1904 2584 2151 2642 Domino
2184 2584 2587 2642 misericordia
2617 2584 3079 2653 circumdabit,»
3105 2584 3244 2658 quia
3294 2584 3354 2641 in
3399 2585 3560 2642 nullo

1905 2676 2135 2733 deﬁciet
2165 2676 2249 2732 eis
2281 2675 2706 2732 misericordia.
2732 2676 2861 2731 Haec
2890 2676 3067 2732 verba
3086 2679 3227 2732 sunt
3247 2674 3464 2732 Christi
3487 2676 3558 2732 ad

1905 2766 2156 2833 Patrem,
2192 2780 2260 2819 ex
2290 2781 2406 2836 quo
2438 2764 2585 2820 dixit
2615 2764 2936 2837 confringe.

1978 2853 2378 2910 Misericordia
2399 2853 2791 2909 circumdabit
2807 2857 3132 2926 sperantes,
3148 2853 3277 2909 ideo
3298 2870 3423 2919 vos,
3435 2854 3564 2923 jus-

1905 2942 1970 3010 ti,
2005 2942 2104 3013 qui
2138 2941 2197 2995 in
2228 2941 2476 2996 Domino
2508 2940 2779 3013 speratis,
2815 2963 2843 2990 ‹‹
2876 2940 3158 2996 laetamini
3191 2963 3218 2989 »
3250 2940 3309 2995 in
3342 2944 3559 3010 mente,

1907 3052 1934 3080 «
1970 3033 2027 3085 et
2055 3028 2339 3085 exsultate
2364 3051 2392 3078 »
2414 3028 2475 3084 in
2509 3045 2770 3102 corpore,
2797 3052 2825 3078 «
2849 3032 2905 3085 et
2924 3028 3257 3101 gloriamini
3284 3053 3311 3079 ››
3329 3029 3457 3101 jam
3481 3046 3568 3087 se-

1907 3118 2033 3175 curi
2066 3118 2135 3174 de
2165 3116 2354 3191 gloria
2382 3141 2411 3168 «
2444 3134 2650 3174 omnes
2681 3118 2822 3174 recti
2855 3117 3047 3173 corde.
3084 3140 3112 3167 »
3421 3128 3427 3134 ·

2373 3242 2445 3299 ΙΝ
2484 3243 2835 3300 PSALMUM
2873 3242 3091 3300 XXXII.

2189 3360 2447 3416 Trruws
2474 3375 2488 3414 :
2521 3359 2775 3416 Psalmus
2805 3358 2979 3414 David
3008 3361 3070 3414 in
3095 3359 3280 3430 ﬁnem.

1981 3501 2009 3527 «
2041 3473 2361 3542 Exsultate,
2389 3473 2560 3546 justi.
2587 3497 2615 3523 ››
2647 3473 2916 3530 Psalmus
2949 3474 3059 3530 iste
3091 3474 3361 3532 convenit
3381 3475 3563 3531 David

1908 3566 2226 3639 prophetm,
2249 3564 2350 3636 qui
2379 3568 2436 3619 et
2454 3563 2550 3619 hic
2570 3563 2852 3636 loquitur,
2875 3567 2933 3621 et
2954 3564 3091 3620 facit
3116 3564 3472 3621 cantilenam
3496 3566 3566 3622 de

1908 3652 2080 3709 laude
2098 3652 2220 3721 Dei,
2238 3668 2365 3724 quae
2388 3651 2622 3725 mitigat
2642 3652 2995 3709 tentationes
3018 3652 3256 3720 diaboli,
3271 3654 3568 3711 sicutcan-

1907 3741 2092 3798 tilena
2102 3741 2282 3797 David
2305 3740 2541 3813 mitigat
2552 3739 2824 3812 spiritum
2839 3741 3055 3798 Saulis.
3072 3742 3315 3798 Materia
3326 3747 3417 3799 est
3437 3741 3569 3802 laus

1910 3831 2032 3888 Dei.
2048 3831 2191 3886 Eam
2214 3830 2298 3886 ita
2316 3834 2556 3885 tractat:
2573 3831 2849 3886 admonet
2869 3831 2942 3886 ad
2963 3829 3201 3885 laudem
3222 3829 3345 3897 Dei,
3354 3847 3571 3902 ponen-

1912 3921 1985 3976 do
2016 3936 2227 3976 causas
2258 3935 2439 3990 quare
2460 3917 2780 3973 debeamus
2798 3917 2983 3972 Deum
3006 3915 3339 3971 laudare.In
3358 3932 3568 3972 secun-

1913 4009 1988 4064 da
2017 4012 2180 4081 parte
2206 4006 2462 4062 ostendit
2492 4004 2624 4059 illos
2656 4021 2784 4061 esse
2814 4005 3015 4060 beatos
3057 4002 3157 4076 qui
3204 4003 3392 4060 Deum
3441 4003 3569 4061 lau-

1911 4098 2216 4153 daverunt.
2232 4093 2483 4150 Intentio
2495 4097 2584 4148 est
2601 4093 2918 4148 admonere
2935 4093 3007 4149 ad
3024 4091 3260 4149 laudem
3279 4093 3568 4166 Dei,quod

1912 4188 2149 4242 notatur
2168 4183 2227 4238 in
2251 4182 2445 4255 prima
2463 4185 2649 4254 parte,
2665 4196 2830 4253 aqua
2851 4180 2934 4237 sic
2955 4180 3318 4239 exsultanter
3340 4180 3568 4255 incipit.

1981 4274 2097 4330 Vos
2129 4271 2295 4345 impii
2325 4287 2441 4326 non
2473 4269 2697 4326 debetis
2748 4269 3039 4327 exsultare
3068 4268 3130 4326 in
3161 4270 3431 4341 Domino,
3466 4272 3568 4327 sed

1911 4380 2012 4420 vos
2043 4360 2246 4434 «justi
2273 4358 2561 4415 exsultate
2592 4359 2651 4413 in
2683 4358 2932 4416 Domino
2955 4382 2983 4408 ››
3004 4363 3061 4415 et
3080 4376 3197 4415 non
3230 4360 3290 4416 in
3323 4361 3570 4417 munda-

1912 4451 2026 4508 nis.
2062 4451 2214 4506 Bene
2245 4448 2394 4515 dico,
2421 4446 2571 4519 justi
2602 4447 2908 4516 exsultate,
2942 4447 3083 4520 quia
3108 4471 3136 4499 «
3171 4452 3361 4506 rectos
3381 4471 3410 4499 »
3434 4448 3566 4506 illos

1912 4540 2013 4615 qui
2045 4536 2460 4596 exsultaverint
2490 4558 2518 4585 ‹‹
2553 4535 2719 4590 decet
2746 4534 3025 4603 laudatio,
3053 4557 3082 4584 »
3114 4534 3341 4592 scilicet
3360 4541 3426 4592 ut
3444 4534 3569 4593 lau-

1912 4632 2053 4688 dent
2082 4629 2289 4686 Deum.
2322 4625 2486 4682 Unde
2529 4623 2744 4680 dicitur
2775 4641 2788 4679 :
2824 4647 2850 4673 «
2886 4623 3193 4683 Peccatori.
3209 4623 3355 4681 dixit
3384 4626 3562 4697 Deus,

132 4721 431 4794 refugium
465 4736 690 4788 meum,
718 4742 746 4770 »
769 4718 829 4775 id
862 4722 970 4787 est,
996 4718 1138 4775 facis
1170 4735 1264 4775 me
1294 4735 1567 4775 securum
1600 4742 1628 4769 ‹‹
1651 4720 1801 4775 atri-
1829 4735 1878 4802 D
1910 4738 2091 4800 quare
2119 4722 2183 4774 tu
2215 4732 2454 4773 enarras
2492 4712 2758 4786 justitias
2790 4713 2995 4770 meas?
3024 4713 3194 4785 (Psal.
3217 4716 3394 4785 χιιι.)
3427 4738 3456 4765 ››
3488 4717 3559 4772 Et

133 4809 443 4867 bulatione
460 4831 491 4862 »
516 4812 892 4882 peccatorum
914 4806 1341 4881 praeteritorum
1361 4831 1389 4857 «
1407 4825 1533 4880 qua
1555 4808 1796 4864 circum-

135 4899 296 4955 dedit
320 4915 458 4956 me:
488 4920 517 4947 n
541 4902 601 4954 et
618 4896 955 4967 tu,Domine
976 4919 1005 4947 «
1032 4913 1169 4952 erue
1191 4896 1802 4953 meaacircumdanti—

134 4988 245 5045 bus
265 5004 428 5059 me,»
442 4987 506 5043 id
518 4986 1003 5055 est,daemonibus
1026 4990 1084 5041 et
1103 4984 1491 5057 praesentibus
1515 4987 1796 5057 peccatis:

133 5077 382 5147 tu,dico,
409 5099 439 5128 ‹‹
465 5074 781 5132 exsultatio
801 5091 952 5143 mea,
980 5097 1007 5124 ››
1031 5074 1089 5129 id
1112 5078 1222 5142 est,
1238 5074 1307 5130 de
1330 5091 1444 5147 quo
1466 5074 1802 5143 exsulto,se-

135 5182 315 5223 curus
348 5165 517 5239 quod
550 5164 663 5220 cito
692 5163 1107 5236 eripias.Ponit
1136 5162 1231 5217 hic
1262 5167 1531 5234 quartam
1550 5168 1798 5234 partem,

138 5256 365 5312 scilicet
395 5271 508 5328 per
533 5253 1151 5325 remissionem,quam
1186 5251 1325 5306 facit
1344 5251 1610 5309 Christus
1630 5254 1805 5309 conﬁ-

138 5342 853 5401 tentibus.Continuatio:
882 5343 1035 5398 Bene
1066 5341 1195 5397 dico
1225 5345 1283 5397 te
1313 5358 1441 5397 esse
1490 5342 1805 5416 refugium,

139 5431 280 5505 quia
309 5437 377 5488 tu
406 5431 543 5504 ipse
580 5430 730 5488 dicis
762 5447 777 5485 :
812 5453 841 5480 «
873 5430 1035 5486 Dabo
1086 5430 1191 5486 tibi
1237 5428 1598 5486 intellectum
1633 5453 1660 5482 »
1692 5448 1807 5504 quo

138 5520 484 5580 conﬁtearis
513 5524 753 5591 peccata
780 5523 902 5588 tua,
927 5523 984 5575 et
1015 5542 1043 5569 «
1078 5519 1138 5575 in
1168 5519 1261 5575 via
1291 5536 1409 5591 qua
1437 5519 1743 5592 gradieris,
1778 5542 1806 5571 »

139 5610 197 5666 id
227 5611 413 5679 est,in
448 5608 625 5666 bonis
656 5608 954 5682 operibus,
988 5608 1204 5680 quibus
1237 5608 1309 5663 ad
1342 5607 1529 5663 Deum
1561 5607 1805 5677 incedis,

140 5723 168 5751 «
202 5700 510 5758 instruam
533 5701 628 5755 te:
654 5720 684 5749 ‹‹
708 5698 921 5756 amodo
943 5697 1017 5754 do
1051 5714 1214 5753 arma
1243 5696 1464 5769 quibus
1495 5697 1687 5768 possis
1709 5715 1811 5769 pu-

138 5801 343 5866 gnare,
377 5785 631 5859 scilicet,
653 5787 903 5846 virtutes
932 5803 945 5843 :
970 5789 1029 5846 et
1050 5785 1190 5863 quia
1208 5785 1294 5844 sic
1313 5785 1660 5859 instructus,
1684 5786 1812 5848 sine
1864 5808 1869 5809 ί

1904 4817 2046 4872 item
2080 4826 2093 4866 :
2132 4830 2160 4860 «
2187 4807 2314 4863 Non
2345 4808 2435 4861 est
2463 4800 2729 4876 speciosa
2773 4801 2904 4858 laus
2953 4801 3015 4857 in
3063 4819 3162 4859 ore
3209 4804 3554 4876 peccatoris.

1910 4902 2097 4975 (Eccli.
2129 4895 2247 4968 xv.)
2274 4916 2309 4950 »
2339 4892 2444 4956 Vel
2476 4892 2525 4948 si
2557 4890 2844 4946 habeatur
2872 4889 3246 4962 collaudatio,
3278 4908 3382 4965 per
3427 4909 3558 4950 eam

1911 4984 2284 5049 laudantium
2317 4980 2679 5038 unanimitas
2708 4978 3077 5052 intelligitur.

1984 5079 2083 5135 llic
2114 5073 2278 5148 ponit
2307 5076 2503 5145 partes
2533 5067 2909 5141 laudationis,
2944 5086 3123 5142 quam
3155 5071 3433 5129 admonet
3477 5074 3561 5130 fa-

1912 5184 2047 5227 cere
2076 5182 2183 5221 nos
2215 5162 2415 5219 dicens
2445 5175 2459 5214 :
2496 5158 2638 5230 quia
2667 5158 2833 5213 decet
2878 5163 3067 5215 rectos
3117 5159 3400 5235 laudatio,
3433 5163 3563 5220 ideo

1913 5275 2014 5314 vos
2045 5254 2185 5312 recti
2219 5276 2244 5304 ‹‹
2281 5247 2640 5308 conﬁtemini
2673 5247 2920 5304 Domino
2951 5248 3012 5303 in
3044 5250 3287 5320 cithara,
3324 5275 3352 5303 »
3374 5252 3433 5308 id
3453 5257 3562 5323 est,

1914 5347 2151 5404 laudate
2179 5359 2315 5400 eum
2346 5341 2407 5396 in
2439 5353 2681 5411 corpore
2707 5341 2921 5408 vestro,
2945 5342 3003 5396 et
3024 5338 3082 5394 in
3105 5340 3454 5399 substantiis
3478 5341 3566 5396 ine

1915 5433 2249 5499 ferioribus,
2285 5429 2527 5497 scilicet,
2560 5426 2620 5482 in
2652 5425 3219 5500 eleemosynis,quod
3244 5447 3350 5503 per
3375 5429 3568 5488 citha-

1917 5540 2043 5580 ram
2056 5522 2185 5578 ideo
2202 5515 2758 5590 intelligimus,quia
2769 5514 2994 5572 cithara
3005 5520 3093 5573 est
3104 5516 3568 5579 instrumentum

1918 5613 1990 5669 ab
2023 5608 2284 5666 inferiori
2317 5610 2480 5679 parte
2512 5621 2812 5675 resonans,
2846 5609 2904 5662 et
2932 5623 3038 5663 nos
3069 5606 3143 5664 ab
3171 5607 3569 5678 inferioribus,

1918 5701 1978 5758 id
2009 5703 2120 5770 est,
2155 5697 2226 5754 ab
2259 5696 2392 5753 istis
2415 5693 2732 5751 mundanis
2754 5711 3097 5753 resonemus
3117 5697 3188 5754 ad
3211 5695 3448 5756 laudem
3468 5698 3573 5756 Dei

1921 5790 2070 5851 bene
2099 5785 2464 5865 disponendo
2495 5801 2563 5844 ea
2598 5800 2610 5843 :
2644 5787 2703 5843 et
2732 5801 2850 5844 non
2879 5787 3292 5848 tantummodo
3324 5788 3397 5848 ab
3426 5788 3573 5852 infe-
3628 5782 3639 5788 ”
