3914 6432
151 510 264 591 303

1326 524 1834 590 EXPLANATIO
1878 524 1958 589 IN
2001 525 2381 591 PSALMOS.

3446 502 3564 589 306

150 666 455 737 postquam
484 654 744 717 Verbum
773 655 1065 717 incarnari
1094 658 1232 717 fecit
1264 682 1293 710 ‹‹
1321 660 1487 729 vidit,
1522 682 1550 710 »
1590 660 1648 715 id
1681 664 1792 730 est,
1828 662 1884 729 Α
1913 661 1995 717 ita
2024 685 2051 711 «
2086 663 2187 717 fiat
2217 660 2617 718 misericordia
2644 663 2744 717 tua
2774 677 2951 734 super
2993 677 3119 718 nos.
3156 681 3185 711 «
3232 655 3477 732 Sporarc
3507 659 3568 716 in

144 754 263 827 jam
303 750 471 824 quasi
517 767 585 806 ex
632 750 827 806 debito
876 749 1168 821 revelavit,
1198 749 1391 805 dando
1422 749 1572 805 vires
1606 773 1633 800 «
1662 749 1799 806 ﬁliis

149 841 474 907 hominum,
502 861 529 888 »
560 838 620 894 id
650 843 756 907 est,
790 838 1190 895 rationalium.

214 931 293 987 De
323 928 466 985 ccelo
498 953 525 979 ‹‹
550 928 803 1001 respexit
833 929 904 985 de
933 927 1267 984 habitacqu
1298 945 1426 997 suo,
1451 951 1477 977 ››
1508 928 1566 984 id
1587 931 1694 997 est,
1729 928 1801 983 de

149 1019 513 1077 humanitate
539 1017 669 1074 Filii
708 1018 897 1087 sui,in
929 1034 1042 1090 quo
1075 1018 1200 1090 ipse
1224 1017 1507 1073 habitavit
1529 1034 1541 1072 :
1562 1016 1799 1072 habita—

152 1109 276 1166 culo
306 1108 436 1164 dico
469 1130 496 1157 ‹‹
529 1111 874 1179 praeparato,
912 1128 938 1155 ››
971 1106 1027 1161 id
1061 1110 1171 1171 est,
1205 1122 1419 1178 magno
1451 1105 1694 1161 consilio
1744 1108 1801 1159 et

152 1196 397 1271 sapienti
430 1197 500 1252 ad
534 1195 942 1251 habitudinem
966 1194 1199 1250 Domini
1223 1195 1490 1250 ordinato
1516 1212 1527 1251 :
1550 1194 1803 1267 respexit
1836 1209 1840 1212 ’

152 1295 179 1337 ἀ
212 1303 386 1359 super
413 1301 619 1340 omnes
653 1285 753 1357 qui
784 1284 1055 1340 habitant
1085 1289 1321 1339 terram.
1360 1306 1387 1333 »

219 1376 539 1431 Enumerat
567 1373 781 1428 iterum
814 1373 1229 1428 beatitudines.
1264 1372 1637 1429 Continuatio
1672 1388 1685 1426 :
1718 1388 1802 1427 re-

150 1465 334 1538 spexit
381 1462 480 1520 ille
511 1486 538 1513 ‹‹
574 1463 713 1536 quia
769 1462 1137 1533 fixitcorda,
1167 1485 1193 1511 ››
1218 1463 1275 1517 id
1325 1466 1434 1529 est,
1467 1460 1801 1517 intellectus

151 1578 178 1606 «
211 1570 412 1611 eorum
446 1576 473 1602 »
504 1553 616 1608 hoc
641 1553 834 1620 modo,
865 1551 1089 1607 scilicet
1122 1574 1149 1600 «
1184 1550 1510 1625 sigillatim,
1537 1572 1564 1599 ››
1598 1550 1655 1605 id
1688 1554 1798 1620 est,

150 1661 261 1700 non
275 1643 553 1700 omnibus
566 1639 1214 1698 eumdemintellectum
1237 1640 1524 1709 dedit,sed
1549 1637 1801 1711 singulis

149 1728 447 1806 singulum
464 1748 477 1788 :
495 1754 521 1782 ‹‹
539 1732 641 1803 qui
667 1731 843 1786 etiam
857 1728 1524 1801 intelligitomniaopera
1537 1744 1799 1795 eorum,»

149 1821 386 1891 scilicet,
403 1837 518 1894 quo
548 1818 851 1876 intellectu
887 1818 1104 1873 faciant
1134 1817 1418 1890 quidquid
1457 1815 1680 1872 faciunt
1707 1833 1720 1871 :
1746 1818 1803 1871 et

148 1911 266 1968 haec
297 1914 391 1968 est
419 1908 678 1966 maxima
698 1907 1023 1963 beatitudo.
1056 1907 1201 1962 Cum
1233 1907 1389 1962 enim
1437 1910 1670 1961 nostras
1710 1905 1800 1959 in-

147 2000 457 2057 ﬁrmitates
492 1997 789 2071 intelligit,
824 1997 1047 2054 confert
1076 2013 1184 2052 sua
1214 1995 1424 2052 solatia
1453 1994 1643 2051 nobis.

213 2089 341 2145 Non
372 2090 607 2145 tantum
638 2086 918 2160 przedicta
946 2084 1069 2140 haec
1101 2084 1239 2140 facit
1265 2084 1440 2153 Deus,
1475 2084 1577 2139 sed
1625 2083 1803 2138 etiam

147 2177 387 2250 adjuvat
406 2192 573 2251 reges
595 2178 651 2231 et
670 2175 939 2248 gigantes
955 2173 983 2228 ‘?
1007 2174 1163 2245 quod
1185 2172 1468 2229 auxilium
1483 2190 1517 2228 a
1536 2172 1652 2228 Deo
1672 2187 1804 2227 vere

147 2266 548 2323 necessarium
578 2268 690 2332 est,
721 2263 861 2337 quia
888 2262 1015 2318 sine
1044 2278 1109 2318 eo
1141 2284 1169 2311 ‹‹
1202 2277 1319 2318 non
1350 2260 1610 2318 salvatur
1630 2277 1749 2329 rex,
1776 2282 1803 2308 ››

146 2352 201 2411 1111
232 2360 342 2425 est,
374 2353 475 2411 ille
506 2353 607 2427 qui
639 2353 786 2408 bene
818 2346 968 2425 regit
997 2367 1166 2407 suam
1200 2349 1623 2418 terrenitatem,
1647 2373 1675 2400 ‹‹
1702 2366 1807 2423 per

146 2442 396 2513 multam
412 2442 691 2499 virtutem
715 2461 743 2491 »
767 2458 937 2497 suam
960 2440 1202 2508 scilicet,
1216 2439 1353 2496 licet
1372 2440 1527 2497 Deus
1546 2439 1808 2496 dedisset

146 2534 255 2608 ipsi
278 2535 503 2591 multas
522 2533 799 2602 virtutes;
825 2552 852 2582 ‹‹
879 2536 936 2588 et
956 2532 1182 2605 gigas,»
1204 2530 1264 2587 id
1286 2534 1393 2599 est,
1409 2530 1509 2604 qui
1531 2530 1696 2586 fortis
1717 2531 1809 2585 est

152 2623 221 2679 ad
243 2621 633 2697 pugnandum
657 2624 861 2676 contra
880 2618 1154 2675 inimicos
1175 2618 1297 2688 Dei,
1318 2623 1375 2674 et
1394 2618 1557 2675 velox
1587 2618 1660 2674 ad
1681 2634 1809 2674 cur-

152 2710 400 2768 reddum
423 2726 528 2784 per
552 2710 708 2766 viam
738 2707 1125 2781 propositam,
1158 2730 1186 2757 «
1219 2724 1338 2763 non
1377 2706 1700 2763 salvabitur
1747 2706 1806 2760 in

151 2800 534 2855 multitudine
548 2798 785 2854 virtutis
807 2813 985 2864 suae,»
1010 2796 1068 2851 id
1090 2795 1590 2868 est,perfvirtutem
1613 2808 1807 2863 suam,

148 2887 421 2961 quamvis
450 2886 665 2942 habeat
692 2883 965 2951 multam,
990 2884 1105 2939 nisi
1136 2883 1252 2939 Deo
1283 2884 1618 2954 adjuvante.

218 2998 246 3027 ‹‹
276 2977 484 3049 Equus
502 2974 737 3041 etiam,»
757 2972 813 3027 id
836 2971 1213 3038 est,humana
1233 2971 1638 3042 felicitas,quze
1669 2971 1808 3026 sub-

154 3063 303 3120 levat
331 3058 660 3129 hominem,
687 3060 861 3114 sicuti
894 3075 1081 3130 equus
1129 3075 1441 3125 sessorem,
1465 3062 1553 3115 est
1583 3080 1610 3107 «
1634 3057 1811 3113 fallax

147 3153 214 3209 a’d
263 3151 523 3208 salutem
557 3171 585 3199 »
618 3165 797 3221 quam
835 3147 1065 3202 videtur
1103 3147 1442 3219 promittere
1476 3163 1489 3200 :
1525 3163 1630 3201 nec
1680 3145 1809 3202 dico

148 3240 299 3314 quod
323 3241 450 3296 haec
474 3237 719 3294 felicitas
738 3237 1147 3292 tantummodo
1172 3235 1249 3290 sit
1275 3251 1482 3307 parum
1506 3234 1808 3302 fallax,sed

149 3330 326 3386 etiam
362 3330 821 3401 quantacunque
842 3323 1028 3396 possit
1060 3341 1206 3392 esse,
1241 3323 1417 3379 fallax
1457 3327 1563 3391 est,
1598 3327 1653 3379 et
1701 3324 1811 3383 hoc

150 3423 235 3476 est
267 3435 281 3474 :
320 3441 349 3467 ‹‹
375 3397 439 3491 in
469 3415 831 3471 abundantia
864 3418 1061 3468 autem
1099 3413 1337 3468 virtutis
1370 3430 1556 3479 sum,»
1587 3412 1648 3467 id
1697 3416 1804 3480 est,
1834 3397 1882 3464 C

148 3506 206 3563 in
237 3505 569 3563 abundanti
595 3501 812 3558 virtute
843 3501 1275 3571 divitiarum,id
1307 3506 1413 3569 est,
1449 3501 1508 3555 in
1543 3500 1808 3556 multitu-

152 3594 286 3654 dine
338 3593 681 3651 divitiarum
714 3616 741 3642 ‹‹
774 3609 891 3647 non
938 3589 1262 3648 salvabitur
1291 3612 1318 3639 »
1352 3589 1568 3662 aliquis
1623 3586 1819 3645 homif

153 3688 316 3742 nam.

220 3774 352 3831 Haec
385 3772 665 3847 pradicta
699 3772 922 3828 salvare
969 3773 1292 3842 nequeunt,
1325 3769 1428 3825 sed
1459 3792 1487 3819 «
1512 3786 1662 3837 ecce,
1702 3791 1730 3818 »
1751 3767 1811 3824 id

154 3866 256 3937 est,
271 3863 333 3919 in
364 3862 681 3919 manifesto
708 3859 962 3916 habetur
983 3859 1243 3925 salvatio,
1268 3859 1491 3914 scilicet
1517 3881 1543 3908 »
1573 3857 1748 3929 oculi,
1785 3880 1813 3906 »

155 3950 211 4007 id
236 3948 765 4021 e'st,misericordia
786 3971 813 3999 «
839 3948 1140 4014 Domini,»
1165 3953 1305 4004 sunt
1333 3969 1361 3998 «
1386 3964 1564 4020 super
1596 3947 1815 4002 timen-

155 4043 241 4097 tes
270 4057 430 4110 eum,
465 4043 524 4096 et
549 4039 611 4094 in
643 4038 729 4095 eis
759 4037 862 4111 qui
901 4041 1142 4109 sperant
1190 4054 1367 4109 super
1413 4035 1817 4093 misericordia

155 4128 300 4201 ejus.
328 4152 357 4179 η
389 4126 549 4185 Deus
572 4126 740 4184 oculo
762 4125 1178 4183 misericordiae
1208 4130 1265 4182 et
1295 4142 1355 4181 se
1386 4129 1715 4181 metuentes
1758 4128 1817 4180 et

156 4215 213 4272 in
242 4222 550 4291 sperantes
581 4215 812 4289 aspicit.

216 4307 331 4374 Qui
360 4308 612 4380 'sperant
641 4306 714 4362 ad
742 4305 875 4374 hoc,
907 4304 1133 4360 scilicet
1154 4327 1181 4353 «
1214 4292 1281 4358 ut
1315 4324 1341 4351 »
1372 4302 1496 4374 ipse
1532 4325 1557 4351 α
1593 4307 1760 4358 eruat
1787 4323 1814 4351 »

159 4402 254 4452 eos
275 4419 303 4447 ‹‹
334 4406 375 4452 'a
394 4399 588 4451 morte
612 4417 639 4443 ››
663 4398 879 4450 aeterna
905 4417 931 4443 α
957 4397 1014 4448 et
1035 4392 1154 4448 alat
1178 4409 1277 4448 eos
1303 4414 1330 4441 ››
1362 4391 1422 4446 in
1439 4390 1693 4463 justitia,
1709 4414 1735 4439 ‹‹
1754 4389 1815 4444 in

159 4484 309 4542 fa'me
330 4502 360 4536 δ)
381 4484 639 4552 'seiIicet,
672 4484 734 4538 in
776 4483 885 4538 hac
922 4480 1136 4553 vita,in
1169 4498 1290 4553 qua
1312 4479 1607 4553 justitiam
1638 4478 1819 4535 esuri-

160 4586 311 4644 mus,
343 4573 439 4651 vel.
468 4575 536 4630 ad
573 4573 682 4628 hoc
715 4571 1094 4628 continuatur
1122 4571 1277 4642 quod
1312 4569 1453 4625 dicit
1482 4592 1510 4619 «
1535 4568 1688 4625 oculi
1712 4568 1819 4624 Do-

162 4662 302 4719 mini
324 4662 507 4737 super
527 4662 791 4735 justos,»
825 4661 897 4717 ad
928 4660 1039 4717 hoc
1065 4658 1306 4728 scilicet,
1344 4682 1371 4708 «
1404 4662 1469 4713 ut
1497 4659 1620 4730 ipse
1653 4661 1820 4713 eruat

163 4768 196 4807 a
222 4757 406 4833 morte
430 4751 663 4808 animas
693 4767 919 4807 eorum.
958 4771 986 4798 ι)

228 4838 300 4897 Et
318 4840 803 4915 quandoquidem
826 4837 1113 4894 Dominus
1132 4837 1267 4892 talis
1289 4840 1399 4904 est,
1413 4834 1816 4907 scilicet,quod

163 4928 305 4986 bene
337 4930 477 4986 facit
503 4927 919 4986 aec'edentibus
949 4927 1021 4982 ad
1064 4943 1221 4994 eum,
1254 4924 1384 4980 ideo
1415 4947 1443 4974 «
1473 4923 1671 4980 anima
1716 4941 1820 4978 no-

165 5021 302 5088 stra,
340 5041 369 5068 η
404 5018 629 5075 scilicet
658 5016 954 5090 propheta:
985 5021 1043 5072 et
1073 5012 1496 5080 consimilium,
1524 5036 1552 5063 «
1578 5012 1824 5070 suitinet

167 5105 503 5176 Dominum,
538 5106 820 5178 quoniam
854 5125 882 5154 υ
915 5105 1040 5177 ipse
1088 5103 1373 5160 Dominus
1419 5106 1508 5157 est
1530 5126 1557 5151 «
1591 5101 1825 5173 adjutor

168 5200 363 5253 noster
394 5219 422 5247 »
445 5197 518 5253 ad
552 5197 698 5251 bene
729 5193 1093 5267 operandum
1128 5215 1156 5243 «
1181 5196 1238 5248 et
1258 5195 1549 5265 protector
1571 5213 1599 5239 ››
1622 5194 1826 5246 contra

167 5283 279 5341 tela
308 5283 802 5342 adversariorum.
1295 5290 1307 5296 '

234 5370 389 5431 Bene
410 5374 539 5431 dico
553 5374 711 5447 quod
733 5372 1008 5445 sustinet,
1034 5395 1061 5422 ‹‹
1086 5370 1226 5444 quia
1256 5391 1286 5421 ››
1314 5386 1449 5425 cum
1480 5367 1684 5424 laetitia
1703 5386 1829 5425 sus-

169 5460 328 5532 tinet,
363 5467 421 5520 et
449 5463 560 5518 hoc
589 5465 679 5519 est
701 5485 731 5513 ‹‹
761 5460 822 5517 in
873 5478 939 5518 eo
976 5459 1290 5528 laetabitur,
1326 5481 1353 5508 »
1392 5457 1453 5512 id
1502 5461 1611 5529 est,
1645 5458 1820 5513 modo

168 5548 413 5621 laetatur,
437 5556 495 5607 et
533 5550 930 5625 perseverabit
978 5549 1230 5605 laetando
1262 5571 1289 5597 ‹‹
1323 5564 1422 5603 cor
1463 5549 1754 5602 nostrum.
1789 5568 1817 5595 «

170 5639 238 5695 Et
266 5642 411 5697 bene
434 5640 564 5698 dico
587 5640 743 5714 quod
766 5639 1081 5710 lmtabitur,
1096 5638 1235 5711 quia
1247 5638 1375 5709 jam
1408 5658 1433 5684 ‹‹
1457 5634 1822 5707 speravimus

174 5726 231 5784 in
261 5728 501 5786 nomine
529 5731 658 5803 ejus
690 5731 917 5785 sancto.
954 5750 981 5777 ››

222 5815 308 5874 Et
328 5834 358 5867 cr
378 5816 883 5891 quemadmodum
905 5816 1271 5889 speravimus
1287 5815 1347 5870 in
1370 5808 1446 5882 te,
1462 5831 1494 5870 o
1524 5811 1770 5869 Domine
1795 5836 1821 5861 ι)

1910 750 2148 807 nomine
2170 750 2399 806 Domini
2434 756 2624 820 cst,ox
2647 751 2754 807 hoc
2778 751 2935 823 quod
2962 767 3174 807 nomen
3206 766 3383 806 suum
3415 751 3563 819 orat,

1910 840 2124 895 habere
2156 858 2319 912 spem
2342 842 2467 895 vitro
2496 846 2740 896 acterna).

2358 949 2430 1004 IN
2473 948 2821 1005 PSALMUM
2861 948 3108 1003 XXXIII.

1911 1038 2165 1094 Trruws
2202 1056 2213 1094 :
2247 1038 2499 1094 Psalmus
2528 1039 2701 1092 David
2731 1055 2854 1093 cum
2882 1045 3117 1093 mutaret
3146 1037 3356 1091 vultum
3401 1051 3568 1091 suum

2087 1128 2272 1166 coram
2301 1110 2624 1177 Abinwlcch,
2659 1118 2708 1164 et
2736 1111 2947 1164 dimisit
2976 1126 3120 1173 cum,
3153 1117 3203 1163 et
3230 1108 3386 1163 abiit.

1984 1222 2012 1249 ‹‹
2046 1198 2392 1253 Benedicam
2417 1198 2686 1253 Domino.
2715 1221 2741 1248 ››
2774 1198 3012 1270 Legitur
3042 1199 3102 1252 in
3125 1196 3390 1265 historia,
3408 1197 3565 1269 quod

1914 1288 2089 1343 David
2114 1288 2265 1358 fugit
2285 1286 2749 1359 persecutionem
2775 1287 3021 1354 Salis,et
3067 1286 3225 1342 venit
3263 1287 3333 1341 ad
3366 1302 3563 1360 regem

1909 1377 2105 1432 Achis.
2138 1377 2403 1448 Cumque
2435 1376 2777 1447 aliquandiu
2810 1377 2919 1430 sub
2953 1393 3017 1430 eo
3051 1375 3383 1447 militasset,
3406 1372 3562 1447 apud

1911 1482 2106 1538 regem
2140 1469 2450 1521 accusatus
2472 1470 2560 1521 est
2581 1470 2815 1538 propter
2834 1464 3393 1520 invidiam.Timens
3427 1478 3564 1535 ergo

1912 1553 2182 1609 damnari
2214 1553 2395 1609 David
2428 1555 2499 1609 ab
2534 1554 2636 1622 eis,
2674 1553 3014 1625 areptitium
3045 1569 3107 1609 se
3158 1550 3479 1620 simulavit,
3509 1552 3568 1606 et

1911 1646 2148 1715 propter
2175 1660 2242 1699 ea
2267 1643 2495 1698 dimisit
2517 1659 2649 1698 eum
2671 1641 3008 1697 Abimelech
3035 1640 3124 1697 vel
3144 1639 3320 1697 Achis
3347 1657 3359 1697 :
3384 1638 3564 1696 unius

1911 1734 2069 1790 enim
2104 1734 2259 1806 regis
2291 1733 2532 1789 nomina
2562 1736 2719 1801 sunt,
2756 1734 2854 1789 sed
2889 1731 3064 1788 Achis
3094 1731 3401 1804 proprium
3433 1732 3559 1786 est:

1911 1827 1968 1879 et
1999 1823 2083 1879 sic
2114 1823 2294 1878 David
2326 1822 2602 1889 evasit,et
2632 1821 2795 1877 abiit.
2813 1820 3152 1876 Abimelech
3184 1824 3380 1875 autem
3412 1834 3565 1874 com-

1911 1929 2091 1968 mune
2123 1929 2335 1967 nomen
2367 1916 2492 1967 erat
2522 1910 2676 1983 regis
2706 1914 2872 1965 terra:
2922 1909 3176 1977 illius,et
3219 1907 3399 1964 Achis
3430 1923 3565 1980 pro-

1832 2008 1881 2101 B
1911 2001 2107 2073 prium
2173 1999 2386 2101 ct‘ideo
2403 1999 2568 2101 ponit
2597 2015 2812 2101 nom‘en
2834 1998 2943 2101 hoc
2963 1994 3324 2101 Abimelecb,
3348 1995 3486 2068 quia
3502 1998 3571 2101 et

1911 2089 2356 2146 convenientius
2387 2092 2494 2156 est,
2529 2088 2856 2143 secundum
2886 2086 2996 2142 hoc
3028 2086 3185 2159 quod
3223 2101 3381 2140 nunc
3424 2084 3565 2158 agit,

1915 2176 2728 2253 prepterinterpretationem.
2743 2176 2880 2231 Post
2901 2174 3062 2230 illam
3082 2179 3280 2231 autem
3300 2170 3572 2228 mutatio-

1916 2285 2050 2324 nem
2083 2267 2262 2323 David
2313 2265 2609 2339 psalmum
2661 2265 2843 2321 istum
2893 2262 3227 2335 composuit
3262 2279 3274 2317 :
3310 2278 3417 2317 nec
3443 2262 3571 2317 ideo

1916 2356 2069 2430 quod
2103 2357 2174 2411 de
2207 2354 2308 2411 illa
2338 2354 2665 2410 mutatione
2694 2352 2913 2409 carnali
2944 2351 3295 2418 intenderet,
3328 2349 3430 2405 sed
3471 2365 3575 2421 per

1915 2445 2079 2502 illam
2112 2443 2478 2518 spiritualem
2503 2443 2889 2499 mutationem
2917 2440 3218 2497 intellexit.
3235 2437 3468 2495 Titulus
3489 2436 3574 2494 sic

1914 2535 2246 2609 exponitur,
2271 2532 2542 2589 Psalmus
2574 2532 2685 2587 iste
2718 2531 2991 2587 convenit
3024 2530 3205 2585 David
3255 2527 3571 2602 propheta,

1915 2624 2154 2681 habitus
2187 2623 2258 2679 de
2288 2622 2589 2694 hoc,quod
2624 2644 2651 2671 ‹‹
2677 2619 3059 2676 commutavit
3078 2618 3308 2674 vultum
3330 2632 3526 2685 suum,
3544 2637 3573 2665 ››

1916 2712 1976 2768 id
2010 2711 2495 2780 est,voluntatem
2524 2707 2877 2765 suam.Cum
2913 2708 3069 2763 enim
3102 2706 3267 2778 prius
3294 2705 3353 2760 in
3376 2720 3577 2760 carna-

1916 2800 2074 2857 libus
2123 2798 2509 2855 observantiis
2556 2797 2857 2851 immorari
2907 2795 3209 2863 voluisset,
3240 2792 3576 2865 intelligens

1917 2893 2120 2961 postea
2142 2905 2241 2943 eas
2259 2887 2405 2942 nihil
2428 2885 2640 2953 valere,
2659 2887 2758 2940 sed
2790 2885 2850 2939 in
2875 2884 2996 2940 solo
3020 2884 3135 2939 Deo
3157 2878 3574 2939 conﬁdendum

1918 2994 2066 3033 esse.
2105 2977 2263 3031 Licet
2292 2975 2448 3029 enim
2477 2974 2803 3029 secundum
2836 2971 3024 3045 legem
3049 2971 3274 3026 hostias
3304 2966 3576 3025 immola-

1918 3069 2027 3133 ret,
2064 3081 2179 3119 non
2208 3067 2405 3117 tamen
2437 3062 2496 3116 in
2529 3060 2647 3116 illis
2696 3061 3046 3128 conﬁdebat,
3071 3059 3172 3115 sed
3212 3074 3316 3130 per
3360 3073 3459 3113 eas
3490 3073 3579 3112 sa-

1921 3149 2493 3210 criﬁciumEcelesize
2517 3149 2698 3205 intelli
2706 3150 2897 3222 gebat.
2915 3148 3162 3203 Mutavit
3183 3146 3312 3203 dico
3339 3162 3577 3202 «coram

1918 3240 2276 3307 Abimelech,
2315 3262 2341 3287 ››
2374 3239 2432 3293 id
2460 3242 2566 3306 est,
2602 3239 2839 3305 Jndazis,
2874 3237 2972 3309 qui
3005 3236 3283 3292 dicuntur
3328 3251 3576 3309 regnum

1921 3331 2105 3406 patris
2141 3347 2153 3385 :
2189 3328 2290 3385 Dei
2324 3334 2521 3383 autem
2556 3328 2740 3400 patris
2771 3327 3038 3381 omnium
3069 3324 3258 3381 Judaei
3289 3327 3457 3381 erant
3488 3339 3577 3379 re-

1922 3418 2348 3494 gnum.Coram
2371 3417 2592 3472 Judreis
2628 3416 2772 3471 nihil
2804 3415 2996 3471 valere
3036 3413 3323 3470 sacrificia
3362 3411 3578 3468 vitulo-

1921 3525 2074 3581 rum,
2091 3508 2193 3563 sed
2226 3506 2332 3562 soli
2373 3507 2489 3561 Deo
2522 3505 2979 3561 sacrificandum
3012 3520 3139 3559 esse
3187 3500 3578 3575 prophetavit,

1920 3614 2056 3653 cum
2086 3595 2233 3651 dixit
2256 3612 2269 3650 :
2296 3620 2321 3643 ‹‹
2349 3595 2474 3650 Non
2499 3594 2783 3665 accipiam
2810 3593 2881 3647 de
2902 3593 3075 3648 domo
3098 3595 3200 3647 tua
3217 3589 3453 3660 vitulos,
3484 3592 3577 3647 nc-

1923 3703 2036 3759 que
2050 3686 2118 3740 de
2132 3683 2409 3758 gregibus
2424 3682 2542 3738 tuis
2555 3683 2749 3737 hircos
2764 3682 2931 3751 (Psal.
2948 3681 3121 3749 χειν.)
3137 3704 3163 3730 ››
3188 3703 3216 3731 ‹‹
3237 3680 3309 3735 Et
3326 3679 3576 3735 iterum:

1925 3774 2292 3832 Sacriﬁcium
2326 3772 2442 3827 Deo
2475 3771 2720 3844 spiritus
2770 3769 3202 3826 contribulatus
3232 3767 3403 3841 (Psal.
3439 3769 3513 3836 L).
3547 3789 3578 3819 »

1924 3866 1992 3921 Et
2009 3864 2280 3919 iterum.«
2298 3860 2664 3917 Sacrificium
2688 3863 2743 3914 et
2759 3859 3110 3913 oblationem
3136 3855 3579 3922 noluisti,aures

1926 3957 2143 4017 autem,
2170 3955 2279 4006 etc.
2307 3972 2332 3998 ››
2356 3949 2528 4017 (Psal.
2549 3950 2760 4013 χχχιχ.)
2780 3947 2848 4000 Et
2870 3946 3023 4001 sicut
3049 3941 3383 3997 Abimelech
3406 3958 3580 4014 repu-

1925 4042 2069 4097 tavit
2089 4038 2361 4097 eumdem
2385 4036 2563 4092 David
2590 4052 2718 4090 esse
2736 4034 3033 4101 insanum,
3054 4032 3137 4085 sic
3150 4029 3337 4105 Judaei
3355 4034 3584 4100 reputa~

1925 4130 2134 4184 verunt
2163 4140 2299 4181 eum
2328 4123 2628 4188 insanum,
2655 4138 2789 4175 cum
2821 4120 2881 4174 in
2915 4120 3065 4175 ritus
3098 4135 3237 4175 suos
3267 4134 3382 4173 non
3408 4108 3587 4172 conii-

1925 4217 2062 4272 derc
2106 4215 2522 4285 cognoverunt,
2555 4214 2613 4265 et
2656 4214 2795 4264 tunc
2843 4207 3203 4277 Abimelech,
3234 4205 3294 4261 in
3335 4221 3585 4278 regnum

1926 4303 2131 4377 patris,
2166 4300 2390 4355 scilicet
2430 4298 2638 4365 Judaei,
2675 4298 3029 4353 dimiserunt
3077 4313 3234 4365 eum,
3267 4300 3323 4352 et
3368 4294 3417 4351 si
3466 4298 3585 4350 non

1927 4389 2323 4464 corporaliter,
2358 4392 2553 4443 tamen
2588 4387 2885 4443 voluntate
2911 4403 2924 4442 :
2953 4390 3011 4442 et
3033 4387 3114 4441 ita
3136 4385 3317 4441 David
3337 4383 3501 4452 abiit,
3524 4382 3585 4438 id

1926 4486 2035 4550 est,
2072 4480 2142 4536 ad
2177 4478 2358 4535 alium
2389 4475 2586 4543 ritum,
2608 4475 2663 4530 id
2689 4480 2777 4531 est
2802 4473 3358 4545 Christianum,jam
3390 4476 3584 4528 trans-

1926 4572 2013 4628 iit.
2048 4571 2243 4625 Potest
2272 4566 2448 4621 etiam
2483 4564 2752 4619 Christus
2786 4563 2943 4634 loqui
2978 4562 3037 4617 in
3088 4562 3198 4617 hoc
3245 4559 3494 4633 psalmo,
3530 4564 3588 4616 et

1929 4658 2231 4717 conveniet
2254 4654 2537 4728 expositio
2569 4651 2918 4719 tituli,sicut
2956 4649 3244 4706 historiali
3270 4648 3466 4717 David,
3501 4636 3586 4705 sic

1848 4758 1893 4823 D
1923 4749 2190 4825 psalmus
2208 4744 2305 4801 isti
2330 4743 2597 4801 convenit
2618 4740 2894 4808 David,id
2919 4739 3284 4809 est,Christo,
3301 4753 3436 4793 cum
3461 4744 3588 4793 mu-

1929 4824 2071 4895 tavit
2097 4832 2349 4898 vultum,
2380 4830 2438 4885 id
2472 4834 2582 4897 est,
2615 4827 2977 4884 voluntatem
3011 4842 3204 4895 suam,
3237 4841 3372 4881 cum
3419 4824 3585 4898 prius

1929 4927 2117 4999 legem
2138 4921 2417 4985 ostendit,
2434 4923 2636 4992 postea
2666 4917 2853 4991 legem
2878 4914 3022 4971 nihil
3053 4913 3373 4982 valere,sed
3394 4912 3587 4970 solum

1931 5029 2143 5086 corpus
2174 5027 2349 5066 suum
2380 5008 2735 5064 sumendum
2767 5022 2915 5075 esse,
2949 5020 3084 5060 cum
3128 5003 3379 5059 diceret:
3407 5025 3434 5053 «
3462 5001 3589 5058 Nisi

1932 5098 2423 5159 manducaveritis
2473 5113 2709 5152 carnem
2756 5095 2861 5149 filii
2912 5093 3190 5161 hominis,
3224 5096 3280 5148 et
3324 5091 3592 5148 biberitis

1933 5194 2062 5265 ejus
2120 5187 2493 5261 sanguinem,
2553 5202 2669 5240 non
2730 5183 3027 5239 habebitis
3096 5182 3247 5238 vitas
3302 5180 3362 5236 in
3427 5179 3593 5237 vobis

1936 5282 2111 5354 (Joan.
2144 5278 2247 5350 v1.)
2282 5300 2308 5325 ››
2342 5275 2590 5331 Mutavit
2620 5274 2749 5328 dico
2782 5288 2978 5327 coram
3012 5269 3370 5337 Abimelech,
3391 5268 3451 5322 id
3482 5272 3594 5337 est,

1935 5385 2132 5426 coram
2155 5365 2397 5433 Judaeis,
2415 5367 2472 5419 et
2502 5362 2630 5418 ideo
2656 5362 3011 5417 dimiserunt
3031 5376 3165 5416 eum
3186 5355 3459 5425 Judaei,id
3482 5359 3589 5425 est,

1931 5455 2317 5530 spiritualiter
2347 5455 2718 5508 recesserunt
2750 5452 2822 5506 ab
2866 5466 2955 5516 eo,
2990 5453 3047 5505 et
3090 5448 3268 5504 etiam
3317 5443 3591 5517 discipuli

1931 5547 2201 5602 abierunt
2230 5545 2478 5609 retro,et
2510 5540 2594 5595 sic
2625 5539 2893 5595 Christus
2928 5538 3073 5593 abiit
3102 5538 3173 5591 ab
3209 5536 3294 5592 eis
3326 5538 3591 5590 remotus

1932 5654 1966 5691 a
1995 5635 2119 5707 lege
2143 5648 2364 5688 eorum.
2390 5628 2633 5684 Materia
2664 5632 2752 5683 est
2780 5627 3048 5682 Christus
3081 5626 3408 5681 secundum
3431 5624 3589 5680 hunc

1932 5740 2147 5781 novum
2174 5718 2583 5787 statum,hanc
2606 5719 2690 5773 sic
2717 5716 3056 5789 exsequitur
3079 5734 3091 5771 :
3117 5716 3177 5770 in
3212 5713 3403 5789 prima
3423 5718 3590 5788 parte

1931 5813 2135 5870 laudat
2163 5810 2315 5865 hanc
2347 5807 2663 5863 novitatem
2699 5805 2995 5875 sacrificii,
3027 5809 3083 5861 et
3128 5805 3402 5860 admonet
3449 5819 3587 5860 con-
