3914 6366
344 429 465 496 307

728 430 1139 493 HAYMONIS
1182 429 1718 491 HALBERSTAT.
1764 426 2014 489 EPIST.
2058 426 2211 489 OPP
2252 428 2457 490 PARS
2502 428 2551 489 Ι.
2597 462 2677 473 -
2719 428 3127 491 COMMENT.
3173 429 3376 491 BIBL.

3650 429 3776 492 308

348 566 537 623 sortes
560 581 719 635 suos,
737 566 802 619 ut
822 563 1281 619 secumlaudent
1301 560 1720 617 Dominum.ln
1744 562 2005 617 secunda
2029 558 2086 626 Α
2114 576 2271 629 eum,
2304 565 2361 617 et
2391 579 2459 618 ex
2490 564 2766 619 omnibus
2815 562 3295 621 tribulationibus
3343 564 3473 636 ejus
3525 562 3781 621 salvavit

348 659 514 729 parte
534 654 811 709 admonet
831 652 1033 708 ﬁdeles
1065 652 1133 707 ad
1169 651 1679 725 participationem
1713 650 2003 706 Dominici

349 743 710 815 corporis,ut
740 743 811 797 ad
846 742 953 797 hoc
980 760 1040 797 se
1072 742 1282 815 dignos
1334 746 1681 813 praeparent.
1718 741 1781 796 In
1832 741 2005 796 tertia

348 837 512 906 parte
543 831 819 887 admonet
850 832 1047 899 rudes,
1078 835 1144 887 ut
1175 832 1246 885 ad
1290 830 1442 884 hanc
1489 830 1805 885 novitatem
1850 847 2006 885 acce-

348 922 509 977 dant.
532 921 593 976 In
625 923 835 991 quarta
866 923 1029 991 parte
1060 919 1225 991 ponit
1264 936 1495 984 causas,
1522 936 1699 991 quare
1723 919 1805 973 sic
1842 935 2003 974 acce-

348 1011 632 1078 dendum,
653 1008 898 1075 scilicet,
914 1009 1055 1082 quia
1081 1010 1230 1064 Deus
1252 1009 1422 1063 bonis
1453 1009 1609 1063 bona
1631 1008 1921 1076 retribuit,
1948 1012 2007 1063 et

348 1098 523 1155 malis
543 1097 720 1155 mala.
746 1100 891 1155 Item
912 1102 1113 1154 monet
1139 1115 1364 1165 omnes,
1399 1102 1464 1153 ut
1496 1098 1565 1153 ad
1599 1097 1751 1152 hanc
1784 1097 2005 1152 novita-

346 1191 466 1245 tem
494 1188 797 1257 accedant,
835 1191 891 1244 et
923 1187 1028 1256 sic,
1064 1187 1184 1243 sive
1207 1186 1497 1253 Christus,
1529 1186 1649 1242 sive
1700 1185 2005 1259 propheta,

348 1295 384 1335 a
411 1277 584 1335 laude
614 1276 722 1334 Dei-
748 1275 1097 1351 ingreditur,
1132 1276 1330 1332 dicens
1365 1292 1378 1331 :

421 1366 569 1434 Quia
588 1362 906 1439 aliquando
927 1365 1195 1422 benedixi
1217 1365 1534 1422 Dominum
1558 1382 1662 1437 pro
1680 1363 2012 1437 te‘mporali-

352 1456 487 1525 bus,
521 1456 695 1512 modo
728 1478 756 1505 ‹‹
788 1455 1157 1523 benedicam,
1195 1477 1223 1504 »
1254 1455 1312 1511 id
1345 1458 1455 1521 est,
1486 1454 1736 1511 laudabo
1760 1479 1787 1506 ‹‹
1813 1454 2009 1511 Domi-

353 1561 520 1614 num,
548 1566 574 1593 ››
607 1562 723 1601 non
742 1548 975 1601 tantum
1000 1561 1134 1600 cum
1158 1544 1395 1601 Judaeos
1426 1549 1731 1617 prosperat
1750 1545 1906 1600 sicut
1926 1561 2014 1600 so-

354 1633 689 1702 lebam,sed
714 1657 741 1683 ‹‹
768 1634 827 1688 in
851 1634 1011 1689 omni
1038 1638 1323 1705 tempore,
1346 1656 1373 1682 »
1406 1636 1461 1689 et
1490 1633 1599 1689 hoc
1630 1633 1800 1690 bonis
1824 1633 2010 1706 operi-

353 1724 467 1779 bus
495 1723 850 1793 inhaerendo,
874 1727 930 1778 ct
969 1722 1125 1778 sicut
1166 1721 1421 1778 laudabo
1452 1739 1586 1778 eum
1618 1723 1676 1776 in
1710 1722 2012 1795 operibus,

353 1811 438 1869 sic
461 1835 488 1861 ‹‹
513 1828 747 1884 semper
776 1812 905 1868 laus
935 1813 1062 1883 ejus
1096 1811 1155 1866 in
1189 1828 1287 1867 ore
1318 1827 1469 1879 meo,
1501 1834 1528 1860 ››
1560 1810 1617 1867 id
1642 1811 2010 1879 est,laudabo

351 1918 487 1959 eum
516 1917 671 1957 voce.
703 1900 807 1956 Vel
836 1899 920 1956 sic
959 1899 1223 1973 loquitur
1254 1917 1275 1999 ε.
1301 1900 1408 1966 Qui
1460 1916 1693 1973 semper
1741 1900 2008 1957 benedixi
2040 1933 2090 1999 Β

343 1990 685 2062 Dominum,
719 1990 1061 2047 benedicam
1093 2005 1228 2046 eum
1260 1989 1320 2045 in
1351 1990 1510 2046 omni
1546 1994 1826 2063 tempore.

417 2080 570 2137 Bene
591 2078 1012 2150 dico,laudabo
1035 2070 1531 2151 Domin'um;quia
1552 2096 1655 2151 per
1672 2078 1783 2137 hoc
1802 2078 2007 2135 lauda-

340 2168 481 2226 bilis
502 2168 612 2225 erit
632 2169 833 2226 anima
857 2185 1023 2225 mea:
1049 2172 1107 2224 et
1137 2167 1247 2225 hoc
1278 2171 1368 2224 est
1400 2185 1413 2224 :
1449 2192 1475 2219 «
1504 2168 1703 2224 anima
1728 2186 1859 2224 mea
1878 2167 2007 2224 lau-

340 2258 601 2327 dabitur,
636 2281 665 2308 »
697 2258 756 2313 id
784 2262 890 2327 est,
905 2256 1222 2313 laudabilis
1244 2257 1548 2330 apparebit
1575 2257 1851 2314 habitans
1883 2281 1909 2308 ‹‹
1947 2257 2007 2313 in

341 2348 611 2417 Domino,
638 2371 666 2398 »
698 2352 755 2404 et
782 2364 887 2420 per
905 2348 1015 2403 hoc
1032 2346 1291 2403 ostendit
1313 2346 1629 2402 Dominum
1647 2346 2006 2403 laudabilem

339 2438 531 2508 valde,
548 2454 682 2495 cum
714 2442 952 2511 propter
971 2453 1272 2493 accessum
1293 2435 1454 2492 illius
1472 2436 1672 2491 anima
1688 2435 2006 2492 laudabilis

339 2528 845 2601 comprobatur,et
863 2526 1019 2599 quod
1042 2542 1146 2598 ego
1168 2525 1299 2580 dico
1318 2548 1345 2575 «
1374 2525 1619 2580 audiant
1640 2526 1955 2594 mansueti,
1977 2548 2004 2575 »

345 2618 407 2675 id
439 2622 547 2687 est,
571 2616 904 2690 intelligant
931 2614 1189 2671 humiles
1222 2637 1250 2665 ‹‹
1283 2618 1340 2670 et
1371 2636 1399 2663 »
1432 2613 1736 2671 audientes
1759 2638 1786 2665 «
1812 2615 2007 2671 laeten-

343 2711 446 2766 tur
478 2730 507 2757 »
535 2705 776 2774 scilicet,
811 2706 883 2762 de
912 2704 1024 2761 hac
1056 2703 1332 2760 novitate.

410 2797 481 2854 Et
511 2794 989 2870 quandoquidem
1022 2793 1221 2849 anima
1254 2808 1387 2849 mea
1406 2810 1509 2866 per
1531 2809 1666 2850 eum
1687 2793 2004 2850 laudabilis

339 2888 449 2954 est,
465 2901 602 2958 ergo
622 2900 725 2940 vos
756 2885 1058 2939 consortes
1090 2904 1118 2931 «
1154 2881 1527 2955 magniﬁcate
1550 2882 1868 2938 Dominum
1888 2899 2004 2938 mc-

342 2990 500 3042 cum,
538 2996 565 3023 »
614 2973 675 3028 id
723 2976 831 3045 est,
865 2970 1253 3044 praedicemus
1299 2987 1434 3027 eum
1484 2970 1806 3045 gloriosum
1851 2971 2005 3027 inter

340 3062 560 3122 multas
582 3065 880 3136 gentes,et
910 3077 1026 3116 non
1049 3059 1241 3116 solum
1276 3060 1472 3133 ipsum
1508 3062 1819 3118 Dominum
1877 3078 2001 3116 ma-

340 3153 710 3228 gniﬁcemus,
746 3151 845 3206 sed
894 3174 921 3199 ‹‹
955 3148 1278 3206 exaltemus
1310 3167 1524 3206 nomen
1558 3152 1707 3223 ejus.
1746 3173 1773 3199 »
1813 3150 2000 3206 Deum

340 3242 691 3310 exaltamus,
726 3256 861 3296 cum
892 3255 1027 3295 eum
1072 3239 1534 3311 omnipotentem
1583 3240 1999 3312 praedicamus,

340 3334 400 3390 et
428 3335 557 3386 tum
590 3307 806 3385 nomen
838 3329 987 3399 ejus,
1010 3343 1144 3382 cum
1176 3307 1322 3382 illud
1342 3344 1444 3400 per
1462 3307 1652 3384 multa
1674 3328 1802 3384 loca
1822 3307 2002 3384 eifun;
2032 3307 2074 3374 (ἶ

341 3419 561 3485 dimus,
595 3417 902 3472 tendentes
935 3438 963 3464 ‹‹
996 3414 1055 3471 in
1090 3416 1147 3470 id
1179 3417 1401 3487 ipsum,
1428 3439 1455 3465 ››
1487 3416 1545 3471 id
1577 3421 1685 3483 est,
1722 3417 1780 3471 in
1814 3418 2002 3472 unita-

340 3510 482 3575 tem,
516 3504 759 3571 scilicet,
792 3504 853 3558 in
884 3504 1089 3560 eodem
1117 3504 1351 3573 affectu,
1384 3505 1588 3560 eadem
1619 3505 2004 3562 immutabili-

343 3598 465 3651 tate
500 3592 816 3650 Dominum
846 3607 1212 3647 veneremur.

417 3682 491 3740 Ut
519 3680 776 3756 populus
806 3681 1091 3737 invitatus
1134 3681 1205 3736 ad
1238 3681 1473 3737 laudem
1526 3683 1624 3738 Dei
1674 3684 2002 3756 festinaret,

343 3772 485 3830 dicit
514 3789 643 3845 qua:
676 3771 830 3828 bona
872 3770 983 3828 sibi
1031 3770 1165 3827 inde
1215 3772 1605 3844 provenerint.
1642 3796 1671 3823 «
1704 3774 1999 3847 Exquisivi

343 3861 685 3929 Dominum,
724 3883 751 3910 »
783 3861 842 3916 id
874 3864 982 3929 est,
1017 3864 1178 3916 extra
1208 3860 1407 3917 omnia
1436 3862 1696 3933 qumsivi,
1718 3864 2003 3936 postposi-

340 3952 418 4009 tis
449 3950 725 4007 omnibus
757 3948 1213 4023 temporalibus:
1247 3974 1275 3999 «
1303 3955 1361 4005 et
1385 3950 1511 4023 ipse
1533 3953 1828 4008 exaudivit
1848 3971 2000 4019 me,»

339 4040 400 4097 id
432 4045 539 4109 est,
554 4040 648 4097 sui
665 4040 1056 4114 cognitionem
1081 4039 1227 4094 mihi
1248 4038 1523 4109 innotuit,
1550 4065 1577 4091 «
1602 4046 1657 4097 et
1673 4043 1888 4115 eripuit
1908 4059 2002 4100 me

339 4130 618 4187 omnibus
650 4128 1133 4185 tribulationibus
1160 4128 1331 4197 meis,
1355 4152 1383 4178 »
1416 4129 1473 4186 id
1496 4129 1886 4199 est,liberavit
1906 4150 1999 4189 me

340 4237 375 4277 a
406 4218 785 4275 tribulatione
816 4222 1190 4290 peccatorum
1223 4222 1280 4273 et
1310 4218 1666 4275 daemonum.

411 4309 731 4381 Postquam
773 4306 1081 4363 admonuit
1134 4308 1207 4362 ad
1257 4308 1639 4377 cantandum,
1674 4326 1874 4365 secum
1924 4312 1997 4367 ad

336 4399 529 4472 ipsam
547 4397 1025 4454 communionem
1042 4396 1172 4453 novi
1188 4397 1455 4454 sacriﬁcii
1470 4397 1718 4471 populos
1730 4398 2002 4456 hortatur

337 4485 1019 4545 acccdere.Continuatio
1047 4502 1058 4540 :
1084 4486 1230 4552 Quia
1259 4486 1369 4541 hoc
1392 4486 1536 4542 mihi
1568 4488 1724 4557 fecit,
1744 4490 1875 4545 ideo
1896 4508 1999 4547 vos

336 4574 435 4631 alii
468 4599 495 4625 «
526 4576 783 4632 accedite
806 4575 879 4631 ad
911 4592 1045 4631 eum
1085 4597 1111 4622 ››
1144 4592 1247 4647 per
1276 4576 1528 4648 gradum
1559 4576 1844 4633 virtutum
1880 4603 1907 4628 ‹‹
1943 4584 2001 4635 et

2112 665 2247 706 eum
2286 674 2311 700 »
2345 657 2408 707 ut
2431 670 2610 724 supra
2641 653 2971 724 expositum
3005 656 3113 708 est.

2185 741 2255 795 Et
2285 740 2438 795 sicut
2456 742 2741 797 Dominus
2773 741 3023 797 immisit
3043 741 3319 814 angelum
3337 743 3407 799 ad
3432 760 3525 799 me
3548 742 3782 800 salvan-

2115 828 2277 897 dum,
2305 828 2386 885 ita
2412 854 2437 879 ‹‹
2476 830 2747 886 imminet
2778 830 3054 902 angelum
3089 853 3116 881 »
3148 831 3443 888 ccelestem
3475 834 3777 905 spiritum,

2112 918 2201 973 vel
2234 919 2527 991 angelum,
2553 920 2611 975 id
2643 925 2751 991 est,
2776 920 3097 988 Christum,
3121 920 3222 994 qui
3251 925 3341 977 est
3370 922 3615 996 angelus
3650 940 3780 979 ma-

2114 1007 2214 1080 gni
2236 1008 2464 1064 consilii
2493 1026 2504 1064 :
2529 1008 2618 1065 vel
2651 1009 2950 1081 angelum,
2975 1010 3033 1064 id
3056 1015 3166 1079 est,
3192 1028 3603 1085 quemcunque
3636 1030 3781 1085 pro-

2116 1096 2257 1151 bum
2280 1098 2469 1153 virum
2493 1122 2520 1149 ‹‹
2546 1098 2605 1154 in
2633 1098 2881 1154 circuitu
2914 1098 3253 1156 timentium
3276 1116 3433 1168 eum,
3461 1123 3489 1150 »
3506 1100 3566 1157 id
3588 1106 3698 1170 est,
3715 1102 3780 1157 in

2117 1186 2273 1241 omni
2299 1191 2482 1258 parte,
2504 1187 2561 1243 id
2594 1186 2776 1255 est,in
2807 1188 2968 1242 omni
2999 1187 3348 1244 necessitate
3396 1189 3657 1246 defendit
3701 1190 3782 1245 ti-

2118 1279 2344 1330 mentes
2376 1292 2511 1332 eum
2546 1292 2559 1331 :
2594 1279 2651 1331 et
2677 1276 2801 1349 ipse
2830 1275 2918 1332 vel
2942 1275 3190 1350 angelus
3209 1276 3298 1332 vel
3328 1277 3610 1334 Dominus
3632 1278 3782 1335 mis-

2119 1380 2222 1420 sus
2254 1386 2281 1413 ‹‹
2306 1365 2513 1438 eripiet
2530 1382 2648 1421 eos.
2669 1388 2697 1415 ››
2717 1364 2924 1433 Vel,ut
2957 1364 3018 1421 in
3044 1366 3423 1438 frequentiori
3456 1366 3779 1437 invenitur,

2120 1476 2149 1502 «
2184 1453 2483 1520 immittet,
2504 1477 2531 1503 ››
2554 1455 2613 1510 id
2643 1458 2751 1522 est,
2776 1453 3208 1511 immissionem
3241 1454 3378 1511 facit
3397 1455 3469 1511 ad
3494 1455 3785 1513 defensio-

2120 1558 2254 1597 nem
2289 1565 2315 1590 ‹‹
2351 1541 2595 1614 angelus
2628 1541 2881 1609 Domini,
2907 1547 2973 1599 ut
3003 1541 3293 1599 immissio
3316 1542 3506 1615 angeli
3539 1550 3783 1601 scutum

2120 1629 2197 1685 sit
2227 1653 2253 1679 «
2288 1630 2345 1685 in
2380 1630 2625 1686 circuitu
2675 1630 3016 1687 timentium
3056 1648 3212 1687 eum.
3249 1654 3277 1681 ››
3309 1631 3469 1688 Hanc
3519 1631 3783 1689 litteram

2119 1719 2462 1791 comprobat
2504 1719 2618 1775 alia
2659 1720 2985 1788 translatio,
3021 1737 3147 1793 quae
3188 1719 3368 1777 habet
3402 1738 3414 1777 :
3450 1720 3784 1779 circumdat

2120 1808 2364 1881 angelus
2400 1809 2628 1864 Domini
2659 1810 2719 1865 in
2748 1827 2889 1883 gyro
2920 1809 3196 1866 timentes
3227 1826 3383 1866 eum.

2195 1897 2329 1954 Dico
2389 1900 2669 1969 accedite,
2715 1898 3160 1967 illuminamini,
3217 1903 3274 1955 et
3330 1901 3669 1958 accedentes
3723 1906 3786 1959 et

2121 1985 2439 2043 illuminati
2496 2011 2525 2037 ‹‹
2564 1992 2799 2061 gustato
2850 2011 2879 2038 »
2937 1987 3224 2045 Dominici
3282 1988 3541 2062 corporis
3598 1991 3785 2047 refec-

2118 2076 2392 2131 ctionem.
2439 2077 2547 2144 Qui
2605 2078 2763 2133 enim
2824 2094 2939 2133 non
3001 2078 3284 2134 accedens
3350 2095 3454 2150 per
3508 2079 3779 2149 virtutes,

2117 2168 2175 2220 et
2221 2183 2335 2221 non
2386 2165 2779 2234 illuminatus,
2810 2170 3079 2239 gustaret
3126 2166 3610 2238 illud,judicium
3657 2169 3777 2225 sibi

2118 2244 2504 2312 manducaret
2534 2261 2593 2312 et
2622 2257 2847 2312 biberet
2877 2260 2929 2325 (Ι
2955 2257 3078 2313 Cor.
3109 2257 3208 2329 xl).
3244 2279 3271 2306 «
3307 2256 3549 2313 Gustate
3573 2281 3601 2307 »
3646 2258 3782 2314 dico

2117 2366 2146 2392 ‹‹
2180 2347 2237 2399 et
2266 2344 2474 2413 videte,
2514 2368 2540 2394 »
2572 2344 2630 2401 id
2664 2350 2771 2414 est,
2805 2344 3134 2419 intelligite,
3157 2345 3294 2418 quia
3322 2346 3605 2402 Dominus
3648 2347 3779 2420 ipse

2116 2431 2384 2489 Christus
2432 2439 2538 2503 est,
2565 2452 2740 2507 quem
2789 2452 2891 2491 vos
2942 2434 3219 2508 gustatis,
3253 2439 3313 2491 et
3342 2435 3466 2508 ipse
3511 2459 3538 2485 ‹‹
3577 2436 3779 2492 Domi-

2116 2538 2229 2577 nus
2260 2523 2456 2580 suavis
2487 2529 2596 2593 est,
2619 2547 2645 2573 »
2678 2524 2819 2597 quia
2848 2529 3087 2598 peccata
3118 2524 3382 2592 dimittit,
3416 2524 3683 2582 homines
3717 2528 3780 2582 in

2114 2610 2329 2670 virtute
2377 2619 2702 2683 conservat,
2733 2619 2789 2669 et
2834 2615 3075 2671 tandem
3129 2614 3355 2670 confert
3398 2614 3578 2670 vitam
3621 2620 3784 2672 (eter-

2114 2721 2252 2761 nam
2290 2720 2302 2761 :
2337 2708 2394 2759 et
2450 2703 2588 2776 quia
2645 2703 2780 2759 talis
2837 2708 2926 2759 est
2971 2727 2999 2753 «
3048 2704 3258 2759 beatus
3317 2708 3406 2759 est
3461 2703 3549 2759 vir
3579 2727 3608 2753 »
3653 2704 3779 2774 ille,

2114 2812 2231 2851 non
2283 2793 2385 2866 qui
2444 2792 2733 2865 legalibus
2793 2792 3037 2848 confidit
3089 2792 3417 2861 sacriﬁciis,
3477 2794 3577 2848 sed
3612 2816 3640 2844 «
3674 2794 3780 2867 qui

2114 2887 2311 2956 sperat
2357 2883 2417 2938 in
2467 2898 2554 2938 eo.
2607 2905 2635 2932 »
2682 2881 2830 2949 Quia
2878 2882 3103 2937 dixerat
3152 2882 3337 2938 Deum
3398 2899 3658 2952 suavem,
3700 2900 3777 2939 ne

2112 2973 2241 3045 ejus
2275 2971 2533 3028 suavitas
2584 2971 2825 3027 tmdium
2869 2974 3192 3044 generaret,
3227 2971 3427 3027 subdit
3458 2988 3471 3028 :
3505 2972 3778 3045 quamvis

2112 3061 2189 3119 sit
2210 3061 2428 3131 suavis,
2466 3065 2664 3117 tamen
2698 3084 2723 3110 ‹‹
2758 3060 2960 3116 timete
2994 3083 3022 3109 »
3053 3076 3188 3116 eum
3224 3060 3589 3117 «Dominum
3624 3085 3651 3111 »
3683 3062 3771 3118 of-

2110 3151 2343 3207 fendere
2375 3173 2402 3200 «
2430 3150 2651 3207 sanctis
2681 3150 2830 3222 ejus,
2859 3171 2886 3198 ››
2920 3147 2978 3204 id
3005 3152 3113 3217 est,
3130 3148 3476 3205 sanctiﬁcati
3509 3150 3579 3206 ab
3601 3150 3769 3224 ipso:

2112 3257 2227 3295 non
2279 3239 2409 3295 dico
2462 3238 2742 3308 minores,
2779 3238 2881 3294 sed
2933 3241 3459 3311 quantumcunque
3509 3238 3639 3295 sitis
3681 3256 3775 3296 ex-

2111 3328 2251 3385 celsi
2285 3328 2476 3384 meriti
2510 3350 2537 3377 «
2572 3327 2854 3401 quoniam
2886 3344 3003 3383 non
3057 3331 3146 3383 est
3192 3326 3393 3399 inopia
3425 3327 3773 3385 timentibus

2112 3435 2269 3474 eum.
2304 3440 2332 3466 ››
2367 3418 2667 3483 Quomodo
2716 3417 2875 3472 enim
2927 3416 3259 3489 indigerent
3305 3414 3390 3471 illi
3439 3416 3539 3489 qui
3592 3417 3771 3473 Deum

2110 3508 2350 3575 habent,
2385 3507 2483 3579 qui
2514 3510 2605 3562 est
2634 3522 2808 3561 omne
2849 3504 3114 3561 bonum?
3144 3504 3304 3561 Licet
3346 3504 3453 3561 has
3500 3505 3774 3563 miserias

2111 3595 2464 3666 temporales
2497 3594 2849 3661 sustineant,
2883 3598 3081 3649 tamen
3113 3609 3228 3648 non
3260 3610 3363 3666 pro
3412 3593 3630 3665 inopia,
3663 3595 3766 3651 sed

2112 3701 2215 3756 pro
2249 3701 2484 3738 summa
2513 3683 2701 3755 gloria
2730 3683 2839 3739 sibi
2874 3699 2973 3740 eas
3005 3685 3295 3755 reputant.

2183 3772 2480 3829 Timentes
2512 3775 2692 3829 Deum
2725 3790 2838 3830 non
2874 3772 3162 3843 esuriunt,
3187 3771 3287 3828 sed
3319 3795 3347 3822 «
3382 3771 3613 3843 divites,
3651 3795 3679 3823 »
3712 3773 3770 3829 id

2110 3866 2200 3918 est
2257 3866 2622 3919 terrenorum
2681 3866 2975 3919 amatores
3022 3886 3049 3911 ‹‹
3084 3866 3372 3934 eguerunt
3404 3885 3432 3912 η
3476 3861 3769 3935 spirituali

2110 3951 2421 4007 refectione
2454 3951 2739 4007 Dominici
2771 3950 3029 4023 corporis
3064 3967 3075 4006 2
3108 3967 3213 4006 nec
3256 3954 3452 4005 tamen
3505 3950 3766 4024 neglexe-

2110 4045 2268 4109 runt,
2302 4041 2401 4096 sed
2436 4041 2632 4113 potius
2664 4040 2920 4096 multum
2952 4039 3431 4096 desideraverunt
3455 4056 3561 4113 per
3590 4046 3770 4097 natu-

2109 4146 2235 4185 ram
2260 4147 2273 4185 :
2307 4134 2364 4186 et
2393 4130 2502 4187 hoc
2534 4130 2813 4202 est,quod
2847 4129 2989 4184 dicit
3012 4146 3025 4184 :
3048 4153 3074 4179 ‹‹
3100 4133 3157 4184 et
3185 4128 3520 4185 esurierunt
3542 4145 3556 4184 :
3581 4128 3768 4202 inqui-

2109 4223 2304 4274 rentes
2353 4223 2604 4274 autem»
2634 4236 2749 4273 non
2810 4218 3243 4285 mundana,sed
3302 4217 3493 4273 solum
3518 4241 3545 4270 «
3581 4218 3767 4274 Domi-

2108 4322 2276 4380 num,
2310 4326 2424 4365 non
2456 4308 2802 4364 minuentur
2850 4305 3011 4363 omni
3064 4307 3216 4363 bono
3250 4328 3278 4356 ››
3311 4306 3369 4362 id
3418 4310 3528 4375 est,
3551 4305 3768 4364 habent

2111 4398 2563 4470 Dominum,qui
2598 4401 2687 4452 est
2717 4413 2893 4452 omne
2923 4396 3145 4451 bonum
3169 4395 3296 4452 sine
3330 4394 3764 4463 imminutione,

2109 4492 2248 4565 quia
2277 4490 2362 4545 eis
2385 4486 2592 4543 omnia
2622 4484 2955 4541 necessaria
2986 4485 3265 4541 conferet.
3286 4483 3385 4539 Vol
3415 4484 3497 4539 ita
3521 4501 3534 4538 :
3558 4485 3766 4542 divites

2107 4583 2393 4654 eguerunt
2424 4575 2762 4642 virtutibus,
2798 4579 2854 4630 et
2885 4574 3220 4630 esurierunt
3269 4572 3635 4630 Dominicam
3686 4592 3766 4631 re-

336 4664 755 4720 illuminamini
786 4687 813 4712 ››
839 4664 1046 4736 majori
1066 4664 1399 4737 cognitione
1433 4665 1549 4722 Dei.
1570 4668 1798 4733 Quanto
1839 4669 1995 4724 enim
2028 4678 2077 4743 Ι)
2107 4670 2442 4728 fectionem.

336 4752 525 4825 magis
542 4752 758 4825 aliquis
784 4753 853 4808 ad
890 4753 1071 4809 Deum
1104 4752 1348 4821 accedit,
1368 4757 1531 4809 tanto
1554 4771 1689 4811 eum
1718 4758 1866 4813 Deus
1890 4776 1998 4814 sua

336 4841 751 4898 abundantiori
799 4841 1132 4913 cognitione
1183 4842 1519 4914 perfundit;
1553 4842 1640 4898 vel
1694 4844 1992 4903 illumina-

338 4930 485 4987 mini
518 4953 546 4979 »
576 4947 743 4987 sacra
772 4930 1154 5002 praeceptione
1188 4946 1201 4985 :
1235 4934 1293 4985 et
1317 4935 1629 5003 postquam
1678 4932 1995 4993 illuminati

335 5020 585 5087 fueritis,
620 5042 647 5068 «
683 5019 859 5074 facies
892 5023 1116 5087 vestrae,
1155 5042 1181 5068 ››
1214 5020 1272 5074 id
1306 5024 1414 5088 est,
1448 5020 1783 5079 intellectus
1820 5025 1996 5080 vestri

338 5133 365 5160 ‹‹
401 5127 516 5165 non
551 5108 1005 5163 confundentur.
1034 5131 1061 5155 ››
1085 5107 1171 5163 Illi
1194 5107 1350 5163 enim
1374 5109 1473 5180 qui
1497 5127 1612 5165 non
1636 5110 1993 5185 intelligunt,

332 5199 689 5254 erubescunt
723 5213 734 5251 :
767 5195 921 5251 sicut
951 5194 1033 5249 illi
1068 5196 1166 5268 qui
1201 5196 1476 5253 abierunt
1508 5201 1660 5254 retro
1683 5200 1944 5256 dicentes
1980 5219 1993 5257 :

333 5308 364 5336 «
401 5288 595 5343 Durus
625 5288 717 5341 est
746 5283 841 5339 hic
873 5301 1065 5338 sermo
1089 5286 1264 5352 (Joan.
1299 5289 1401 5354 γι.)
1436 5308 1464 5334 ››

404 5374 545 5430 Dico
568 5373 845 5441 accedite,
864 5372 1307 5442 illuminamini,
1323 5374 1684 5432 ethabebitis
1705 5377 1991 5437 auxilium

332 5461 521 5536 angeli
547 5460 777 5517 Domini
812 5460 1200 5517 custodientis
1224 5479 1327 5518 vos
1364 5479 1376 5518 :
1411 5467 1467 5518 et
1494 5463 1601 5517 hoc
1623 5470 1711 5520 est
1736 5484 1747 5522 :
1774 5467 1992 5525 Immit-

332 5551 403 5606 tit
432 5549 709 5621 angelum
740 5549 1025 5603 Dominus
1051 5566 1062 5604 :
1089 5551 1236 5605 etde
1266 5552 1374 5608 hoc
1411 5554 1656 5625 potestis
1687 5572 1814 5612 esse
1846 5560 1986 5614 certi

330 5636 593 5707 exemplo
616 5637 909 5708 mei,quia
932 5662 955 5687 ‹‹
989 5637 1099 5692 iste
1130 5657 1369 5712 pauper,
1407 5666 1432 5691 ››
1465 5642 1706 5712 scilicet,
1735 5645 1822 5701 vel
1857 5648 1984 5719 qui-

331 5719 473 5776 libet
493 5740 663 5778 verus
694 5740 917 5794 pauper
946 5750 971 5771 u
996 5724 1284 5795 clamavit,
1305 5733 1362 5783 et
1388 5731 1671 5788 Dominus
1695 5734 1986 5791 exaudivit

2180 4761 2282 4816 llic
2316 4757 2520 4829 incipit
2562 4754 2737 4811 tertia
2784 4771 2942 4826 pars,
2978 4753 3038 4808 in
3072 4770 3188 4824 qua
3240 4752 3415 4807 rudes
3464 4751 3760 4809 admonet.

2105 4846 2481 4906 Continuatio
2519 4861 2532 4899 :
2568 4843 2715 4910 Quia
2744 4841 3110 4914 inquirentes
3143 4840 3454 4896 Dominum
3486 4856 3602 4895 non
3647 4841 3761 4896 mi—

2106 4941 2365 4994 nuentur
2421 4933 2618 5005 aliquo
2676 4933 2848 4998 bono,
2882 4946 3018 5002 ergo
3076 4946 3178 4985 vos
3222 4952 3250 4979 «
3282 4928 3385 4984 filii
3416 4951 3444 4979 »
3491 4927 3764 4985 derelicta

2106 5027 2407 5099 impietate
2445 5047 2471 5074 ‹‹
2491 5022 2719 5078 venite»
2754 5020 2825 5075 ad
2856 5019 3132 5087 ﬁnem,et
3161 5017 3313 5073 hanc
3335 5017 3760 5074 institutionem

2108 5115 2374 5187 accipite,
2406 5118 2464 5168 et
2498 5134 2526 5163 ‹‹
2555 5110 2752 5167 audite
2782 5126 2896 5175 me,
2922 5130 2950 5158 »
2986 5107 3044 5163 id
3076 5111 3183 5176 est,
3212 5106 3537 5163 doctrinam
3570 5122 3758 5163 meam

2109 5204 2436 5276 intelligite,
2470 5206 2526 5256 et
2557 5218 2663 5272 ego
2701 5221 2729 5250 «
2762 5198 2978 5254 docebo
3005 5214 3106 5253 vos
3140 5196 3412 5253 timorem
3446 5196 3696 5264 Domini,
3730 5218 3755 5246 »

2102 5294 2160 5349 id
2194 5297 2301 5359 est,
2322 5290 2616 5362 quomodo
2658 5286 2969 5344 Dominum
3002 5286 3212 5342 timore
3245 5284 3757 5353 debeatis.Rudes,

2102 5380 2371 5456 quamvis
2389 5384 2551 5435 extra
2572 5376 2919 5446 Ecclesiam,
2940 5379 3137 5431 tamen
3181 5378 3425 5447 paterna
3455 5375 3756 5430 affectione

2101 5472 2253 5527 filios
2270 5468 2619 5536 vocat,sieut
2633 5464 2927 5521 Abraham
2947 5464 3274 5531 divitem,in
3289 5463 3514 5518 inferno
3529 5479 3755 5536 quoque

2100 5561 2357 5634 positum
2387 5557 2599 5629 legitur
2632 5554 2958 5627 appellasse
2991 5553 3202 5609 ﬁlium.

2173 5649 2395 5705 Docebo
2448 5646 2719 5701 timorem
2766 5643 3019 5709 Domini,
3064 5660 3131 5698 ex
3189 5659 3305 5714 qua
3363 5642 3629 5698 doctrina
3675 5644 3751 5697 vi-

2096 5743 2216 5796 tam
2267 5733 2603 5791 habebitis:
2640 5736 2695 5787 et
2747 5731 2856 5787 hoc
2915 5730 3015 5787 tali
3074 5731 3526 5803 interrogatione
3584 5731 3744 5797 dicit,
