3914 6394
189 459 304 526 309

1371 457 1872 525 EXPLANATIO
1915 459 1995 522 IN
2039 460 2296 527 PSALM
2305 462 2421 526 OS.

3488 464 3608 532 31.0

188 612 362 672 quam
392 592 554 652 omni
580 594 934 665 assequatur
963 608 1231 649 assensu.
1265 592 1406 659 Quis
1456 592 1613 649 enim
1658 593 1835 651 homo
1863 591 1921 663 Α
1941 595 2124 667 justis
2154 597 2535 654 contrarium.
2569 596 2943 656 Continuatio
2977 615 2990 655 :
3024 598 3181 657 Mors
3232 602 3605 673 peccatorum

186 693 306 745 tam
356 686 555 741 fatuus
605 681 707 755 qui
754 684 855 737 aut
903 681 1062 737 dicat
1095 698 1108 736 :
1141 681 1334 737 Vitam
1388 681 1541 751 nolo,
1576 686 1679 738 aut
1719 682 1845 739 dies

184 778 375 834 videre
423 775 610 830 bonos
658 788 774 826 non
823 770 1035 842 cupio?
1066 775 1121 825 et
1170 770 1280 825 hoc
1323 775 1411 825 est
1445 787 1458 824 :
1492 794 1519 820 ‹‹
1554 771 1693 837 Quis
1754 776 1845 827 est

184 868 357 925 homo
389 863 491 936 qui
516 861 640 917 vult
669 861 916 927 vitam,»
950 876 1053 915 nec
1086 859 1214 915 dico
1246 860 1316 915 de
1345 860 1462 915 vita
1495 866 1624 916 acta
1646 860 1706 916 in
1739 861 1843 916 mi-

186 955 352 1023 seria,
375 953 476 1010 sed
509 950 644 1023 quis
675 954 764 1005 est
790 947 888 1003 ille
918 971 945 997 ‹‹
982 948 1083 1020 qui
1112 948 1303 1021 diligit
1344 950 1537 1005 videre
1576 950 1700 1005 dies
1734 950 1839 1005 bo-

184 1062 308 1112 nos,
335 1065 363 1092 »
397 1042 454 1097 id
485 1045 596 1108 est,
617 1039 797 1094 vitam
849 1037 1407 1109 aeternam,scilicet,
1433 1038 1614 1094 vitam
1646 1042 1837 1095 actam

184 1135 243 1190 in
275 1131 445 1189 bonis
475 1129 681 1185 diebus
701 1127 728 1182 ‘I
763 1148 791 1175 ››
1818 1192 1820 1194 γ

255 1223 412 1292 Dico,
460 1218 679 1275 docebo
736 1216 1007 1272 timorem
1066 1215 1317 1282 Domini,
1378 1216 1535 1271 hunc
1593 1217 1833 1284 scilicet,

184 1337 211 1364 «
244 1310 489 1386 prohibe
534 1308 799 1381 linguam
849 1310 1015 1361 tuam
1050 1328 1077 1355 »
1128 1305 1350 1362 scilicet
1382 1329 1409 1356 «
1441 1324 1474 1362 a
1504 1307 1679 1375 malo,
1708 1330 1735 1357 ››
1775 1308 1834 1365 id

181 1405 285 1470 est,
319 1416 394 1456 ne
422 1398 482 1454 in
504 1401 705 1469 aperto
738 1394 894 1451 mala
913 1394 1195 1467 loquaris,
1216 1411 1321 1451 nec
1354 1395 1530 1451 etiam
1574 1397 1731 1451 mala
1759 1396 1835 1453 lo-

182 1490 382 1564 quaris
408 1485 730 1543 intentione
762 1485 935 1551 bona,
951 1488 1008 1539 et
1032 1484 1142 1539 hoc
1165 1488 1275 1550 est,
1305 1507 1333 1533 «
1367 1488 1424 1539 et
1447 1484 1603 1541 labia
1632 1488 1735 1542 tua
1762 1504 1834 1541 ne

179 1579 500 1653 loquantur
530 1574 753 1631 dolum.
790 1596 820 1622 »

247 1693 274 1721 ‹‹
302 1667 527 1725 Diverte
557 1663 758 1733 etiam,
782 1662 839 1717 id
864 1666 975 1729 est,
997 1661 1228 1717 declina
1250 1685 1275 1712 «
1310 1678 1346 1717 a
1385 1662 1537 1718 malo
1558 1685 1586 1711 ››
1610 1680 1781 1736 Opere
1814 1679 1828 1717 :

177 1762 232 1816 et
258 1756 400 1831 quia
425 1754 551 1810 haec
581 1769 695 1807 non
730 1751 1036 1811 sufficiunt
1066 1751 1230 1806 addit
1270 1774 1297 1800 ‹‹
1322 1755 1379 1806 et
1410 1752 1497 1806 fac
1528 1753 1771 1807 bonum.
1802 1774 1829 1801 ››

175 1848 243 1905 Et
298 1844 441 1918 quia
490 1857 627 1898 caro
685 1856 919 1911 semper
963 1842 1253 1910 repugnat
1302 1839 1559 1911 spiritui,
1592 1844 1651 1895 et
1706 1839 1833 1895 vult

177 1940 242 1993 ut
289 1950 407 1990 non
462 1929 639 1987 faciat
692 1929 937 1996 bonum,
972 1927 1115 1983 dicit
1148 1944 1161 1983 :
1199 1950 1220 1976 α
1253 1927 1483 2001 inquire
1541 1945 1769 2001 pacem,
1799 1952 1826 1978 ››
1858 1964 1907 2031 Β

176 2040 309 2082 cum
332 2037 511 2101 carne
548 2018 770 2075 scilicet
796 2016 1047 2089 reprime
1076 2033 1204 2072 eam
1234 2033 1251 2071 :
1282 2020 1340 2071 et
1370 2017 1637 2089 quamvis
1678 2035 1829 2074 nun-

175 2130 352 2187 quam
372 2108 634 2175 invenire
664 2107 877 2179 possis,
894 2106 1034 2178 quia
1056 2122 1287 2178 semper
1316 2110 1828 2178 repugnat,tamen

174 2218 407 2274 semper
473 2220 501 2249 ‹‹
554 2212 905 2269 persequere
960 2211 1111 2264 eam,
1175 2217 1204 2243 ››
1259 2194 1317 2249 id
1395 2198 1503 2263 est,
1563 2196 1830 2268 opprime

174 2308 324 2349 eam.

242 2380 348 2436 Hic
379 2376 587 2449 incipit
616 2378 828 2448 quarta
868 2390 1027 2448 pars.
1076 2373 1235 2442 Dico,
1267 2373 1356 2429 fac
1407 2373 1649 2441 bonum,
1691 2373 1831 2446 quia

173 2492 201 2520 α
233 2467 387 2526 oculi
416 2465 647 2523 Domini
682 2487 710 2514 »
742 2468 882 2520 sunt
912 2486 941 2514 «
974 2479 1154 2535 super
1172 2463 1372 2534 justos
1398 2484 1426 2511 ››
1449 2479 1553 2534 per
1598 2462 1828 2519 miseri-

175 2557 438 2614 cordiam
464 2572 477 2611 :
508 2558 565 2610 et
591 2552 642 2609 si
673 2552 786 2625 ipsi
833 2551 1055 2624 aliquid
1095 2555 1320 2623 petunt,
1346 2574 1373 2600 «
1409 2566 1580 2606 aures
1611 2552 1762 2623 ejus,
1799 2573 1828 2601 ››

172 2646 231 2702 id
251 2649 363 2714 est,
398 2641 711 2700 clementia
740 2646 798 2697 et
828 2640 1091 2713 potentia
1120 2641 1249 2711 ejus
1279 2643 1417 2695 sunt
1448 2644 1660 2712 parata
1692 2664 1719 2689 «
1756 2642 1827 2696 ad

171 2749 376 2791 eorum
400 2748 603 2805 preces
634 2754 662 2780 ‹‹
695 2728 1113 2785 exaudiendas.

244 2822 531 2879 Dominus
563 2818 800 2875 exaudit
821 2818 1039 2889 justos,
1076 2816 1263 2871 malos
1314 2820 1511 2872 autem
1562 2817 1825 2885 damnat,

169 2915 225 2967 et
254 2911 365 2967 hoc
397 2914 489 2965 est
524 2925 538 2962 :
571 2931 599 2957 «
622 2906 834 2961 Vultus
861 2909 1057 2959 autem
1090 2903 1387 2972 Domini,»
1419 2904 1477 2958 id
1498 2909 1587 2959 est
1600 2903 1828 2960 vultuo-

169 3000 340 3067 sitas,
406 2996 629 3053 scilicet
679 2994 766 3048 ira
824 2992 1054 3048 Domini
1113 2995 1203 3047 est
1253 3008 1492 3063 «super
1550 2991 1828 3047 facientes

165 3088 345 3155 mala,
382 3091 447 3140 ut
466 3084 675 3156 perdat
703 3082 774 3137 de
796 3085 969 3148 terra,
1002 3101 1029 3128 »
1063 3079 1289 3135 scilicet
1337 3078 1679 3147 viventium,
1712 3096 1827 3135 non

167 3175 364 3234 solum
396 3190 515 3240 eos,
551 3173 653 3227 sed
692 3169 871 3225 etiam
902 3191 930 3218 «
965 3167 1312 3223 memoriam
1354 3184 1578 3223 eorum.
1610 3189 1639 3216 »
1663 3168 1828 3223 Tunc

172 3266 332 3322 enim
390 3260 644 3334 perditia
678 3259 790 3315 erit
844 3257 1131 3314 memoria
1185 3272 1575 3321 eorum,cum
1624 3255 1826 3312 nullus

1952 687 2209 758 pessima
2265 693 2373 753 cst,
2410 689 2691 745 «animas
2744 694 2941 744 autem
3000 706 3299 745 servorum
3360 705 3603 747 suorum

1952 777 2257 846 redimet_»
2315 778 2371 831 id
2414 783 2520 847 est,
2556 780 2885 851 redemptos
2938 796 3040 850 per
3088 780 3437 851 sanguinem
3476 780 3604 835 Filii

1951 866 2200 920 deducet
2248 867 2317 921 ad
2352 866 2527 920 vitam
2558 873 2833 923 aeternam
2866 885 2876 923 :
2916 874 2971 923 et
3000 869 3178 923 vitam
3226 884 3428 924 eorum
3464 885 3605 941 pra:-

1949 959 2175 1009 sentcm
2228 956 2418 1023 faciet,
2456 958 2778 1012 mundam:
2816 963 2873 1012 et
2904 958 3012 1012 hoc
3060 963 3150 1014 est
3186 982 3205 1007 α
3243 975 3356 1013 non
3408 957 3601 1014 delin-

1948 1047 2130 1116 quont
2161 1060 2366 1101 omnes
2398 1046 2496 1117 qui
2533 1051 2769 1118 sperant
2801 1046 2859 1100 in
2892 1064 2978 1102 eo.
3016 1069 3043 1096 ››

2412 1170 2483 1224 ΙΝ
2526 1170 2872 1226 PSALMUM
2912 1170 3149 1226 XXXIV.

2229 1286 2484 1341 Trruws
2519 1302 2532 1340 :
2565 1286 2629 1340 In
2657 1286 2821 1355 ﬁnem
2846 1287 3092 1356 psalmus
3114 1286 3306 1341 David.

2019 1422 2048 1452 «
2078 1401 2308 1469 Judica,
2342 1400 2607 1467 Domine,
2643 1405 2918 1457 nocentes
2963 1417 3076 1457 me.
3110 1422 3138 1451 η
3173 1401 3443 1456 Psalmus
3487 1401 3598 1457 iste

1943 1491 2213 1548 convenit
2242 1491 2446 1558 David,
2477 1490 2535 1545 id
2577 1493 2685 1556 est,
2710 1489 2962 1558 Christo,
2992 1489 3250 1561 dirigens
3298 1507 3406 1545 nos
3444 1488 3504 1543 in
3537 1489 3599 1545 fi-

1942 1598 2100 1637 nem.
2135 1579 2389 1636 Intendit
2426 1579 2584 1633 enim
2634 1595 2743 1634 nos
2788 1579 3103 1633 admonere
3134 1578 3205 1633 ad
3238 1577 3595 1649 passionem.

1941 1670 2185 1726 Materia
2213 1674 2303 1725 est
2333 1669 2528 1741 passio
2550 1672 2609 1724 et
2637 1669 3006 1724 resurrectio.
3030 1669 3172 1723 Eam
3205 1668 3294 1722 six
3330 1667 3598 1739 exsequi-

1939 1762 2037 1813 tur
2069 1774 2081 1812 :
2109 1759 2171 1812 In
2204 1758 2396 1829 prima
2426 1761 2588 1827 parte
2635 1756 2801 1827 ponit
2849 1757 3195 1810 orationem.
3230 1756 3294 1811 In
3340 1756 3599 1811 secunda

1940 1850 2247 1904 enumerat
2276 1845 2609 1918 passionem
2643 1861 2777 1900 cum
2810 1844 3198 1899 exsultatione
3226 1844 3597 1901 resurrectio~

1940 1937 2051 1993 nis.
2087 1937 2148 1991 In
2183 1936 2373 2004 tertia,
2408 1934 2549 2005 quid
2581 1933 2683 1988 illa
2730 1933 2926 2005 passio
2974 1937 3031 1987 et
3079 1931 3426 1989 resurrectio
3468 1934 3593 1988 effl-

1940 2026 2073 2094 ciat,
2108 2026 2261 2081 sicut
2304 2024 2363 2078 in
2411 2022 2641 2095 psalmo
2676 2040 2688 2078 :
2724 2022 2900 2090 Deus,
2934 2022 3089 2077 Deus
3132 2021 3355 2093 respice
3384 2021 3444 2077 in
3476 2038 3590 2090 me,

1938 2115 2277 2189 passionem
2308 2116 2632 2181 enumerat,
2668 2112 2753 2167 sic
2782 2111 2843 2166 in
2874 2111 2987 2167 isto
3021 2128 3035 2167 :
3068 2110 3169 2166 sed
3202 2111 3473 2182 quamvis
3521 2112 3593 2167 de

1938 2206 2143 2263 eodem
2175 2204 2353 2272 dicat,
2385 2207 2583 2258 tamen
2617 2217 2848 2273 semper
2878 2201 2949 2256 de
2979 2200 3183 2256 eadem
3212 2199 3459 2256 materia
3504 2200 3593 2255 di-

1936 2312 2104 2351 versa
2132 2293 2294 2349 dicit.

2009 2385 2074 2441 In
2104 2383 2365 2439 oratione
2390 2395 2569 2453 quam
2603 2379 2906 2451 praeponit,
2931 2382 3058 2435 orat
3088 2379 3199 2433 sibi
3228 2382 3287 2433 et
3316 2376 3593 2447 inimicis,

1938 2480 2063 2530 tam
2112 2469 2542 2537 convertendis,
2595 2485 2772 2540 quam
2833 2485 2948 2523 non
3007 2467 3443 2535 convertendis;
3478 2482 3594 2522 non

1938 2559 2359 2617 convertendos
2408 2558 2705 2612 daemones
2754 2555 3101 2626 accipimus,
3153 2558 3210 2609 et
3266 2553 3595 2610 obstinatos

1937 2648 2427 2719 Judzsos,quibus
2460 2645 2541 2699 sic
2572 2645 2966 2715 imprecetur:
2996 2666 3023 2693 ‹‹
3046 2643 3311 2711 Domine,
3333 2643 3593 2714 judice,»

1938 2739 2000 2793 id
2050 2742 2161 2805 est,
2194 2738 2414 2792 damna
2445 2756 2473 2785 ‹‹
2507 2738 2782 2789 nocentes
2810 2749 2925 2799 me,
2961 2755 2989 2783 »
3022 2732 3081 2786 id
3133 2735 3243 2801 est,
3277 2732 3595 2803 daemones,

1936 2826 2025 2882 vel
2057 2824 2542 2880 inconvertendos
2582 2822 2817 2877 Judaeos
2850 2837 2863 2874 :
2897 2825 2954 2874 et
2995 2821 3156 2891 ipsos
3191 2842 3213 2871 ι
3249 2819 3600 2891 impugnan-

1939 2918 2048 2982 tes,
2102 2935 2130 2963 ‹‹
2161 2930 2277 2968 non
2318 2916 2515 2966 tamen
2558 2913 2961 2981 expugnantes
2996 2930 3023 2957 ‹‹
3052 2923 3166 2975 me,
3200 2928 3228 2956 ››
3259 2910 3323 2961 tu
3358 2928 3386 2958 «
3417 2923 3596 2979 expu-

1936 3019 2072 3075 gna,
2109 3022 2137 3051 η
2169 3000 2228 3055 id
2275 3004 2365 3054 est
2417 2997 2675 3053 devince.
2708 2995 3040 3067 Expugnati
3084 2999 3253 3050 erant
3300 2995 3360 3049 in
3406 3011 3598 3051 resur-

1938 3089 2191 3146 rectione
2229 3086 2442 3143 Christi
2468 3103 2481 3141 :
2503 3085 2644 3155 quia
2672 3100 2788 3139 non
2829 3086 3148 3156 potuerunt
3176 3098 3313 3137 eum
3344 3082 3595 3139 retinere

1936 3179 1997 3234 in
2029 3176 2405 3246 morte,sicut
2432 3176 2785 3247 putaverunt
2817 3189 2829 3228 :
2862 3176 2919 3227 et
2950 3171 3043 3226 hic
3064 3172 3193 3243 jam
3225 3170 3339 3227 sibi
3388 3170 3596 3245 incipit

1937 3285 2122 3324 orare.

169 3358 515 3411 sanctorum
544 3366 721 3421 super
751 3363 849 3403 808
882 3347 1084 3419 aliqua
1224 3345 1452 3401 actione
1477 3345 1823 3402 movebitur.
1855 3330 1899 3398 α
2008 3359 2292 3429 Expugna
2317 3353 2468 3421 dico,
2499 3356 2555 3408 et,
2593 3356 2658 3407 ut
2706 3350 2898 3424 possis
2942 3366 3294 3422 expugnare,
3328 3370 3357 3399 (ί
3388 3362 3593 3421 apprg-

169 3443 335 3500 Unde
364 3439 512 3497 dixit
538 3437 833 3494 Abraham
868 3452 882 3491 :
917 3459 945 3486 «
981 3436 1138 3492 Inter
1174 3452 1281 3493 nos
1327 3439 1384 3491 et
1411 3453 1513 3491 vos
1545 3452 1828 3509 magnum

170 3532 349 3588 chaos
379 3531 681 3585 firmatum
704 3531 796 3581 est
826 3526 976 3597 (Luc.
1009 3525 1124 3597 xv).
1160 3547 1189 3573 ››

240 3618 407 3677 Oculi
435 3615 665 3673 Domini
697 3631 876 3687 super
896 3614 1114 3686 justos.
1148 3613 1219 3668 Et
1251 3613 1321 3668 de
1354 3612 1463 3668 hoc
1511 3630 1832 3684 possumus

172 3726 298 3765 esse
324 3705 541 3775 securi,
563 3705 705 3777 quia
728 3702 1010 3759 Dominus
1032 3702 1329 3758 exaudivit
1348 3702 1571 3773 priores
1604 3706 1828 3774 patres;

172 3803 227 3854 et
255 3798 368 3853 hoc
398 3800 492 3852 est
524 3810 537 3849 :
572 3817 599 3844 ‹‹
627 3793 1029 3849 clamaverunt
1048 3791 1199 3862 justi
1233 3795 1292 3847 et
1341 3791 1623 3846 Dominus
1663 3809 1836 3848 exau-

172 3886 314 3943 divit
344 3887 543 3953 eos,et
571 3898 641 3938 ex
664 3881 939 3936 omnibus
966 3878 1450 3936 tribulationibus
1476 3895 1677 3937 eorum
1696 3880 1837 3937 libe-

171 3975 316 4032 ravit
335 3991 463 4032 eos.
499 3995 527 4022 »

239 4064 312 4119 Et
339 4063 500 4120 sicut
522 4059 789 4115 liberavit
808 4073 927 4126 eos,
943 4058 1029 4112 sic
1052 4080 1078 4106 ‹‹
1100 4060 1189 4112 est
1214 4077 1242 4105 ››
1268 4056 1441 4111 modo
1463 4056 1696 4127 «juxta,
1716 4079 1744 4106 ››
1775 4056 1834 4111 id

175 4156 283 4221 est,
312 4150 612 4223 benignus
632 4147 727 4203 his
749 4146 850 4218 qui
871 4145 1152 4201 tribulato
1175 4149 1313 4199 sunt
1343 4145 1538 4211 corde,
1562 4166 1589 4193 ››
1614 4144 1837 4201 scilicet

178 4238 631 4313 compunctione
661 4239 1034 4307 peccatorum
1058 4249 1072 4288 ε
1097 4237 1155 4288 et
1175 4233 1299 4305 ipse
1331 4254 1358 4281 «
1385 4231 1839 4288 salvabithumi-

175 4327 260 4384 les
288 4328 527 4401 spiritu,
566 4348 592 4373 ››
622 4325 683 4379 id
713 4328 823 4391 est,
855 4321 987 4378 illos
1020 4321 1119 4393 qui
1153 4320 1301 4375 nihil
1335 4323 1607 4391 reputant
1652 4337 1722 4376 ex
1750 4338 1836 4391 se,

179 4418 278 4474 sed
310 4433 381 4474 ex
411 4416 539 4474 solo
575 4416 685 4470 Deo
719 4411 936 4468 omnia.

251 4506 388 4562 Dico
415 4501 669 4562 salvabit
697 4517 816 4567 eos,
843 4500 945 4555 sed
993 4503 1191 4554 tamen
1237 4501 1547 4553 remanent
1577 4521 1604 4546 ‹‹
1641 4498 1838 4554 multa;

178 4592 592 4650 tribulationes
606 4592 910 4663 justorum
936 4604 949 4643 :
978 4609 1005 4636 ››
1023 4587 1323 4658 justorum
1347 4586 1504 4641 enim
1535 4587 1839 4659 proprium

1939 3446 2129 3503 hende
2159 3461 2324 3501 arma
2352 3446 2409 3498 et
2434 3446 2689 3505 scutum,
2719 3462 2747 3490 »
2781 3439 2842 3494 id
2874 3443 2982 3509 est,
3016 3438 3116 3510 qui
3161 3442 3296 3493 ante
3344 3434 3594 3505 occulte,

1940 3536 2113 3592 modo
2135 3533 2431 3589 evidenter
2450 3546 2689 3602 operare
2712 3529 2770 3583 in
2793 3545 2887 3583 me
2908 3545 3091 3595 arma,
3118 3526 3337 3599 quibus
3374 3525 3599 3598 possim

1939 3625 2214 3680 inimicos
2235 3620 2536 3676 devinccre
2572 3635 2584 3674 :
2619 3622 2677 3674 et
2707 3621 2965 3684 scutum,
3000 3632 3113 3688 quo
3155 3631 3249 3670 me
3293 3613 3595 3670 defendas.

1942 3715 2073 3770 Haec
2104 3715 2299 3767 autem
2335 3726 2501 3765 arma
2528 3713 2584 3763 et
2615 3711 2851 3763 scutum
2900 3709 3041 3760 sunt
3086 3703 3358 3760 voluntas
3386 3702 3509 3773 Dei,
3542 3705 3602 3758 et

1943 3807 2006 3858 tu
2037 3802 2140 3874 qui
2171 3798 2486 3871 aliquando
2512 3796 2728 3851 videris
2760 3795 3051 3862 sedisse,«
3083 3808 3330 3862 exsurge
3351 3812 3380 3841 η
3415 3790 3602 3846 mani-

1945 3892 2090 3947 feste
2124 3910 2153 3939 «
2182 3890 2242 3943 in
2276 3885 2638 3958 adjutorium
2669 3882 2836 3949 mihi,
2872 3903 2899 3929 ››
2933 3880 2992 3934 id
3033 3882 3123 3935 est
3164 3880 3259 3947 ad,
3284 3893 3599 3949 cooperan-

1945 3981 2087 4036 dum
2120 3976 2288 4033 mihi.

2015 4068 2274 4137 Exsurge
2291 4063 2421 4117 dico
2444 4061 2514 4115 ad
2536 4058 2968 4130 cooperandum
2995 4055 3162 4121 mihi,
3177 4059 3234 4110 et
3262 4076 3291 4105 «
3313 4053 3603 4123 effunde,»

1945 4157 2004 4211 id
2036 4152 2398 4221 est,notiﬁca
2418 4148 2639 4203 mundo
2663 4170 2690 4195 ‹‹
2720 4146 3023 4213 frameam,
3054 4165 3082 4195 »
3114 4142 3172 4199 id
3207 4147 3318 4212 est,
3342 4142 3605 4198 animam

1947 4259 2162 4309 meam,
2211 4256 2329 4311 qua
2370 4244 2435 4293 tu
2473 4235 2773 4292 diabolum
2824 4233 3108 4302 devicisti,
3147 4255 3175 4283 «
3214 4236 3273 4289 et
3325 4229 3606 4288 conclude

1947 4330 2240 4395 inimicos,
2256 4345 2326 4382 ne
2359 4342 2573 4381 nomen
2605 4341 2807 4380 eorum
2842 4322 3125 4378 dilatetur
3157 4338 3170 4376 :
3205 4321 3364 4394 quod
3393 4320 3601 4388 facere,

1947 4422 2060 4479 erit
2093 4441 2121 4470 ‹‹
2152 4419 2430 4475 adversus
2488 4431 2586 4469 eos
2633 4414 2731 4484 qui
2782 4429 2876 4466 me
2928 4414 3379 4484 persequuntur.
3408 4429 3436 4458 ››
3487 4406 3604 4478 Ipsi

1950 4511 2106 4568 enim
2138 4523 2351 4564 nomen
2384 4519 2581 4559 meum
2602 4501 2806 4556 volunt
2837 4499 3206 4567 concludere,
3242 4503 3301 4554 et
3330 4511 3506 4553 suum
3524 4494 3607 4550 di-

1950 4601 2154 4656 latare.
2187 4595 2350 4663 Quod
2384 4609 2487 4664 per
2517 4589 2753 4661 singula
2771 4593 2976 4661 petant
3009 4588 3147 4643 «dic
3168 4586 3377 4643 animas
3400 4600 3541 4642 meae
3572 4604 3602 4635 »

182 4687 245 4738 ut
269 4682 652 4748 tribulentur,
686 4682 744 4734 et
772 4702 799 4727 «
837 4678 907 4733 de
953 4676 1046 4731 his
1096 4675 1372 4730 omnibus
1418 4674 1693 4732 liberabit
1738 4694 1837 4733 eos
1945 4694 2005 4747 in
2036 4690 2166 4760 ipsa
2193 4682 2533 4755 ίωριοιίοηο
2566 4678 2647 4735 rei
2681 4696 2694 4732 ε
2734 4699 2761 4728 «
2783 4678 2901 4750 Ego
2924 4693 3058 4731 sum
3099 4674 3259 4731 salus
3301 4678 3401 4731 tua
3425 4694 3453 4725 ,,
3480 4689 3605 4729 om.

184 4770 465 4827 Dominus
502 4791 530 4818 n
564 4784 700 4824 cum
733 4768 907 4823 ducet
936 4782 1035 4821 eos
1064 4763 1125 4818 in
1146 4778 1392 4835 regnum
1425 4780 1621 4819 suum.

250 4860 516 4916 Tandem
546 4854 821 4912 liberabit
848 4871 947 4910 eos
981 4852 1284 4921 Dominus,
1309 4855 1366 4906 et
1396 4851 1630 4907 interim
1652 4876 1679 4903 «
1715 4871 1842 4910 cus-

184 4947 329 5005 todit
357 4947 562 5004 omnia
610 4961 764 5013 ossa,
803 4966 829 4992 ››
862 4943 921 4998 id
954 4946 1062 5009 est,
1098 4956 1302 4997 omnes
1347 4939 1590 4996 virtutes
1627 4946 1685 4997 et
1725 4943 1841 4999 for-

186 5034 469 5092 titudines
503 5057 531 5084 ‹‹
566 5048 796 5101 eorum,
831 5054 857 5080 ››
892 5035 949 5087 et
977 5030 1133 5102 quod
1163 5027 1397 5084 nullum
1445 5029 1731 5086 damnum
1771 5034 1843 5089 de

186 5122 502 5180 virtutibus
534 5122 660 5178 suis
706 5120 867 5194 passi
917 5123 1086 5187 sunt;
1118 5122 1175 5175 et
1203 5117 1313 5174 hoc
1347 5122 1474 5174 :est
1499 5142 1526 5168 ‹‹
1560 5136 1745 5176 unum
1775 5138 1844 5179 ex

189 5211 280 5268 his
310 5229 427 5269 non
479 5214 834 5280 conteretur,
870 5232 898 5259 ››
933 5208 1071 5281 quia
1098 5206 1383 5264 Dominus
1414 5224 1529 5264 non
1561 5208 1716 5266 sinet
1744 5229 1843 5269 eos

192 5299 454 5358 deficere.

261 5389 362 5445 Isti
392 5408 510 5447 non
543 5392 941 5446 conterentur.
976 5412 1003 5439 ‹‹
1039 5388 1196 5443 Mors
1227 5390 1424 5443 autem
1471 5392 1844 5459 peccatorum

193 5477 470 5549 pessima,
507 5500 534 5527 »
567 5495 684 5551 qua
730 5478 1098 5544 imminente,
1133 5479 1464 5548 peccatores
1514 5477 1847 5535 damnatio-

194 5583 325 5621 nem
358 5572 636 5623 aeternam
667 5567 995 5636 incurrunt,
1010 5570 1066 5621 et
1093 5566 1272 5621 vitam
1304 5564 1710 5636 turpissimam
1744 5586 1756 5623 :
1791 5575 1849 5626 et

192 5652 300 5710 hoc
321 5660 430 5724 est,
466 5657 620 5728 quod
652 5680 681 5706 ‹‹
714 5657 816 5728 qui
869 5657 1122 5711 oderunt
1152 5655 1383 5725 justum
1422 5674 1449 5699 ››
1482 5654 1704 5711 scilicet
1733 5657 1844 5729 ipsi

194 5748 525 5813 peccatores
558 5768 585 5795 «
618 5745 1019 5816 delinquont,»
1051 5743 1109 5799 id
1142 5746 1230 5799 est
1257 5741 1721 5814 peccabunt.Hic
1742 5764 1846 5819 pro

1949 4777 2211 4837 nimoda.

2021 4867 2127 4924 Hic
2186 4860 2393 4932 incipit
2452 4874 2616 4914 orare
2673 4857 2745 4912 de
2805 4854 3182 4911 conversione
3228 4852 3606 4909 inimicorum

1951 4973 2100 5031 quos
2131 4951 2475 5027 praaviderat
2504 4946 2946 5002 convertendos.
2979 4943 3225 4999 Etfunde
3271 4941 3556 4997 frameam
3590 4957 3604 4998 :

1954 5030 1985 5099 ᾇ
2014 5044 2339 5118 quaerentes
2369 5038 2629 5093 animam
2662 5033 3343 5104 meam,confundantur,
3363 5051 3392 5081 ››
3415 5030 3474 5085 id
3495 5033 3605 5099 est,

1950 5135 2207 5191 habeant
2236 5124 2698 5185 erubescentiam
2732 5125 2801 5179 de
2835 5123 3087 5195 peccatis
3119 5120 3264 5186 suis,
3297 5124 3354 5175 et
3396 5118 3609 5174 deinde

1955 5247 1983 5277 ‹‹
2009 5223 2404 5284 revereantur,
2441 5216 2499 5270 id
2533 5219 2643 5282 est,
2678 5214 2924 5269 timeant
2953 5229 3046 5270 me
3077 5217 3132 5267 ct
3162 5212 3469 5267 honorent.

2024 5314 2097 5369 Et
2111 5327 2228 5367 non
2251 5306 2443 5364 solum
2466 5307 2793 5376 quaerentes
2815 5306 2980 5357 actus
3003 5302 3263 5356 animam
3284 5296 3609 5366 meam,sed

1955 5401 2133 5458 etiam
2154 5422 2182 5449 «
2218 5396 2544 5469 cogitantes
2599 5392 2744 5447 mihi
2795 5390 2974 5459 mala,
3010 5413 3035 5437 ››
3084 5389 3308 5446 scilicet
3364 5402 3610 5443 congen-

1955 5491 2165 5545 tientes
2198 5484 2570 5550 facientibus,
2608 5505 2633 5530 ‹‹
2668 5485 3008 5536 avertantur
3040 5502 3067 5528 ››
3100 5497 3133 5535 a
3158 5478 3251 5534 via
3282 5494 3392 5533 sua
3434 5474 3612 5548 mala,

1954 5579 2039 5634 ita
2068 5581 2132 5631 ut
2162 5576 2283 5631 sint
2318 5594 2344 5623 ‹‹
2378 5575 2721 5638 retrorsum,
2758 5592 2785 5619 ››
2823 5570 2879 5623 id
2915 5575 3021 5638 est,
3057 5571 3382 5641 sequantur
3409 5583 3504 5622 me
3556 5568 3616 5621 et

1956 5668 2041 5724 sic
2072 5664 2259 5721 aversi
2293 5686 2321 5712 «
2357 5660 2819 5727 confundantur,
2843 5682 2870 5709 ››
2906 5659 2964 5714 id
2998 5663 3106 5725 est,
3142 5658 3493 5713 erubescant
3542 5655 3615 5710 de

1956 5754 2209 5830 peccatis
2268 5750 2391 5807 suis
2450 5747 2756 5821 praeteritis
2796 5766 2808 5804 :
2845 5766 2971 5820 quae
3032 5746 3318 5804 memoria
3366 5745 3476 5802 erit
3530 5743 3614 5801 eis
