3914 6364
313 429 426 490 811

721 428 1128 490 HAYMONIS
1169 428 1708 488 HALBERSTAT.
1743 427 2192 492 EPISC.«"0PP.
2225 429 2457 490 PARS.
2491 431 2538 489 Ι.
2571 465 2649 473 -
2679 430 3086 492 COMMENT.
3127 429 3327 490 BIBL.

3617 425 3766 492 312

310 561 581 620 custodia
609 562 914 617 virtutum.
948 561 1018 615 Et
1047 561 1211 633 ponit
1240 577 1344 632 per
1393 563 1548 632 quod
1598 561 1828 634 possint
1874 579 1962 618 re-
1987 564 2044 630 Α
2075 562 2383 630 scilicet,et
2405 586 2430 613 ‹‹
2457 563 2735 634 quoniam
2753 563 3517 634 exprobraveruntanimam
3539 572 3762 620 meam

308 655 569 707 trorsum
601 649 800 717 averti,
821 648 1023 704 dicens
1049 665 1061 703 :
1089 672 1114 697 «
1138 649 1282 704 ﬁant
1314 653 1594 722 tanquam
1629 650 1819 722 pulvis
1838 656 1970 707 ante

295 740 516 796 'faciem
545 739 719 794 venti.
757 761 784 787 ››
811 738 918 793 Per
944 743 1186 793 ventum
1220 739 1410 794 sancti
1459 740 1713 812 Spiritus
1762 741 1973 812 impul-

297 829 533 887 sionem
565 827 910 899 accipimus,
941 832 999 883 et
1029 832 1156 882 orat
1187 828 1342 899 quod
1374 830 1529 884 sicut
1559 828 1752 900 pulvis
1796 835 1970 885 vento

305 915 594 974 materiali
627 934 661 972 a
691 920 847 972 terra
873 916 1140 989 erigitur,
1173 917 1257 972 ita
1289 917 1385 971 isti
1429 918 1650 990 Spiritu
1703 925 1916 974 sancto
1939 937 1972 974 a

305 1005 554 1062 terrenis
585 1007 659 1061 ad
690 1023 949 1062 amorem
974 1005 1301 1062 caelestium
1325 1006 1624 1063 eleventur
1657 1023 1670 1063 :
1707 1012 1764 1063 et
1787 1009 1836 1063 si
1858 1007 1971 1080 ipsi

305 1112 423 1152 non
474 1095 808 1151 assentiunt
866 1095 1130 1167 Spiritui,
1185 1095 1262 1151 sit
1313 1095 1617 1166 «angelus
1676 1097 1970 1151 Domini»

307 1185 428 1241 sive
477 1184 669 1240 malus
722 1184 842 1240 sive
901 1185 1092 1240 bonus
1129 1206 1156 1232 α
1189 1188 1493 1240 coarctans
1541 1201 1658 1251 eos,
1689 1208 1714 1233 ››
1749 1185 1805 1239 id
1859 1190 1966 1253 est,

306 1291 582 1330 coercens
629 1275 702 1329 ad
751 1273 1212 1340 conversionem,
1242 1273 1360 1327 sive
1411 1290 1514 1344 per
1561 1290 1817 1344 poenam,
1853 1274 1971 1329 sive

304 1381 409 1437 per
456 1362 882 1430 inﬁrmitatem,
919 1361 1038 1418 sive
1077 1361 1339 1434 quolibet
1391 1361 1504 1417 alio
1537 1363 1730 1418 modo.
1766 1363 1829 1417 In
1861 1362 1970 1419 hoc

299 1469 478 1510 versu
511 1453 626 1509 duo
659 1468 875 1520 genera
904 1451 1280 1508 correctionis
1314 1455 1611 1521 notamus,
1646 1468 1830 1508 unum
1872 1469 1968 1508 vo-

302 1542 652 1612 luntarium,
689 1541 848 1597 aliud
883 1545 1177 1598 coactum.

381 1657 409 1682 «
442 1633 513 1688 Et
542 1632 646 1688 ﬁat
673 1631 768 1687 via
798 1630 1056 1699 illorum,
1075 1653 1102 1679 »
1135 1630 1194 1686 id
1223 1633 1330 1698 est,
1361 1630 1516 1686 mala
1546 1648 1722 1703 opera
1741 1648 1967 1700 eorum,

305 1738 434 1795 qua:
465 1721 629 1794 prius
657 1721 742 1777 eis
772 1720 970 1777 lucida
997 1720 1372 1790 videbantur,
1405 1720 1717 1776 videantur
1752 1743 1778 1771 α
1807 1725 1969 1778 tene-

302 1812 445 1881 brae,
483 1833 509 1860 ››
540 1810 598 1867 id
632 1814 740 1880 est,
772 1810 1106 1878 tenebrosa,
1143 1814 1208 1865 ut
1238 1809 1488 1866 ulterius
1522 1810 1773 1867 timeant
1820 1810 1972 1867 ince-

306 1902 443 1957 dere
467 1916 572 1974 per
593 1917 661 1956 ea
682 1901 836 1956 sicut
864 1916 969 1973 per
993 1899 1271 1956 tenebras
1296 1916 1309 1955 :
1339 1902 1396 1955 et
1417 1899 1620 1955 eadem
1653 1899 1711 1956 in
1744 1918 1860 1973 qua
1909 1917 1970 1956 se
2001 1937 2050 2005 Β

305 1989 471 2063 prius
499 1991 748 2046 ﬁrmiter
768 1994 924 2046 stare
945 1990 1233 2061 putabant
1254 1989 1356 2044 ﬁat
1376 1988 1460 2044 eis
1484 2013 1509 2038 ‹‹
1534 1987 1887 2057 lubricum,»
1912 1990 1970 2044 id

307 2083 415 2160 est,
431 2078 745 2148 lubricosa,
761 2083 827 2134 ut
845 2078 1188 2150 intelligant
1211 2077 1507 2134 neminem
1530 2079 1778 2134 ﬁrmiter
1798 2095 1969 2150 posse

305 2173 496 2224 stare:
525 2169 574 2224 si
599 2167 708 2223 hoc
731 2167 940 2223 nolunt
955 2183 1339 2239 cognoscere;
1377 2190 1404 2216 ιι
1423 2167 1914 2240 angelusDomini
1938 2190 1966 2216 »

306 2257 384 2312 sit
407 2278 434 2306 «
465 2273 823 2328 persequens
853 2273 952 2311 eos
984 2278 1011 2303 »
1061 2272 1412 2326 quacunque
1456 2256 1830 2327 impulsione.
1865 2257 1968 2311 llic

308 2359 541 2418 quoque
571 2349 850 2400 notantur
881 2345 996 2400 duo
1027 2360 1243 2416 genera
1273 2345 1668 2402 correctionis.

380 2435 450 2489 Et
471 2457 499 2484 ‹‹
520 2433 799 2506 quoniam
818 2433 1252 2488 absconderunt
1278 2432 1420 2486 mihi
1446 2432 1750 2487 interitum
1773 2431 1966 2504 laquei

308 2546 337 2574 «
373 2522 487 2592 sui,
524 2545 552 2572 ››
584 2521 642 2577 id
685 2525 793 2589 est,
826 2520 1086 2576 occultos
1125 2520 1366 2592 laqueos
1419 2525 1769 2592 paraverunt
1798 2522 1963 2590 mihi,

299 2612 408 2684 qui
424 2611 677 2684 laqueus
697 2615 822 2668 erat
844 2627 1024 2666 causa
1045 2609 1316 2665 interitus
1343 2627 1355 2665 :
1382 2610 1817 2666 absconderunt
1837 2612 1965 2667 dico

310 2701 626 2775 «gratis,»
667 2700 725 2756 id
787 2703 896 2767 est,
929 2698 1056 2755 sine
1117 2699 1325 2754 merito
1384 2715 1513 2755 meo
1573 2703 1629 2754 et
1686 2700 1964 2772 quoniam

294 2814 336 2842 .‹‹
369 2790 868 2864 exprobraverunt
913 2787 1172 2844 animam
1227 2804 1420 2843 meam
1453 2812 1481 2838 ‹‹
1507 2788 1766 2844 dicentes
1800 2805 1812 2843 :
1847 2789 1966 2844 Da:-

296 2878 572 2936 monium
606 2878 788 2935 habes
829 2881 885 2933 et
934 2876 1154 2932 similia
1185 2894 1198 2932 :
1233 2881 1288 2932 et
1318 2876 1426 2932 hoc
1459 2901 1486 2926 «
1522 2894 1897 2950 supervacue.
1935 2899 1963 2928 »

299 2969 370 3026 .In
421 2968 532 3024 hoc
581 2968 821 3040 quidem
869 2983 1068 3036 vacue,
1104 2967 1245 3038 quia
1296 2981 1410 3021 non
1454 2972 1578 3022 erat
1619 2969 1772 3038 quod
1808 2968 1963 3023 dice-

302 3059 448 3115 bant
479 3075 490 3113 :
527 3057 586 3113 in
616 3057 725 3113 hoc
757 3073 1134 3130 supervacue,
1170 3056 1308 3128 quia
1341 3057 1626 3113 immunis
1657 3074 1690 3112 a
1728 3061 1963 3130 peccato

302 3147 488 3205 Filius
517 3147 618 3205 Dei
649 3151 792 3204 erat.

373 3238 444 3293 Et
475 3237 757 3309 quoniam
799 3236 908 3291 hoc
959 3236 1239 3303 fecerunt,
1274 3234 1510 3290 veniant
1559 3234 1643 3291 eis
1695 3252 1798 3307 pro
1847 3235 1965 3292 illis

2083 669 2459 724 supervacue,
2489 675 2514 700 ››
2547 655 2611 707 ut
2641 669 2820 724 supra
2850 674 2875 701 ‹‹
2908 649 3102 707 veniat
3151 649 3236 706 illi
3270 674 3296 700 ››
3329 651 3542 725 populo
3590 677 3624 702 ‹‹
3654 652 3764 708 la-

2083 756 2293 812 queus,
2329 764 2354 788 ››
2417 741 2476 795 id
2524 745 2632 809 est,
2681 745 2918 812 paretur
2974 740 3057 796 eis
3116 740 3343 796 occulta
3395 741 3762 809 destructio,

2081 852 2111 880 «
2146 847 2322 902 quem
2353 829 2604 902 ignorat,
2643 852 2668 878 n
2703 831 2761 885 id
2796 835 2905 897 est,
2940 847 3116 903 quem
3149 831 3274 903 ipse
3325 830 3564 902 nesciat,
3584 831 3767 887 sicut

2083 918 2439 990 completum
2465 920 2634 974 estin
2657 919 2882 975 occulto
2909 920 3303 976 destructione
3329 937 3433 991 per
3453 921 3661 976 Titum
3699 925 3766 976 et

2080 1008 2508 1080 Vespasianum
2543 1027 2555 1065 :
2592 1013 2648 1064 et
2679 1027 2795 1064 non
2838 1013 3070 1064 tantum
3120 1014 3380 1081 paretur,
3411 1011 3509 1065 sed
3557 1009 3761 1065 etiam

2080 1097 2257 1152 habet
2287 1097 2606 1153 efﬁcaciam
2629 1098 2689 1152 in
2714 1098 2799 1153 eis
2825 1115 2836 1153 :
2861 1102 2917 1154 et
2945 1098 3056 1153 hoc
3077 1101 3168 1154 est
3197 1121 3225 1148 «
3251 1099 3420 1154 cadat
3442 1121 3470 1148 ››
3484 1098 3762 1171 populus

2083 1209 2110 1237 ‹‹
2146 1187 2202 1241 in
2234 1186 2510 1259 laqueum
2544 1187 2741 1259 ipsum
2779 1210 2805 1235 η
2838 1193 2902 1242 ut
2924 1205 3104 1260 supra
3133 1188 3460 1260 expositum
3491 1193 3598 1244 est.
3635 1188 3760 1243 Vel

2080 1275 2235 1331 idem
2267 1281 2353 1332 est
2384 1277 2443 1331 in
2475 1275 2798 1349 laqueo,vel
2817 1278 2985 1332 cadat
3007 1275 3066 1331 in
3087 1276 3366 1349 laqueum
3390 1299 3417 1325 υ
3442 1275 3501 1332 111
3530 1276 3694 1348 ipso,
3727 1298 3758 1326 ››

2081 1364 2140 1421 id
2172 1370 2278 1433 est,
2306 1367 2434 1438 ipsa
2464 1366 2924 1435 machinatione;
2956 1387 2985 1416 ‹‹
3009 1370 3067 1422 et
3088 1367 3279 1439 captio
3301 1383 3476 1439 quam
3499 1366 3762 1422 abscon-

2081 1455 2168 1511 dit
2202 1456 2601 1528 apprehendat
2631 1473 2786 1524 eum,
2817 1477 2843 1505 »
2867 1455 3090 1512 scilicet
3139 1455 3241 1511 illa
3285 1455 3372 1511 vis
3413 1471 3588 1528 quam
3622 1455 3759 1528 ipsi

2080 1549 2434 1616 paraverunt
2464 1545 2734 1615 Domino,
2771 1544 2849 1600 sit
2879 1562 3058 1601 causa
3089 1561 3266 1616 quare
3292 1544 3404 1616 ipsi
3426 1546 3756 1601 destruan-

2079 1637 2176 1688 tur
2208 1633 2605 1706 corporaliter.

2152 1723 2255 1779 Hic
2279 1723 2486 1796 incipit
2509 1723 2766 1779 secunda
2781 1721 3066 1795 pars.Illis
3089 1721 3172 1777 ita
3191 1721 3416 1776 eveniet
3437 1737 3451 1776 :
3479 1742 3508 1771 «
3536 1721 3756 1777 anima

2080 1818 2278 1868 autem
2305 1830 2435 1868 mea
2455 1811 2847 1869 exsultabitin
2868 1811 3117 1868 Domino
3142 1833 3170 1860 »
3191 1814 3248 1866 et
3278 1810 3402 1866 11010
3425 1809 3754 1866 exsultatio

2082 1902 2193 1958 fuit
2221 1901 2281 1957 in
2316 1902 2588 1975 passione
2619 1919 2754 1975 spes
2781 1899 3225 1956 resurrectionis
3249 1916 3262 1954 :
3297 1922 3324 1948 ‹‹
3351 1902 3407 1955 et
3430 1899 3756 1955 delectabi-

2081 1995 2178 2047 tur
2201 2015 2227 2039 ››
2252 1992 2310 2046 in
2343 1991 2472 2063 ipsa
2502 1991 2927 2048 resurrectione
2954 2014 2980 2039 «
3005 2005 3184 2061 super
3211 1986 3456 2043 salutari
3485 2003 3658 2055 suo,»
3685 1989 3752 2043 id

2079 2085 2188 2151 est,
2223 2082 2293 2136 de
2332 2080 2671 2148 salvatione,
2708 2080 2797 2136 vel
2829 2079 3131 2135 divinitate
3163 2077 3274 2134 sibi
3307 2077 3491 2133 unita.

2151 2168 2219 2224 Et
2249 2175 2388 2225 tunc
2419 2193 2445 2218 ‹‹
2479 2171 2676 2225 dicent
2708 2192 2736 2218 »
2767 2170 2827 2224 in
2859 2186 2919 2223 re
2949 2168 3079 2240 ipsa
3110 2191 3137 2218 ‹‹
3171 2167 3370 2223 omnia
3395 2181 3527 2222 ossa
3545 2181 3749 2235 mea,»

2079 2259 2135 2313 id
2159 2264 2477 2326 est,omnes
2491 2258 2730 2313 virtutes
2744 2275 2883 2314 mea:
2901 2275 2913 2311 :
2933 2257 3018 2313 «Ο
3042 2255 3286 2312 Domine
3311 2278 3338 2305 »
3361 2255 3462 2328 qui
3485 2273 3547 2312 es
3567 2280 3592 2305 ‹‹
3617 2256 3750 2312 eri—

2077 2349 2246 2419 piens
2279 2369 2305 2396 »)
2339 2365 2440 2419 per
2457 2348 2777 2419 quamdam
2797 2345 3136 2402 violentiam
3163 2368 3191 2394 ‹‹
3215 2345 3468 2416 inopem,
3491 2367 3517 2393 υ
3545 2345 3747 2412 idest,

2065 2451 2264 2508 genus
2294 2436 2622 2492 humanum
2648 2459 2677 2486 «
2699 2437 2772 2490 de
2787 2451 2971 2490 manu
2990 2435 3299 2489 fortiorum
3323 2435 3450 2505 ejus
3471 2455 3498 2485 ››
3522 2425 3750 2506 inopis,

2074 2525 2135 2580 id
2180 2529 2289 2591 est,
2323 2526 2394 2579 de
2444 2541 2624 2580 manu
2674 2524 2979 2579 fortiorum
3025 2521 3394 2578 diabolorum
3428 2539 3442 2577 :
3475 2525 3533 2577 et
3559 2522 3750 2578 etiam

2075 2612 2328 2685 eripiens
2360 2637 2385 2662 «
2418 2629 2668 2685 egenum
2691 2617 2750 2668 et
2777 2628 3116 2685 pauperem,
3141 2633 3168 2662 »
3195 2611 3253 2666 id
3279 2605 3744 2677 est,humanum

2073 2719 2261 2775 genus
2296 2726 2322 2752 «
2361 2720 2394 2757 a
2428 2702 2842 2773 diripientibus
2875 2717 3034 2770 eum,
3071 2723 3099 2750 »
3131 2701 3188 2756 id
3233 2704 3341 2769 est,
3375 2715 3410 2755 a
3441 2700 3739 2758 ministris

2075 2791 2442 2847 diabolorum
2470 2792 2570 2864 qui
2593 2808 2660 2846 ex
2681 2794 2971 2863 praecepto
3001 2789 3288 2846 diabolico
3315 2799 3502 2862 genus
3523 2789 3742 2845 huma-

2073 2897 2216 2936 num
2249 2881 2322 2936 ad
2373 2880 2601 2936 diversa
2643 2884 2884 2952 peccata
2929 2878 3236 2951 diripiunt,
3270 2901 3298 2928 ‹‹
3334 2877 3466 2950 quis
3519 2876 3742 2935 similis

2073 2969 2255 3025 tui?»
2293 2971 2466 3041 Inops
2513 2967 2728 3024 dicitur
2775 2969 3106 3024 humanum
3165 2983 3371 3041 genus,
3407 2966 3740 3022 secundum

2074 3059 2184 3114 hoc
2214 3060 2370 3132 quod
2411 3063 2536 3114 erat
2584 3056 2863 3131 passibile
2892 3061 2950 3113 et
2980 3057 3224 3113 mortale
3267 3059 3328 3112 et
3375 3055 3435 3111 in
3466 3046 3732 3111 dominio

2067 3149 2290 3205 diaboli
2324 3153 2449 3204 erat
2472 3165 2485 3203 :
2509 3165 2757 3221 egenum
2783 3147 3108 3203 secundum
3130 3146 3241 3201 hoc
3261 3145 3417 3217 quod
3437 3143 3591 3200 sicut
3629 3143 3733 3200 ille

2073 3254 2294 3311 egenus
2326 3243 2432 3307 est,
2453 3238 2554 3310 qui
2584 3238 2804 3292 victum
2832 3252 3007 3292 suum
3025 3252 3160 3291 cum
3183 3235 3380 3290 labore
3405 3233 3733 3306 qu'aerit,sic

297 3325 477 3382 malis
531 3326 706 3392 bona,
739 3329 797 3380 et
843 3323 954 3380 hoc
999 3327 1089 3379 est
1119 3346 1145 3372 ‹‹
1179 3323 1393 3391 veniat,
1431 3346 1458 3373 ››
1492 3323 1548 3378 id
1580 3327 1688 3392 est,
1722 3329 1960 3395 paretur
1989 3311 2030 3378 C
2067 3328 2268 3399 ipsum
2299 3344 2532 3399 quoque
2563 3327 2772 3398 quaerit
2800 3325 3058 3397 aliquam
3082 3323 3474 3397 cognitionem
3509 3321 3579 3377 de
3608 3322 3732 3377 Deo

305 3438 332 3464 α
361 3413 447 3469 illi
475 3435 502 3464 n
537 3411 751 3484 populo
782 3435 810 3460 «
845 3410 1114 3482 laqueus,
1154 3433 1180 3459 »
1214 3409 1271 3465 id
1299 3416 1406 3478 est,
1424 3411 1688 3466 doctrina
1714 3412 1962 3483 quailla—

297 3503 552 3571 iqueetur
583 3522 609 3549 «
647 3513 820 3570 quem
854 3498 1102 3569 ignorat,
1140 3519 1167 3546 ››
1201 3497 1257 3551 id
1288 3505 1394 3564 est,
1430 3498 1585 3554 sicut
1614 3499 1759 3554 mihi
1789 3501 1962 3572 igno-

303 3592 502 3645 ranter
532 3591 880 3659 paraverunt
914 3585 1215 3657 laqueum,
1249 3586 1334 3642 sic
1381 3586 1499 3641 illis
1548 3586 1959 3659 ignorantibus

297 3680 544 3748 paretur
567 3693 579 3731 :
607 3679 664 3732 et
693 3692 806 3730 non
840 3678 1073 3729 tantum
1099 3677 1336 3746 paretur
1366 3673 1630 3746 laqueus,
1657 3677 1757 3732 sed
1780 3678 1958 3734 etiam

293 3788 329 3815 -α
357 3765 579 3822 cadat»
606 3762 861 3838 populus
892 3761 987 3818 ille
1017 3762 1077 3817 in
1111 3762 1412 3834 laqueum,
1447 3763 1504 3818 id
1537 3769 1642 3832 est,
1677 3765 1807 3836 ipsa
1856 3767 1958 3821 do-

297 3857 490 3911 ctrina
518 3856 726 3911 efﬁcax
747 3854 823 3910 sit
853 3854 911 3909 in
939 3853 1022 3910 eis
1058 3870 1068 3909 :
1105 3853 1184 3909 ita
1216 3853 1344 3909 dico
1377 3853 1435 3907 in
1479 3853 1778 3926 laqueum,
1800 3857 1958 3926 quod

300 3968 328 3994 ‹‹
363 3945 420 3999 111
453 3945 734 4017 idipsum,
764 3966 790 3992 »
813 3944 870 3998 id
894 3941 1268 4014 est,laqueus
1292 3943 1402 3998 iste
1425 3942 1501 3998 sit
1522 3942 1729 4014 laqueo
1747 3942 1958 4000 similis

292 4049 474 4106 quem
505 4037 875 4106 paraverunt,
901 4035 964 4087 ut
994 4032 1146 4088 sicut
1177 4031 1386 4103 laqueo
1419 4048 1525 4088 suo
1574 4047 1668 4087 me
1715 4049 1957 4104 prorsus

294 4123 548 4180 retinere
569 4122 902 4189 voluerunt,
935 4121 1018 4176 ita
1049 4121 1162 4176 ista
1194 4120 1403 4193 laqueo
1436 4121 1548 4176 isto
1573 4121 1953 4178 retineantur.

292 4213 358 4270 Si
409 4212 716 4280 habeatur,
751 4210 810 4265 in
866 4210 1074 4282 laqueo
1128 4210 1276 4281 ipso,
1309 4209 1467 4265 idem
1516 4210 1647 4265 erit.
1682 4210 1821 4267 Dico
1878 4211 1957 4267 la-

297 4317 485 4375 quens
516 4301 917 4373 apprehendat
946 4316 1066 4367 eos,
1095 4323 1124 4349 «
1158 4304 1217 4355 et
1267 4299 1459 4372 captio
1503 4317 1684 4372 quam
1715 4302 1958 4358 abscon-

294 4391 402 4460 dit,
441 4414 468 4440 ››
500 4390 558 4446 id
591 4394 699 4457 est,
735 4406 895 4445 mors
938 4405 1118 4461 quam
1170 4387 1401 4444 Christo
1451 4389 1674 4445 occulte
1723 4407 1956 4462 parave-

289 4484 437 4537 runt
469 4503 495 4529 «
534 4479 939 4552 apprehendat
985 4494 1108 4549 eos,
1141 4501 1169 4527 n
1202 4478 1258 4533 id
1293 4481 1402 4546 est,
1429 4495 1611 4534 causa
1649 4479 1728 4534 sit
1775 4497 1956 4552 quare

295 4569 408 4642 ipsi
441 4567 768 4624 moriantur
791 4567 853 4623 in
892 4567 1147 4640 peccatis
1178 4567 1324 4624 suis.
1352 4567 1453 4622 Vel
1484 4568 1568 4623 sic
1599 4572 1790 4641 potest
1815 4568 1951 4641 legi,

292 4659 367 4715 ad
399 4658 623 4715 malum
648 4675 661 4716 :
688 4657 790 4715 Isti
821 4661 1252 4726 convertantur,
1267 4656 1350 4712 illi
1381 4662 1580 4713 autem
1611 4681 1639 4706 «
1666 4658 1812 4713 ﬁant
1833 4662 1956 4712 tan-

293 4764 470 4820 quam
503 4747 694 4818 pulvis
726 4750 859 4802 antc
892 4745 1099 4801 faciem
1126 4746 1302 4814 venti,
1333 4768 1358 4793 »
1393 4746 1449 4801 id
1481 4750 1954 4814 est,moveantur

291 4835 350 4892 in
381 4835 575 4908 primo
608 4835 725 4891 ictu
758 4835 1151 4890 tentationum
1186 4851 1198 4889 :
1226 4858 1252 4883 ‹‹
1287 4839 1344 4891 et
1375 4835 1620 4907 angelus
1642 4835 1898 4904 Domini,
1925 4858 1951 4884 η

292 4925 350 4984 id
381 4929 488 4994 est,
513 4923 804 4992 diabolus,
839 4924 937 4995 qui
971 4923 1098 4979 ideo
1141 4923 1358 4979 dicitur
1407 4924 1650 4979 nuntius
1694 4924 1950 4990 Domini,

292 5014 432 5087 quia
460 5026 563 5085 per
585 5030 721 5068 eum
749 5012 1035 5069 Dominus
1059 5012 1207 5068 iram
1231 5011 1408 5068 infert
1429 5012 1604 5068 malis
1629 5012 1726 5084 sit,
1745 5037 1773 5062 «
1797 5030 1954 5068 coar-

291 5110 459 5160 ctans
486 5119 585 5158 eos
621 5126 648 5150 ››
670 5102 742 5157 ad
776 5101 1041 5173 graviora
1067 5100 1224 5156 mala
1255 5118 1268 5156 :
1306 5125 1332 5150 ‹‹
1367 5101 1472 5156 ﬁat
1502 5102 1660 5156 enim
1700 5103 1794 5157 via
1823 5102 1950 5157 illo-

291 5209 445 5260 rum,
484 5215 510 5240 »
534 5192 593 5248 id
620 5197 730 5259 est,
767 5191 1060 5247 institutio
1093 5207 1297 5247 eorum
1330 5215 1357 5240 ‹‹
1395 5191 1664 5258 tenebrae,
1702 5215 1728 5240 ‹‹
1765 5196 1829 5246 ut
1851 5209 1953 5263 per

291 5291 421 5338 eam
444 5280 713 5336 excaecati
746 5281 890 5336 ﬁant
924 5298 956 5336 a
996 5280 1326 5352 cognitione
1347 5281 1702 5347 veritatis,et
1735 5281 1834 5335 ﬁat
1865 5281 1949 5336 eis

289 5372 383 5426 via
404 5371 667 5441 ipsorum
693 5394 719 5419 «
746 5369 1099 5441 lubricum,»
1119 5369 1176 5424 id
1199 5369 1700 5438 est,lubricosa,ut
1719 5387 1950 5442 semper

289 5460 358 5515 de
392 5459 532 5514 vitio
562 5457 622 5512 in
653 5457 857 5513 vitium
891 5460 1121 5526 cadant,
1147 5463 1202 5514 et
1229 5463 1465 5532 propter
1511 5459 1618 5514 hoc
1668 5459 1744 5514 sit
1775 5483 1803 5508 «
1838 5477 1947 5514 an-

289 5547 455 5618 gelus
513 5546 742 5602 Domini
779 5565 1138 5620 prosequens
1189 5565 1306 5615 eos,
1344 5573 1370 5597 ››
1405 5549 1460 5604 id
1507 5554 1613 5615 est,
1648 5549 1945 5604 deducens

288 5649 386 5688 eos
420 5635 487 5688 dc
518 5635 656 5689 vitio
686 5635 743 5689 in
769 5636 974 5692 vitium
999 5655 1185 5708 usque
1209 5639 1278 5692 ad
1313 5638 1634 5693 interitum.
1662 5639 1729 5691 Et
1750 5661 1775 5686 ‹‹
1806 5655 1946 5708 quo-

292 5720 448 5772 niam
482 5723 663 5787 gratis
696 5724 1128 5779 absconderunt
1162 5727 1306 5780 mihi
1339 5726 1662 5791 interitum,
1698 5750 1722 5773 υ
1748 5726 1940 5796 laquei

2067 3423 2128 3473 et
2152 3421 2350 3472 tamen
2382 3416 2574 3471 adhuc
2605 3419 2728 3471 erat
2755 3413 3152 3486 pauper,‘quia
3183 3411 3482 3470 modicum
3507 3412 3571 3466 in
3593 3412 3728 3483 ejus

2071 3506 2402 3579 cognitione
2433 3504 2792 3576 proﬁciebat.
2872 3529 2881 3540 ο

2143 3594 2451 3650 Prasmissa
2480 3592 2965 3660 exsultatione,de
2985 3591 3260 3664 passione
3279 3607 3516 3647 narrare
3532 3589 3724 3663 ingre-

2067 3681 2630 3738 ditur.Continuatio
2655 3698 2667 3736 :
2695 3680 2970 3747 Quamvis
2985 3681 3068 3735 ita
3085 3671 3337 3737 exsultet
3354 3679 3552 3736 anima
3571 3691 3726 3747 mea,

2061 3775 2266 3827 tamen
2289 3788 2405 3826 non
2431 3773 2804 3825 removentur
2831 3769 3101 3823 humanas
3123 3768 3396 3824 miseriae.
3421 3791 3448 3817 «
3471 3768 3728 3840 Surgen-

2060 3864 2156 3916 tos
2186 3859 2374 3931 iniqui
2407 3862 2605 3925 testes,
2643 3879 2670 3906 ι)
2711 3857 2811 3929 qui
2859 3856 2990 3910 ideo
3032 3855 3222 3927 iniqui
3254 3857 3552 3924 dicuntur,
3585 3855 3730 3927 quia

2067 3948 2212 4004 alter
2256 3947 2629 4003 mendacium
2675 3945 2917 4001 alterius
2967 3943 3303 3999 testimonio
3362 3936 3724 4016 comprobat,

2066 4061 2094 4086 ‹‹
2122 4037 2482 4108 interrogant
2506 4051 2618 4103 me,
2639 4055 2666 4082 n
2699 4034 2754 4089 id
2787 4036 2898 4101 est,
2915 4033 3322 4088 accusationes
3340 4024 3729 4105 imponebant

2067 4123 2214 4182 mihi
2233 4142 2335 4198 per
2355 4123 2845 4196 interrogationes
2869 4144 2897 4172 ‹‹
2926 4139 3052 4194 qua:
3085 4121 3493 4194 ignorabam,»
3525 4115 3582 4176 id
3611 4123 3722 4188 est,

2058 4232 2192 4288 quae
2225 4213 2376 4269 facta
2401 4213 2754 4269 nesciebam.

2136 4303 2558 4360 Retribuebant
2589 4302 2767 4357 etiam
2812 4300 2956 4356 mihi
2989 4298 3147 4355 mala
3176 4314 3280 4371 pro
3333 4297 3502 4354 nobis
3532 4317 3560 4347 ‹‹
3587 4303 3722 4370 quas

2065 4393 2316 4448 feceram
2378 4391 2484 4457 eis,
2519 4389 2726 4462 supple
2782 4389 2841 4443 in
2903 4392 3111 4444 sancta
3167 4387 3455 4454 doctrina,
3501 4384 3725 4441 scilicet

2061 4480 2433 4537 sterilitatem
2466 4478 2672 4534 animae
2705 4494 2867 4534 mea.
2895 4499 2922 4526 ››
2951 4477 3014 4532 In
3043 4477 3155 4533 hoc
3184 4476 3342 4532 enim
3360 4479 3484 4530 erat
3523 4473 3724 4530 anima

2062 4585 2195 4626 mea
2222 4568 2462 4636 sterilis,
2496 4568 2648 4640 quod
2685 4567 3057 4638 incorporare
3081 4581 3186 4621 eos
3217 4564 3362 4620 mihi
3394 4579 3508 4619 non
3559 4567 3721 4634 pote-

2064 4673 2211 4714 ram.
2233 4657 2410 4713 Cibus
2441 4657 2598 4712 enim
2631 4671 2820 4720 meus,
2836 4669 3037 4709 eorum
3070 4653 3231 4710 salus
3263 4657 3319 4708 et
3366 4652 3532 4707 ﬁdes.
3557 4641 3720 4706 Unde

2062 4747 2292 4802 locutus
2324 4745 2728 4812 Samaritana),
2761 4743 2906 4798 dixit
2930 4742 3237 4814 discipulis
3286 4741 3626 4814 rogantibus
3656 4743 3721 4795 ut

2060 4837 2482 4891 manducaret:
2518 4859 2546 4884 «
2572 4835 2691 4907 Ego
2715 4833 2912 4888 cibum
2935 4833 3121 4888 habeo
3153 4847 3328 4903 quem
3351 4845 3450 4887 vos
3481 4828 3717 4885 nescitis

2063 4926 2240 4997 (Joan.
2274 4927 2368 4994 ιν).
2409 4946 2436 4973 ››

2137 5013 2252 5085 Ipsi
2303 5012 2635 5068 retribuant
2676 5011 2822 5066 mihi
2875 5009 3053 5078 mala,
3086 5033 3113 5059 ‹‹
3148 5023 3254 5083 ego
3305 5012 3502 5064 autem
3536 5029 3563 5055 η
3605 5021 3716 5061 non

2059 5102 2432 5157 vindieabam
2464 5118 2557 5155 me
2590 5102 2658 5155 de
2682 5099 2904 5168 eis,sed
2939 5121 2967 5149 ‹‹
3003 5099 3321 5154 induabam
3354 5113 3505 5162 me,»
3524 5096 3586 5149 id
3609 5098 3712 5162 est,

2061 5191 2465 5263 occperiebam
2491 5189 2858 5243 divinitatem
2879 5203 3074 5243 meam
3090 5212 3116 5237 ‹‹
3134 5187 3382 5253 0111010,››
3405 5185 3464 5239 id
3483 5187 3591 5251 est,
3607 5199 3717 5254 pos»

2059 5279 2354 5336 nitentiali
2386 5279 2828 5335 veste.Carnem
2863 5294 3031 5333 suam
3063 5282 3229 5332 vocat
3261 5269 3711 5348 pmnitentialem

2057 5367 2455 5440 vestem,quia
2486 5368 2546 5422 in
2564 5384 2632 5422 ea
2652 5381 2755 5438 pro
2779 5365 3034 5438 peccatis
3061 5365 3262 5438 populi
3293 5363 3576 5420 sustinuit
3605 5377 3712 5433 pm-

2058 5475 2214 5514 nam.
2263 5458 2544 5528 Coeperta
2587 5459 2710 5510 erat
2761 5453 3058 5521 divinitas,
3091 5455 3326 5524 quando
3374 5469 3542 5507 suam
3601 5465 3713 5506 non

2057 5547 2401 5603 ostendebat
2425 5544 2767 5616 potentiam.
2793 5543 3101 5610 Induebar,
3127 5543 3275 5613 dico,
3303 5541 3494 5596 cilicio
3531 5563 3557 5589 «
3585 5553 3714 5594 cum

2057 5636 2138 5691 illi
2195 5634 2338 5690 mihi
2391 5634 2619 5688 molesti
2676 5636 2956 5700 essent,»
3002 5631 3058 5686 id
3108 5636 3215 5698 est,
3251 5629 3520 5702 quamvis
3573 5623 3712 5681 mihi

2054 5724 2279 5781 molesti
2297 5728 2654 5787 essent,cum
2679 5721 2773 5776 alii
2802 5720 3028 5778 soleant
3047 5719 3368 5791 potentiam
3385 5717 3710 5775 ostendere.
