3914 6410
136 496 246 559 3ξ3

1310 496 1810 559 EXPLANATIO
1854 497 1936 558 IN
1981 497 2359 561 PSALMOS.

3431 493 3548 562 3M

201 630 268 685 Et
291 627 468 684 etiam
503 647 532 678 «
564 626 951 683 humiliabam
983 628 1242 684 animam
1275 646 1487 698 meam,
1529 655 1548 678 υ
1585 630 1640 685 id
1674 634 1782 698 est,
1813 632 1870 698 Α
1898 631 2413 704 iniqueinfcrendo
2441 631 2594 688 mala
2616 649 2776 689 «non
2799 633 3332 706 supergaudeant,»
3357 634 3411 688 id
3439 639 3547 707 est,

135 717 457 790 afﬂigebam
481 715 739 771 animam
763 734 976 785 meam,
993 718 1329 789 «injcjunio
1351 744 1371 770 ››
1396 719 1782 792 scilicet,un

134 823 327 865 eorum
360 805 548 862 salute
582 823 697 862 non
731 810 994 878 poteram
1027 809 1300 875 refici,vel
1332 808 1389 862 in
1413 810 1641 880 jejunio
1663 828 1783 867 cor-

132 895 328 970 porali,
362 899 421 950 et
448 896 622 951 etiam
665 896 905 951 orabam
939 913 1042 967 pro
1072 897 1175 965 eis,
1211 902 1268 951 et
1299 897 1439 967 quia
1468 915 1582 953 non
1615 916 1781 971 repe-

133 988 326 1042 rerunt
355 985 677 1040 orationem
712 985 1032 1055 meam,illa
1069 1006 1094 1036 «
1117 985 1298 1041 oratio
1331 1004 1460 1042 mea
1493 987 1549 1042 in
1585 988 1780 1043 sinum

132 1090 323 1130 meum
371 1077 762 1142 convertetur,
792 1093 817 1125 n
854 1073 911 1129 id
964 1078 1072 1142 est,
1108 1076 1252 1130 mihi
1303 1076 1412 1130 erit
1444 1075 1605 1132 utilis
1639 1094 1651 1131 :
1688 1095 1780 1132 se-

133 1164 383 1222 cundum
417 1163 570 1236 quod
596 1163 720 1235 ipse
743 1163 1029 1219 Dominus
1054 1165 1112 1218 in
1142 1165 1452 1236 Evangelio
1477 1166 1622 1220 dixit
1652 1183 1783 1238 apo-
1830 1209 1834 1212 ι

133 1253 291 1310 stolis
307 1270 358 1308 ;‹‹
373 1253 436 1308 In
454 1270 870 1325 quamcunque
884 1255 1125 1309 domum
1139 1254 1781 1327 intraveritis,primum

132 1342 298 1398 dicite
328 1359 342 1397 :
377 1341 494 1397 Pax
523 1341 662 1397 huic
694 1343 893 1397 domui
931 1359 942 1397 :
979 1347 1035 1398 et
1067 1343 1116 1397 si
1142 1343 1222 1397 ibi
1254 1344 1429 1399 fuerit
1479 1343 1635 1399 ﬁlius
1680 1362 1781 1416 pa-

131 1429 229 1497 cis,
263 1429 588 1502 requiescet
645 1447 823 1502 super
853 1448 988 1486 eum
1020 1449 1132 1503 pax
1161 1436 1353 1487 vestra
1388 1449 1399 1487 :
1437 1433 1526 1487 sin
1560 1437 1780 1504 autem,

133 1519 200 1575 ad
230 1535 326 1575 vos
362 1522 682 1574 revertetur
714 1520 916 1587 (Matth.
950 1521 1025 1592 x),
1060 1541 1085 1571 n
1128 1521 1186 1576 id
1217 1525 1325 1588 est,
1361 1522 1410 1577 si
1442 1526 1633 1578 vestra
1663 1539 1784 1578 ora-

131 1607 204 1664 tio
234 1623 348 1663 non
383 1607 570 1678 prosit
599 1608 706 1675 eis,
738 1608 904 1664 vobis
937 1609 1148 1664 saltem
1180 1611 1457 1681 proderit.

197 1696 592 1752 Humiliabam
625 1700 682 1750 et
708 1717 734 1748 α
757 1698 840 1752 sic
873 1698 1311 1771 complacebam
1344 1700 1530 1754 mihi»
1555 1699 1642 1756 vel
1665 1701 1782 1757 Deo

130 1776 276 1840 Patri
309 1802 322 1840 :
357 1785 445 1841 sic
476 1784 719 1853 scilicet,
754 1784 1025 1842 habendo
1053 1788 1340 1860 populum
1367 1788 1535 1844 illum
1565 1813 1584 1839 α
1612 1791 1780 1862 quasi

124 1873 456 1946 proximum
488 1878 544 1929 et
573 1874 741 1945 quasi
775 1875 1013 1932 fratrem
1048 1899 1074 1928 »
1110 1876 1403 1932 carnalem
1438 1893 1452 1932 :
1481 1877 1617 1950 quia
1654 1883 1780 1933 tan-

123 1966 250 2018 tum
272 1963 591 2036 diligebam
610 1968 1064 2036 eum,quantum
1085 1966 1134 2020 si
1159 1966 1517 2022 fratermeus
1529 1966 1782 2024 carnalis

128 2057 305 2108 esset:
321 2056 381 2108 et
400 2069 536 2108 cum
558 2051 738 2107 nollet
760 2051 906 2107 mihi
936 2053 1305 2125 acquiescere
1331 2054 1781 2122 «humiliabar,»

130 2139 186 2196 id
217 2145 327 2207 est,
361 2140 664 2214 afﬂigebar
695 2158 797 2213 pro
832 2142 915 2197 eis
949 2143 1031 2198 sic
1069 2165 1089 2192 ι
1126 2143 1297 2214 quasi
1328 2164 1354 2196 ι
1388 2143 1603 2216 aliquis
1636 2168 1662 2194 ‹‹
1695 2145 1784 2200 lu-

129 2239 269 2302 gens
299 2234 355 2286 et
383 2230 826 2301 contristatus,»
855 2230 1064 2305 lugens
1091 2232 1149 2287 in
1183 2249 1440 2305 corpore,
1477 2233 1786 2290 contrista-

125 2322 230 2375 tus
251 2320 320 2374 in
351 2319 572 2376 anima.

191 2400 313 2482 Ego
336 2409 420 2465 sic
444 2408 803 2465 humiliabar
833 2427 936 2481 pro
967 2411 1052 2467 eis
1105 2435 1125 2460 ι
1154 2416 1210 2467 et
1239 2411 1351 2484 ipsi
1383 2415 1580 2466 tamen
1609 2411 1787 2468 laetati

121 2501 266 2553 ‘sunt
323 2499 636 2554 adversum
695 2515 809 2566 me,
860 2503 916 2554 et
962 2505 1357 2556 convenerunt
1387 2521 1412 2551 ι
1452 2500 1691 2567 scilicet,
1727 2500 1787 2555 in

131 2585 277 2643 hanc
303 2587 752 2654 volu‘ntatem,et
781 2609 807 2642 ι
824 2593 1178 2663 congregata
1199 2594 1339 2645 sunt
1367 2607 1545 2662 super
1565 2607 1658 2645 me
1686 2591 1788 2645 ila-

132 2667 298 2747 gel‘la,
338 2691 361 2730 δ
397 2677 458 2732 id
507 2680 620 2748 est,
673 2677 1088 2750 multiplicata,
1137 2685 1196 2735 et
1244 2695 1350 2751 ego
1405 2702 1425 2728 ε
1462 2680 1721 2751 ignoravi
1752 2699 1779 2731 υ

132 2777 307 2835 quare
336 2766 449 2822 hoc
480 2766 752 2835 facerent,
787 2767 946 2838 quia,
981 2767 1222 2835 scilicet,
1257 2786 1373 2823 non
1407 2768 1724 2840 promerui.

198 2855 391 2912 Etiam
429 2876 456 2909 κ
488 2860 629 2912 sunt
659 2855 928 2928 dissipati
957 2876 982 2907 ιο
1019 2857 1283 2914 videntes
1314 2859 1442 2929 ejus
1481 2857 1786 2926 miracula,

127 2951 265 2999 cum
295 2945 563 3000 dicerent
589 2943 708 3011 alii,
743 2945 882 3016 quia
913 2945 1105 3000 bonus
1135 2950 1242 3014 est,
1277 2945 1373 3000 alii
1422 2949 1617 3001 autem
1648 2962 1788 3015 non,

135 3033 231 3087 sed
257 3033 491 3088 seducit
514 3033 805 3098 turbas,et
822 3032 881 3087 in
901 3031 1174 3104 passione
1205 3034 1335 3105 ipsa
1367 3050 1501 3088 cum
1527 3033 1791 3088 viderent

131 3122 293 3175 terra:
321 3120 624 3174 motus-“Et
655 3121 922 3190 quamvis
950 3125 1148 3176 essent
1175 3121 1260 3176 sic
1290 3121 1617 3193 dissipati,«
1637 3138 1789 3175 nun-

125 3216 309 3280 quam
350 3232 370 3258 ι
409 3210 608 3264 tamen
642 3212 781 3264 sunt
818 3231 839 3260 ι
875 3210 1267 3281 compuncti,»
1301 3210 1361 3264 in
1393 3227 1506 3282 quo
1538 3209 1790 3265 maxime

125 3311 330 3353 eorum
351 3297 618 3369 nequitia
647 3303 1026 3371 aggravetur:
1062 3299 1164 3353 sed
1196 3299 1390 3371 potius
1419 3303 1792 3355 tentaverunt

1891 720 1938 776 si
1962 721 2220 792 gaudent
2237 723 2307 776 ad
2332 726 2706 794 tempus,non
2737 723 3032 795 gaudeant
3061 739 3248 794 usque
3271 722 3330 778 in
3351 723 3546 780 finem:

1891 827 1995 864 nec
2039 809 2121 864 illi
2157 834 2182 859 ‹‹
2209 811 2307 882 qui
2339 812 2589 866 oderunt
2618 829 2711 867 me
2740 810 2942 883 gratis,
2981 834 3007 859 »
3041 810 3097 866 id
3131 815 3237 880 est,
3273 811 3400 868 sine
3430 829 3551 869 me-

1892 897 2002 953 rito
2035 917 2162 953 meo
2197 917 2209 955 :
2247 924 2271 948 ‹‹
2301 905 2354 954 et
2385 904 2656 954 annuunt
2689 900 2894 968 oculis,
2931 923 2958 949 ‹‹
2995 899 3053 954 id
3084 904 3190 968 est,
3227 899 3372 957 alios
3403 905 3550 958 nutu

1892 987 2196 1043 oculorum
2231 993 2547 1060 provocant
2579 989 2650 1044 ad
2685 989 3038 1044 derisionem
3071 1006 3285 1045 meam.

1963 1079 2087 1132 Non
2133 1078 2627 1149 supergaudeant,
2664 1095 2766 1133 nec
2826 1078 3040 1133 debent
3097 1081 3552 1151 supergaudere,

1893 1188 1920 1214 «
1955 1166 2234 1237 quoniam
2259 1165 2402 1219 mihi
2439 1165 2678 1236 paciﬁce
2699 1165 3152 1238 loquebantur,»
3171 1170 3226 1220 et
3248 1165 3555 1239 loquentes

1892 1254 2132 1327 pacifice
2165 1277 2191 1302 «
2226 1254 2565 1326 cogitabant
2595 1253 2760 1309 dolos
2791 1277 2816 1303 »
2849 1254 2907 1308 in
2958 1254 3151 1322 corde,
3199 1258 3256 1310 et
3300 1253 3386 1310 illi
3436 1255 3552 1312 doli

1893 1359 2008 1398 non
2043 1346 2226 1411 erant,
2263 1346 2329 1397 ut
2358 1343 2626 1398 auferent
2647 1343 2791 1397 mihi
2825 1342 3128 1408 exteriora,
3163 1343 3264 1398 sed
3298 1367 3324 1393 ‹‹
3358 1343 3418 1398 in
3448 1344 3556 1400 ira-

1893 1431 2132 1498 cundia,
2166 1455 2192 1480 »
2227 1431 2448 1487 scilicet
2479 1432 2552 1486 ad
2583 1435 2832 1487 mortem
2887 1447 3078 1486 meam
3134 1431 3504 1487 intendentes
3540 1450 3553 1487 :

1892 1520 2259 1576 iracundiam
2294 1520 2422 1576 dico
2456 1543 2483 1570 ‹‹
2519 1524 2705 1588 terrae,
2736 1543 2762 1569 »
2792 1537 2896 1591 pro
2928 1524 3085 1574 terra
3116 1518 3337 1574 scilicet
3366 1523 3424 1574 et
3453 1531 3560 1576 suo

1893 1626 2070 1682 regno
2101 1609 2425 1665 retinendo.
2464 1609 2776 1664 Timebant
2808 1608 2966 1664 enim
2999 1607 3242 1679 perdere
3272 1606 3467 1664 locum
3500 1612 3558 1665 et

1890 1705 2149 1774 gentem,
2184 1699 2299 1755 nisi
2332 1698 2633 1755 Christum
2666 1698 3018 1754 occiderent.

1963 1813 1990 1838 «
2008 1791 2077 1844 Et
2092 1789 2484 1844 dilataverunt
2506 1804 2684 1860 super
2697 1805 2788 1843 me
2807 1804 2871 1842 os
2886 1803 3061 1840 suum
3081 1808 3105 1834 »
3120 1802 3254 1840 cum
3268 1785 3556 1842 dicerent:

1890 1878 2197 1951 Cruciﬁge,
2225 1877 2499 1949 crucifige
2531 1893 2667 1931 eum
2700 1876 2877 1948 (Joan.
2897 1877 3017 1944 x1):
3048 1897 3075 1923 ››
3109 1878 3165 1929 et
3197 1897 3224 1924 «
3259 1874 3554 1943 dixerunt,

1813 2001 1862 2066 Β
1888 1967 2049 2039 Euge
2097 1983 2262 2040 euge,
2298 1988 2325 2014 »
2359 1965 2417 2020 id
2475 1968 2586 2032 est,
2644 1965 2790 2020 bene
2839 1963 3008 2034 bene,
3043 1985 3072 2012 «
3104 1962 3376 2018 viderunt
3404 1959 3559 2018 oculi

1895 2056 2079 2111 nostri
2116 2078 2143 2104 »
2175 2056 2246 2110 de
2277 2055 2389 2110 isto
2421 2055 2575 2126 quod
2609 2053 2961 2125 optavimus.

1969 2147 2058 2200 Ita
2086 2143 2196 2215 ipsi
2232 2143 2377 2198 mihi
2413 2143 2693 2209 fecerunt,
2728 2141 2830 2196 sed
2857 2145 2922 2195 tu
2954 2163 2982 2189 «
3017 2139 3263 2196 Domine
3290 2139 3559 2210 vidisti,»

1896 2232 1955 2288 id
1987 2236 2096 2300 est,
2133 2231 2455 2305 cognovisti
2487 2247 2689 2285 eorum
2718 2229 3062 2300 nequitiam,
3099 2231 3156 2282 et
3185 2245 3377 2283 meam
3401 2225 3561 2284 inno-

1898 2321 2175 2388 centiam,
2201 2326 2256 2375 et
2277 2320 2371 2375 ido
2396 2336 2511 2374 «ne
2544 2318 2787 2386 sileas,»
2821 2318 2922 2373 sed
2946 2317 3140 2389 profer
3159 2316 3511 2372 sententiam
3545 2336 3558 2374 :

1897 2414 1954 2466 et
1983 2414 2047 2464 tu
2081 2434 2107 2459 «
2143 2408 2408 2476 Domine,
2457 2424 2530 2463 ne
2584 2407 2856 2462 discedas
2913 2423 2947 2461 a
2994 2422 3088 2461 me
3121 2428 3170 2459 ».
3205 2406 3481 2471 Quamvis
3505 2407 3561 2463 si

1899 2516 2141 2556 securus
2168 2498 2320 2571 quod
2348 2497 2502 2553 Deus
2526 2513 2642 2550 non
2677 2495 2944 2550 discedat
2972 2494 3045 2550 ab
3075 2511 3162 2563 eo,
3196 2497 3393 2550 tamen
3427 2489 3566 2567 quia

1899 2588 2046 2644 nihil
2070 2587 2181 2643 scit
2202 2605 2262 2642 se
2286 2587 2502 2641 habere
2526 2603 2592 2640 ex
2623 2584 3012 2652 humanitate,
3038 2588 3182 2651 orat,
3209 2587 3274 2638 ut
3305 2583 3401 2638 det
3431 2583 3563 2639 aliis

1899 2675 2229 2748 exemplum
2260 2673 2635 2745 orandi,quia
2665 2671 2814 2726 nihil
2846 2671 3090 2744 prorsus
3120 2670 3180 2726 in
3213 2689 3322 2727 sua
3350 2670 3562 2726 huma-

1899 2767 2082 2821 nitate
2114 2764 2403 2820 conﬁdere
2435 2763 2670 2818 debent.

1970 2854 2108 2908 Dico
2156 2869 2228 2907 ne
2277 2851 2564 2918 discedas,
2597 2851 2794 2922 potius
2826 2873 2854 2899 ‹‹
2883 2864 3194 2920 exsurgere
3234 2852 3292 2903 et
3321 2845 3558 2903 intende

1890 2941 2114 3015 judicio
2146 2957 2294 3009 meo,
2331 2961 2358 2987 »
2391 2940 2449 2993 id
2477 2943 2584 3007 est,
2618 2938 2924 2994 considera
2962 2937 3133 3009 quale
3155 2935 3449 3008 judicium
3480 2935 3560 2992 sit

1901 3032 2118 3085 factum
2151 3030 2221 3083 de
2243 3031 2428 3098 me,tu
2453 3028 2582 3081 dico
2618 3026 2719 3098 qui
2751 3044 2812 3081 es
2846 3049 2873 3075 ‹‹
2905 3026 3062 3080 Deus
3093 3042 3260 3080 meus
3275 3023 3559 3096 ».thuia

1900 3120 1948 3175 si
1985 3119 2175 3174 solum
2225 3116 2518 3188 judicium
2575 3114 2882 3187 aspizeret,
2918 3113 3157 3168 haberet
3199 3129 3333 3168 eum
3362 3112 3556 3168 furem

1901 3208 2037 3281 quia
2066 3208 2218 3262 inter
2247 3206 2403 3260 fures
2435 3205 2752 3259 damnatus
2785 3206 2896 3270 est,
2930 3201 3094 3257 addit
3128 3217 3140 3255 :
3176 3224 3204 3250 «
3238 3206 3296 3256 et
3323 3203 3557 3257 attende

1900 3312 2138 3351 causam
2174 3310 2424 3359 meam,»
2459 3293 2516 3348 id
2546 3296 2654 3362 est,
2688 3295 2870 3347 totam
2904 3289 3341 3364 placitationem
3374 3289 3560 3346 consi-

129 3388 608 3455 me,adducentes
636 3369 771 3442 ante
802 3404 893 3442 me
924 3369 1228 3442 mulierem
1262 3387 1589 3444 adulteram
1609 3390 1784 3456 (Joan.
1817 3369 1860 3435 C
1901 3386 2058 3452 dera,
2080 3383 2322 3451 scilicet,
2342 3382 2496 3454 quod
2528 3398 2632 3454 ego
2666 3398 2899 3453 semper
2929 3397 3066 3452 erga
3095 3397 3194 3435 eos
3221 3374 3561 3435 innocenter

131 3478 253 3544 VIII)
288 3491 302 3532 ε
335 3475 582 3532 dicendo
613 3475 788 3532 etiam
824 3493 837 3530 :
879 3498 901 3525 ι
936 3476 993 3532 Si
1045 3476 1204 3532 {ilius
1247 3478 1350 3533 Dei
1381 3494 1463 3545 es,
1498 3477 1786 3533 descende

123 3562 200 3618 de
256 3570 432 3621 cruce
489 3563 697 3634 (Matth.
753 3569 908 3634 xxvr)
944 3583 992 3633 »;
1029 3587 1056 3616 ‹‹
1091 3566 1600 3623 subsannaverunt
1631 3583 1724 3621 me
1755 3588 1782 3617 »

124 3654 261 3708 ’cum
294 3653 557 3726 aliquam
589 3653 996 3710 inﬁrmitatem
1041 3654 1316 3710 humanae
1347 3659 1570 3711 natura:
1600 3654 1661 3710 in
1693 3671 1788 3711 me

125 3745 546 3813 cognoscerent
576 3759 590 3798 :
622 3747 680 3798 et
737 3759 854 3799 non
899 3744 971 3798 ad
1004 3743 1230 3815 horam,
1266 3743 1366 3799 sed
1398 3766 1425 3795 «
1459 3745 1787 3799 subsanna-

131 3829 304 3898 tione,
343 3853 365 3880 ιι
398 3831 462 3887 id
495 3835 602 3899 est,
638 3832 876 3888 assidue
911 3849 923 3886 :
960 3836 1017 3887 et
1049 3850 1184 3888 cum
1236 3832 1383 3888 nihil
1432 3833 1491 3887 in
1523 3849 1616 3888 me
1647 3833 1787 3888 mali

128 3915 475 3989 invenirent,
513 3941 539 3972 ι
574 3919 964 3976 frenduerunt
999 3944 1019 3970 ι
1059 3921 1285 3977 scilicet
1341 3921 1571 3977 bestiali
1631 3937 1790 3978 more

132 4017 162 4054 ἰ
193 4011 369 4080 super
397 4025 495 4065 me
521 4006 816 4079 dentibus,
851 4033 874 4062 ι
912 4009 970 4065 id
1005 4014 1113 4078 est,
1148 4011 1584 4066 corrosionibus
1641 4011 1787 4067 suis.

195 4095 318 4169 Ipsi
329 4097 422 4155 ita
443 4103 649 4155 contra
668 4114 762 4155 me
782 4098 1136 4168 faciunt,sed
1159 4103 1222 4155 tu
1244 4100 1481 4171 quidem
1513 4100 1790 4171 «quando

134 4185 408 4256 respicies
440 4209 474 4239 υ
507 4185 984 4258 misericorditer,
1024 4192 1085 4243 ut
1125 4187 1196 4243 de
1243 4204 1447 4243 eorum
1507 4192 1792 4260 potestate

133 4275 228 4328 me
254 4273 520 4333 liberes?
563 4277 830 4348 Respice,
888 4276 1154 4345 Domine,
1211 4281 1269 4332 et
1327 4300 1355 4326 «
1387 4277 1629 4332 restitue
1661 4277 1793 4332 ani-

135 4367 290 4419 mam
316 4386 350 4414 νη
375 4365 672 4421 redditam
707 4366 956 4437 corpori,
990 4370 1276 4421 remotam
1309 4389 1336 4415 «
1363 4383 1396 4421 a
1427 4365 1792 4439 malignitate

131 4453 355 4525 borum,
391 4473 421 4505 »
455 4455 516 4510 id
549 4457 658 4526 est,
691 4455 764 4511 ab
797 4455 1176 4511 inferioribus
1213 4456 1432 4511 Judzeis
1464 4455 1792 4530 malignan-

131 4533 314 4609 tibus,
341 4541 402 4598 et
433 4566 461 4593 ‹‹
497 4543 734 4598 unicam
764 4559 978 4611 meam,
1016 4565 1043 4591 »
1075 4542 1133 4598 id
1167 4547 1274 4612 est,
1309 4544 1570 4600 animam
1600 4562 1792 4600 meam

135 4625 482 4704 ipSam,q'ute
513 4633 691 4688 unica
721 4637 811 4689 est
840 4648 854 4687 :
889 4631 1028 4704 quia
1059 4631 1285 4688 nullam
1317 4637 1544 4704 partem
1577 4633 1789 4689 habet:

141 4715 224 4771 vel
254 4719 511 4787 unicam,
546 4720 604 4776 id
636 4725 745 4789 est,
781 4737 1016 4776 carnem
1057 4735 1272 4787 meam,
1308 4737 1435 4792 quae
1487 4721 1661 4777 unica
1707 4727 1796 4777 est
1823 4739 1870 4803 D

136 4800 726 4882 immunisapeccato
757 4827 769 4864 :
806 4832 834 4859 «
859 4809 1161 4876 restitue,»
1193 4810 1284 4864 fac
1314 4809 1706 4866 immortalem
1738 4815 1794 4866 et

136 4881 850 4970 impassibileimﬁreptam
885 4922 913 4948 «
946 4915 980 4953 a
1006 4897 1335 4970 leonibus,»
1367 4898 1425 4954 id
1457 4903 1546 4955 est
1574 4917 1609 4956 a
1629 4900 1794 4973 prin-

137 4979 364 5052 cipibus
394 4987 735 5044 Judmorum
761 4993 824 5044 et
853 4987 1006 5044 aliis.
1597 5002 1599 5005 '

211 5067 417 5146 incipit
433 5075 609 5132 tertia
638 5077 863 5149 pars,in
891 5094 1009 5149 qua
1038 5076 1297 5132 ostendit
1327 5077 1466 5150 quid
1498 5077 1633 5132 boni
1667 5095 1793 5134 eve-

140 5154 262 5214 niat
287 5162 357 5218 de
378 5176 498 5220 sua
521 5166 803 5238 passione
834 5170 891 5220 et
923 5167 1366 5236 resurrectione,
1401 5166 1624 5222 scilicet
1664 5167 1794 5224 laus

143 5238 262 5315 Dei,
285 5252 583 5310 conversio
612 5251 957 5326 impiorum,
981 5253 1291 5309 exsultatio
1323 5255 1642 5325 justorum.
1679 5255 1793 5310 Re-

147 5333 319 5394 stitue
353 5355 366 5394 :
395 5341 559 5406 Quod
618 5343 667 5398 si
726 5343 955 5410 feceris,
986 5366 1014 5391 ‹‹
1049 5343 1370 5398 conﬁtebor
1397 5342 1502 5398 tibi
1540 5365 1566 5392 »
1598 5343 1655 5398 id
1683 5348 1791 5412 est,

142 5413 390 5483 laudabo
419 5433 476 5484 te
508 5453 534 5479 ‹‹
559 5429 620 5485 in
652 5429 899 5486 ecclesia
927 5446 1143 5503 magna
1176 5451 1203 5479 »
1237 5432 1561 5486 secundum
1595 5449 1794 5488 nume-

144 5515 272 5568 ἴδηαι
295 5531 310 5571 :
336 5517 474 5588 quia
503 5519 574 5574 de
603 5519 810 5575 multis
841 5519 1170 5588 conficitur,
1195 5536 1300 5574 nec
1329 5523 1527 5575 tamen
1560 5536 1794 5594 congre-

146 5603 274 5668 gata
294 5604 364 5660 de
390 5606 711 5677 paleis,sed
745 5631 772 5658 ‹‹
797 5607 859 5663 in
890 5607 1105 5680 populo
1139 5608 1357 5686 gravi,»
1389 5609 1446 5662 id
1481 5611 1790 5678 est,stabili

151 5695 247 5757 per
272 5690 545 5752 virtutem
579 5721 604 5748 ‹‹
638 5697 894 5753 laudabo
925 5701 980 5752 te
1011 5720 1060 5751 ».

212 5771 329 5850 Ego
359 5776 614 5842 laudabo
643 5785 817 5854 te,illi
847 5789 1041 5841 autem
1075 5787 1174 5857 qui
1207 5788 1591 5843 adversantur
1623 5789 1790 5855 mihi,

1891 3485 1989 3530 me
2017 3472 2220 3540 habui,
2250 3476 2314 3526 tu
2346 3471 2475 3526 dico
2503 3470 2604 3542 qui
2635 3487 2696 3525 es
2729 3493 2756 3519 «
2791 3470 2946 3525 Deus
2979 3486 3146 3524 meus
3181 3491 3228 3523 ».

1967 3562 2207 3619 Intende
2229 3561 2288 3616 in
2312 3577 2551 3615 causam
2574 3576 2765 3614 meam
2785 3561 2840 3614 et
2859 3558 3100 3629 «judica
3117 3574 3210 3613 me
3232 3557 3560 3612 secundum

1888 3652 2184 3724 justitiam
2215 3654 2442 3716 tuam,»
2475 3648 2533 3703 id
2567 3651 2674 3716 est,
2700 3647 3026 3703 secundum
3057 3646 3166 3700 hoc
3198 3645 3354 3718 quod
3386 3645 3564 3719 exigit

1889 3740 2127 3814 justitia
2157 3744 2278 3806 tua,
2315 3762 2342 3787 «
2380 3737 2626 3792 Domine
2684 3737 2842 3792 Deus
2901 3753 3090 3801 meus,
3123 3739 3179 3790 et
3207 3752 3324 3790 non
3357 3751 3562 3807 super-

1898 3830 2194 3904 gaudeant
2225 3826 2392 3895 mihi,
2430 3849 2458 3876 »
2491 3824 2715 3880 scilicet
2745 3848 2772 3874 ‹‹
2807 3842 2923 3878 non
2963 3824 3163 3878 dicant
3191 3821 3251 3876 in
3285 3822 3562 3877 cordibus

1900 3917 2045 3985 suis,
2078 3919 2238 3989 Euge
2287 3931 2434 3987 euge
2482 3914 2690 3968 animae
2741 3916 2953 3967 nostra:
2988 3933 3016 3959 »
3050 3909 3121 3965 de
3151 3907 3262 3965 hoc
3293 3909 3449 3980 quod
3481 3927 3565 3966 re-

1899 4006 2190 4062 tinuimus
2212 4021 2345 4059 eum
2370 4003 2428 4057 in
2451 4006 2785 4068 morte,nec
2816 4001 3017 4054 dicant
3048 3997 3107 4052 in
3139 4015 3236 4053 ore
3269 4019 3297 4047 «
3330 3997 3565 4053 devora-

1898 4095 2094 4149 vimus
2125 4109 2283 4158 eum,
2318 4113 2344 4138 »
2378 4091 2435 4146 id
2467 4094 2575 4157 est,
2610 4086 3008 4144 destruximus
3064 4102 3218 4141 eum.
3269 4082 3374 4140 Hic
3424 4102 3561 4158 quo-

1902 4198 2014 4254 que
2039 4198 2152 4236 non
2171 4179 2390 4234 dubius
2410 4179 2480 4235 de
2502 4195 2564 4233 se
2585 4176 2838 4245 orat,sed
2873 4174 3043 4230 nobis
3075 4172 3347 4248 proponit
3375 4190 3564 4229 exem-

1900 4270 2212 4344 plum.Hoc
2243 4286 2356 4323 non
2388 4266 2607 4334 dicant,
2629 4266 2730 4321 sed
2763 4265 2960 4338 potius
2989 4288 3017 4314 α
3053 4263 3153 4336 qui
3186 4261 3565 4338 gratulantur

1901 4360 2075 4417 malis
2123 4359 2291 4427 meis,
2343 4356 2521 4412 simul
2558 4380 2584 4405 »
2617 4373 2822 4412 omnes
2856 4380 2882 4406 ‹‹
2919 4355 3270 4412 erubescant
3313 4357 3374 4410 et
3413 4369 3563 4409 reve-

1901 4454 2161 4516 reantur,
2200 4471 2226 4496 »
2260 4447 2318 4501 id
2350 4451 2460 4517 est,
2492 4445 2738 4501 timeant
2766 4449 2823 4500 et
2851 4444 3141 4500 honorent
3174 4461 3288 4498 me.

1971 4539 2042 4595 Et
2072 4555 2188 4593 non
2219 4541 2448 4591 tantum
2482 4534 2582 4607 qui
2614 4533 2995 4589 consentiunt
3033 4529 3385 4587 facientibus
3417 4521 3562 4584 mihi

1903 4627 2188 4694 mala,sed
2220 4625 2397 4681 etiam
2422 4647 2449 4674 «
2476 4622 2575 4696 qui
2595 4622 2921 4694 loquuntur
2950 4617 3211 4693 maligna
3240 4636 3416 4692 super
3447 4635 3560 4688 me,

1901 4715 2226 4771 induantur
2255 4712 2595 4769 confusione
2627 4716 2684 4766 et
2714 4709 3052 4766 reverentia.
3089 4731 3116 4758 »

1975 4805 2074 4860 Isti
2097 4805 2465 4873 erubescant,
2482 4801 2578 4856 sed
2599 4825 2625 4849 «
2644 4798 2962 4872 quivolunt
2971 4796 3326 4870 justitiam,»
3339 4795 3565 4851 scilicet

1901 4881 2142 4960 imitari,
2169 4916 2197 4941 «
2213 4891 2503 4947 exsultent
2519 4889 2619 4944 nin
2653 4904 2911 4961 corpore,
2936 4890 2992 4943 et
3014 4887 3072 4941 in
3105 4885 3304 4941 anima
3320 4907 3346 4933 «
3371 4885 3566 4939 laeten-

1902 4988 1999 5040 tur
2031 5001 2044 5038 :
2080 5005 2107 5032 »
2136 4985 2193 5038 et
2222 4979 2307 5036 illi
2340 5004 2367 5029 «
2403 4980 2502 5052 qui
2529 4977 2793 5045 volunt,»
2826 4977 2884 5032 id
2916 4979 3022 5044 est,
3058 4965 3566 5056 diliganta'pe‘tunt

1904 5096 1930 5123 ‹‹
1965 5088 2169 5144 pacem
2202 5068 2349 5124 servi
2383 5070 2570 5140 ejus,»
2595 5067 2652 5120 id
2685 5065 2962 5132 est,illam
2987 5080 3190 5136 pacem
3223 5062 3402 5146 quam
3434 5077 3561 5133 ego,

1903 5162 2003 5234 qui
2027 5178 2159 5216 sum
2183 5175 2385 5214 servus
2409 5159 2558 5228 ejus,
2585 5155 2752 5228 posui
2779 5154 2932 5209 inter
2952 5154 3137 5227 Deum
3164 5154 3220 5207 et
3238 5150 3558 5206 hominem.

1904 5274 1930 5300 «
1957 5256 2013 5306 et
2036 5250 2236 5304 dicant
2257 5262 2521 5318 semper:
2545 5244 2956 5316 Magnificetur
2977 5241 3306 5298 Dominus»
3329 5241 3398 5295 de
3421 5255 3563 5311 pace

1900 5339 2003 5396 illa
2033 5340 2171 5394 data
2197 5335 2559 5392 hominibus.
3307 5339 3312 5344 '

1973 5427 2077 5484 Isti
2104 5425 2482 5498 magniﬁcent
2525 5423 2844 5479 Dominum
2867 5445 2893 5471 «
2919 5424 2975 5476 et
2997 5419 3202 5493 lingua
3222 5433 3354 5472 mea
3385 5416 3564 5472 medi-

1900 5517 2124 5574 tabitur
2156 5513 2452 5586 justitiam
2487 5516 2670 5580 tuam,
2711 5535 2737 5561 »
2770 5511 2826 5566 id
2860 5514 2971 5575 est,
3004 5507 3280 5564 meditate
3331 5523 3561 5561 annun-

1903 5605 2092 5673 tiabit,
2127 5608 2183 5659 et
2229 5620 2345 5657 non
2395 5606 2624 5657 tantum
2666 5601 2961 5673 justitiam
3015 5603 3199 5665 tuam,
3248 5595 3349 5651 sed
3382 5617 3409 5643 ‹‹
3443 5597 3564 5649 tota

1903 5695 1994 5751 die
2030 5717 2054 5742 »
2080 5692 2316 5764 justitia
2343 5690 2716 5746 annuntiabit
2747 5713 2772 5739 ‹‹
2805 5689 3040 5744 laudem
3074 5691 3260 5753 tuam,
3299 5705 3326 5733 »
3358 5683 3415 5738 id
3450 5688 3559 5753 est,

1901 5790 1955 5842 te
1987 5780 2360 5847 laudabilem,
2389 5781 2542 5835 sicut
2591 5781 2662 5834 de
2709 5778 3000 5834 creatione
3033 5774 3161 5832 cmli
3193 5771 3464 5830 Christus
3500 5773 3558 5829 in
