3914 6362
401 408 516 475 315

824 407 1233 473 HAYMONIS
1265 407 1811 470 HALBERSTAT.
1845 402 2057 467 EPISC

2218 404 2298 465 'P.
2332 404 2534 468 PARS
2566 406 2616 468 ῐ.
2648 440 2726 451 -
2755 406 3165 471 ΟΟΜΜΕΝΤ.
3197 407 3394 471 BlBL.

3714 406 3848 469 316

401 542 642 619 propria
670 561 919 619 persona
946 542 1181 598 laudem
1226 541 1327 597 Dei
1379 539 1771 610 annuntiavit,
1803 543 1860 595 et
1883 539 2058 595 etiam
2090 538 2145 605 Α
2242 539 2433 596 Verba
2463 544 2603 598 sunt
2649 540 2955 614 iniquitas,
2990 545 3046 598 et
3075 541 3252 598 etiam
3283 541 3343 598 in
3373 540 3723 616 cognitione
3762 544 3858 597 est

402 651 505 708 per
524 633 635 688 hos
658 633 850 699 hodie,
877 648 978 704 per
1002 648 1152 703 quos
1178 630 1459 701 loquitur,
1495 630 1619 701 ipse
1652 629 2061 683 annuntiatur.

402 723 564 789 Quod
586 722 727 776 dicit
766 721 1029 793 linguam
1061 720 1359 787 meditari,
1395 720 1549 791 quod
1583 719 1774 773 cordis
1808 723 1896 773 est
1926 734 2063 789 pro-

399 811 591 885 prium
625 810 832 878 facere,
867 827 934 865 ex
966 809 1181 864 unione
1221 809 1647 875 membrorum,
1682 808 1837 878 quod
1870 806 2062 862 cordis

399 902 506 967 est,
535 897 750 971 lingua:
784 897 1073 953 attribuit.

863 988 936 1041 ΙΝ
979 987 1328 1042 PSALMUM
1383 986 1593 1041 XXXV.

601 1077 879 1131 TITULUS.
912 1076 977 1130 In
1005 1077 1171 1147 ﬁnem
1203 1092 1356 1131 servo
1408 1078 1633 1131 Domini
1661 1075 1853 1129 David.

469 1164 675 1220 «Dixit
705 1166 987 1235 injustus.
1024 1186 1051 1214 ››
1089 1164 1361 1219 Psalmus
1390 1165 1502 1220 iste
1535 1164 1801 1221 convenit
1830 1164 2061 1235 proprie

390 1253 688 1327 propheta:
749 1253 931 1308 David
992 1270 1157 1308 servo
1214 1253 1449 1308 Domini
1486 1270 1499 1307 ε
1548 1254 1648 1325 qui
1681 1254 1827 1307 bene
1861 1254 1918 1307 in
1952 1252 2062 1307 hoc

389 1342 620 1416 psalmo
667 1342 1086 1414 comprobatur
1144 1359 1347 1398 servus
1404 1341 1657 1410 Domini,
1693 1342 1831 1413 quia
1861 1341 1921 1396 in
1952 1341 2061 1397 hoc

388 1431 621 1506 psalmo
644 1430 903 1487 ostendit
926 1435 1292 1503 peccatorem
1316 1433 1515 1486 omnia
1535 1436 1774 1503 peccata
1805 1448 1913 1486 sua
1944 1447 2060 1485 non

387 1522 582 1590 aDeo,
617 1522 720 1577 sed
753 1538 822 1577 ex
852 1538 913 1577 se
944 1520 1151 1575 omnia
1207 1520 1445 1576 habere.
1477 1520 1717 1576 Justum
1748 1537 1880 1575 vero
1912 1519 2061 1576 nihil

378 1610 650 1685 justitiaa,
678 1610 793 1665 nisi
825 1627 892 1665 ex
925 1610 1111 1667 solius
1142 1611 1242 1666 Dei
1276 1610 1491 1682 pietate
1523 1610 1757 1665 habere.
1792 1609 2060 1665 Psalmus

386 1700 521 1757 dico
542 1699 804 1773 dirigens
827 1700 884 1754 in
919 1699 1183 1770 finem,id
1208 1703 1316 1769 est,
1344 1698 1665 1754 Christum.
1693 1698 1939 1753 Materia
1969 1703 2063 1754 est

375 1790 668 1861 justus,et
700 1788 1047 1844 secundario
1082 1788 1322 1859 impius.
1358 1788 1565 1843 Modus
1595 1805 1729 1843 vero
1761 1788 1897 1843 talis
1928 1792 2057 1849 est:

2175 629 2561 702 iniquitaszet
2583 631 2693 686 hoc
2721 636 2809 686 est
2844 654 2870 681 α
2904 631 3276 703 iniquitatem
3308 632 3624 687 meditatus
3658 635 3771 687 cst
3794 631 3857 685 in

2175 719 2353 776 cubili
2380 738 2539 788 suo,»
2567 719 2622 774 id
2648 724 2756 785 est,
2777 719 2836 774 in
2864 721 3033 775 corde
3055 721 3207 792 quod
3232 719 3420 775 cubile
3441 719 3571 775 ideo
3592 719 3855 787 dicitur,

2174 810 2312 882 quia
2347 810 2501 863 sicut
2522 809 2582 863 in
2605 808 2783 863 cubili
2822 826 2926 864 suo
2959 809 3193 882 aliquis,
3228 809 3312 864 sic
3341 808 3400 864 in
3431 810 3605 864 corde
3633 810 3862 864 anima

2174 899 2371 954 stultis
2403 902 2688 970 occupata
2732 898 3205 969 cogitationibus,
3236 898 3550 970 requiescit
3582 916 3594 953 :
3627 903 3693 954 et
3732 914 3859 952 non

2174 991 2405 1044 tantum
2438 986 2760 1043 meditatur
2788 987 3182 1060 iniquitatem,
3216 988 3318 1043 sed
3348 987 3526 1043 etiam
3565 988 3853 1043 «astitit.»

2174 1078 2512 1132 diutissime
2534 1077 2902 1133 immorando
2932 1097 2953 1126 ι
2979 1077 3138 1133 omni
3167 1077 3269 1133 vize
3302 1095 3418 1133 non
3449 1078 3652 1132 bona»
3674 1077 3861 1133 omni

2173 1165 2339 1221 malae
2372 1164 2717 1238 operationi,
2752 1164 2996 1234 scilicet,
3032 1182 3166 1221 cum
3197 1165 3428 1221 furibus
3459 1166 3698 1222 furatus
3735 1169 3858 1233 est,

2172 1273 2307 1311 cum
2336 1254 2581 1311 moechis
2604 1255 2929 1311 moechatus
2960 1260 3067 1323 est,
3087 1256 3273 1311 etc.Et
3303 1272 3438 1311 cum
3470 1259 3694 1312 natura
3728 1255 3862 1311 exi-

2170 1349 2353 1418 geret,
2387 1347 2451 1399 ut
2480 1344 2603 1416 ipse
2634 1344 2693 1398 in
2725 1360 2786 1399 se
2818 1347 2874 1399 et
2903 1343 2962 1398 in
2993 1343 3125 1399 aliis
3174 1343 3330 1399 mala
3372 1344 3578 1414 odiret,
3616 1365 3646 1396 «
3672 1344 3863 1401 mali-

2170 1432 2314 1489 tiam
2333 1450 2448 1489 non
2478 1432 2681 1501 odivit,
2712 1454 2739 1483 »
2767 1437 2823 1488 et
2843 1432 2937 1488 hic
2969 1431 3129 1488 illius
3161 1432 3425 1506 nequitia
3453 1433 3725 1490 maxime
3762 1450 3863 1506 ag-

2169 1527 2463 1597 gravatur.

2241 1613 2345 1668 Hie
2395 1610 2601 1683 incipit
2650 1612 2721 1666 de
2776 1614 3041 1668 secunda
3073 1617 3262 1684 parte.
3297 1612 3692 1671 Continuatio
3737 1632 3753 1669 :
3797 1614 3860 1671 In

2161 1704 2365 1776 justus
2387 1701 2565 1757 habet
2585 1717 2653 1756 ex
2673 1717 2734 1756 se
2756 1717 2863 1756 sua
2886 1706 3149 1773 peccata,
3172 1702 3294 1769 sed,
3316 1720 3348 1758 0
3374 1724 3401 1753 ‹‹
3424 1702 3712 1772 Domine,
3743 1703 3857 1760 mi-

2171 1791 2488 1848 sericordia
2519 1795 2622 1845 tua
2642 1795 2731 1845 est
2754 1791 2813 1845 in
2837 1791 3000 1859 coelo,
3030 1814 3051 1839 ιι
3080 1792 3137 1847 id
3160 1796 3268 1859 est,
3294 1791 3719 1848 misericordia
3754 1798 3858 1848 tua

384 1879 453 1935 In
477 1878 669 1951 prima
699 1882 863 1950 parte
894 1876 1131 1949 psalmi,
1153 1877 1405 1949 impium
1438 1893 1571 1931 cum
1606 1893 1714 1931 sua
1742 1876 2061 1932 aCCusatio-
2089 1913 2136 1979 B
2172 1882 2310 1938 facit
2338 1879 2567 1953 aliquos
2612 1896 2740 1935 esse
2788 1878 2984 1948 cmlos,
3010 1879 3070 1934 id
3099 1884 3209 1947 est,
3235 1880 3454 1951 justos,
3486 1880 3628 1951 quia
3659 1898 3855 1938 nemo

385 1985 462 2024 ne
492 1966 792 2023 describit.
827 1968 971 2021 Cum
1005 1966 1163 2021 enim
1198 1965 1419 2037 impius
1466 1966 1685 2021 diceret
1718 1982 1731 2020 :
1765 1966 1890 2021 Non
1920 1982 2054 2037 pos-

385 2072 524 2114 sum
556 2072 649 2111 me
680 2054 997 2126 abstinere,
1033 2054 1174 2127 quia
1222 2055 1308 2111 sic
1356 2072 1489 2111 sum
1520 2059 1770 2124 creatus,
1802 2056 1940 2112 talis
1969 2059 2059 2112 est

386 2163 523 2202 mea
556 2149 786 2213 natura,
811 2145 1071 2200 ostendit
1121 2160 1257 2199 eum
1308 2144 1456 2200 falso
1507 2143 1671 2216 queri
1713 2145 1784 2200 de
1816 2162 1923 2201 sua
1952 2162 2055 2201 na-

294 2290 301 2299 .
385 2241 544 2307 tura,
577 2240 634 2293 et
663 2236 1098 2308 corruptionem
1150 2253 1266 2292 non
1300 2255 1332 2291 a
1364 2253 1473 2292 sua
1518 2236 1831 2305 creatione,
1864 2240 1922 2292 et
1952 2254 2053 2292 na-

388 2332 547 2396 tura,
581 2326 681 2382 sed
709 2343 743 2381 a
764 2343 871 2382 sua
900 2325 1202 2381 voluntate
1233 2325 1470 2381 habere.
1505 2325 1569 2379 In
1602 2326 1863 2380 secunda
1890 2329 2056 2397 parte

387 2415 670 2473 describit
690 2416 926 2487 justum
959 2432 1078 2470 non
1101 2430 1237 2469 cum
1261 2431 1369 2469 sua
1399 2413 1701 2481 laude,sed
1726 2430 1860 2469 cum
1882 2413 2055 2470 laude

384 2505 513 2563 Dei.
543 2504 755 2561 Justus
786 2504 943 2559 enim
977 2502 1127 2558 nihil
1158 2503 1294 2558 boni
1326 2519 1395 2557 ex
1427 2519 1510 2570 se,
1544 2503 1643 2558 sed
1675 2502 1875 2557 omnia
1902 2504 2057 2559 bona

387 2612 459 2651 ex
481 2594 603 2650 8010
626 2594 742 2649 Deo
772 2592 870 2647 hic
902 2592 1235 2649 ostenditur
1259 2591 1540 2647 obtinere.
1570 2591 1827 2646 Intendit
1856 2596 2052 2646 autem

392 2700 502 2741 nos
523 2684 859 2750 admonere,
885 2686 951 2737 ut
971 2681 1112 2737 vitia
1142 2698 1211 2736 ex
1242 2680 1413 2736 nobis
1444 2698 1591 2749 esse,
1617 2679 1771 2735 bona
1800 2684 1996 2736 autem
2021 2698 2055 2736 a

390 2769 510 2827 Deo
542 2784 991 2844 cognoscamus.

460 2858 649 2915 Nolite
703 2875 807 2914 vos
865 2874 1142 2914 excusare
1200 2859 1269 2913 de
1328 2857 1581 2930 peccatis
1637 2858 1871 2927 vestris,
1916 2858 2055 2931 quia

392 2970 422 2999 ‹‹
456 2947 624 3017 dixit,
658 2970 680 3000 ι
720 2946 779 3002 id
806 2950 897 3002 est
944 2946 1284 3002 deliberavit
1326 2948 1568 3019 quidam
1604 2971 1625 2998 ι
1660 2952 1724 3004 ut
1749 2947 2055 3020 delinquat

391 3036 453 3092 in
486 3036 828 3107 semetipso,
862 3058 889 3086 »
924 3035 981 3091 id
1017 3041 1126 3103 est,
1163 3053 1278 3091 non
1311 3054 1379 3092 ex
1410 3054 1517 3092 sua
1571 3042 1802 3106 natura,
1838 3054 1954 3093 non
1985 3054 2055 3092 ex

391 3126 710 3193 coactione,
737 3125 839 3181 sed
862 3141 931 3181 ex
952 3141 1061 3181 sua
1088 3125 1386 3182 voluntate
1408 3125 1518 3182 hoc
1548 3126 1703 3197 fecit,
1740 3143 1844 3182 nec
1877 3126 2051 3182 etiam

391 3213 1102 3285 attenditDeumjudicem
1116 3214 1382 3269 futurum
1398 3214 1713 3287 unicuique
1725 3216 2051 3271 secundum

2165 1988 2270 2044 per
2291 1987 2371 2038 se,
2388 1970 2490 2025 sed
2513 1985 2718 2025 omnes
2741 1984 2843 2041 per
2864 1972 2920 2025 te
2939 1969 3161 2024 habent
3182 1968 3503 2039 justitiam,
3532 1972 3632 2025 «et
3653 1970 3852 2027 etiam

2164 2060 2379 2116 veritas
2422 2063 2545 2124 tua,
2575 2080 2604 2109 »
2639 2058 2697 2112 id
2731 2061 2837 2125 est,
2872 2056 3128 2130 cognitio
3158 2057 3425 2114 veritatis
3455 2060 3856 2130 protenditur

2171 2172 2193 2199 ι
2229 2165 2416 2222 usque
2448 2148 2520 2203 ad
2553 2148 2759 2214 nubes,
2794 2169 2815 2196 ι
2851 2145 2909 2202 id
2942 2151 3054 2213 est,
3083 2150 3318 2203 sanctos
3350 2146 3646 2220 apostolos
3682 2165 3700 2203 :
3740 2149 3849 2222 qui

2164 2238 2293 2295 ideo
2307 2239 2493 2294 nubes
2514 2237 3102 2308 dicuntur,quoniam
3127 2235 3342 2308 pluunt
3364 2253 3554 2294 rorem
3575 2237 3849 2295 cmlestis

2164 2328 2364 2402 gratiae
2396 2326 2690 2394 fidelibus,
2722 2342 2792 2381 ex
2821 2325 2939 2382 illis
2987 2326 3250 2383 nubibus
3294 2326 3453 2383 venit
3481 2328 3554 2383 ad
3587 2344 3702 2385 nos
3736 2327 3848 2384 illa

2164 2416 2417 2491 cognitio
2454 2415 2741 2472 veritatis.
2777 2414 3179 2472 Misericordia
3227 2431 3296 2471 ex
3342 2416 3483 2486 Deo,
3512 2417 3743 2474 veritas
3776 2434 3848 2473 ex

2163 2506 2301 2575 Deo,
2319 2505 2555 2578 justitia
2575 2504 2751 2560 etiam
2769 2521 2838 2560 ex
2854 2504 2971 2560 Deo
2988 2521 3001 2560 :
3018 2509 3075 2560 et
3092 2504 3201 2561 hoc
3218 2509 3328 2574 est,
3363 2527 3384 2557 ι
3396 2506 3634 2577 justitia
3664 2511 3837 2579 tua,.

2163 2596 2220 2651 id
2240 2601 2346 2662 est,
2363 2594 2512 2667 justi
2535 2597 2676 2649 sunt
2701 2614 2723 2644 ι
2750 2597 2981 2649 montes
3005 2594 3163 2662 Dei,»
3189 2594 3248 2650 id
3271 2598 3379 2663 est,
3401 2596 3844 2668 comparabiles

2163 2683 2638 2741 montibus.Nam
2660 2682 2813 2738 sicut
2842 2681 2902 2739 in
2925 2682 3228 2738 montibus
3258 2682 3345 2739 sol
3377 2699 3548 2740 mane
3579 2684 3835 2752 relucet,

2163 2778 2219 2831 et
2238 2773 2374 2830 inde
2406 2771 2708 2829 descendit
2738 2770 2796 2851 in
2827 2770 3029 2839 valles,
3064 2771 3148 2827 sic
3179 2771 3433 2844 cognitio
3460 2772 3563 2828 Dei
3594 2772 3657 2829 in
3680 2772 3838 2847 ipsis

2162 2860 2443 2935 apostolis
2475 2860 2708 2924 reluxit,
2743 2864 2801 2916 et
2830 2876 2900 2915 ex
2928 2860 3066 2916 inde
3098 2861 3170 2916 ad
3216 2860 3364 2916 alios
3407 2860 3679 2918 homines
3728 2878 3836 2934 per

2161 2952 2397 3009 eosdem
2429 2948 2725 3022 apostolos
2755 2948 3153 3017 descendit,et
3183 2965 3256 3005 ne
3286 2966 3389 3021 per
3418 2954 3651 3007 montes
3679 2951 3833 3007 acci-

2162 3041 2397 3114 piamus
2442 3038 2626 3094 elatos
2674 3038 2854 3110 hujus
2904 3036 3127 3106 saeculi,
3176 3036 3339 3094 addit
3372 3058 3400 3091 α
3429 3038 3551 3094 Dei.
3585 3060 3613 3089 ››
3648 3040 3725 3095 Et
3755 3056 3828 3094 ne

2163 3129 2379 3203 aliquis
2410 3128 2647 3195 diceret,
2683 3144 2863 3200 quare
2891 3126 3000 3182 hos
3033 3126 3232 3199 potius
3273 3124 3472 3200 elegit,
3498 3130 3557 3183 et
3585 3126 3694 3183 hos
3730 3144 3828 3183 re-

2165 3216 2688 3292 probavit,subdit:
2715 3215 2974 3289 «judicia
3000 3220 3103 3271 tua
3134 3217 3381 3289 abyssus
3408 3214 3613 3282 multa,
3625 3215 3688 3272 id
3710 3219 3824 3282 est,

392 3303 622 3373 merita,
655 3305 713 3357 et
742 3283 857 3356 hoc
884 3304 973 3356 est
1008 3325 1028 3350 α
1067 3301 1244 3359 timor
1272 3303 1372 3358 Dei
1402 3322 1428 3354 ιι
1468 3304 1568 3375 qui
1602 3283 1877 3360 omnibus
1908 3321 2051 3375 praz-
2083 3283 2126 3351 C
2166 3283 2341 3363 tanta;
2372 3283 2809 3379 profunditatis,
2843 3305 2998 3377 quod
3028 3320 3157 3359 eam
3189 3283 3362 3360 nemo
3393 3306 3587 3377 potest
3616 3320 3831 3377 cogno-

392 3389 622 3462 positus
653 3392 763 3455 est,
804 3412 825 3439 α
861 3405 978 3443 non
1010 3392 1099 3443 est
1131 3394 1267 3445 ante
1297 3390 1498 3446 oculos
1530 3393 1678 3462 ejus,
1705 3415 1725 3441 ι)
1761 3392 1819 3447 id
1852 3397 1960 3460 est,
1993 3393 2053 3447 in

395 3494 505 3533 sua
528 3476 999 3531 consideratione
1021 3477 1183 3532 utvel
1206 3478 1341 3533 inde
1363 3480 1790 3551 cogitet.1nhoc
1804 3480 2056 3537 maxime

395 3568 637 3619 notatur
656 3563 921 3635 nequitia
942 3564 1324 3636 ipsius,quod
1348 3584 1416 3621 ex
1446 3567 1742 3623 voluntate
1773 3574 2057 3640 peecat,et

395 3652 732 3707 nullatenus
765 3652 973 3707 timore
1002 3653 1412 3724 futurijudicii
1444 3656 1786 3711 refrenatur.

468 3742 620 3797 Bene
650 3741 778 3795 dico
827 3742 981 3812 quod
1030 3742 1209 3798 timor
1259 3743 1361 3798 Dei
1412 3762 1527 3799 non
1574 3750 1662 3801 est
1690 3750 1827 3801 ante
1856 3746 2055 3802 oculos

394 3831 545 3902 ejus,
593 3850 613 3879 α
639 3830 919 3903 quoniam
956 3854 977 3884 ι»
1014 3832 1141 3904 ipse
1175 3854 1202 3882 «
1235 3831 1435 3889 dolose
1461 3834 1579 3906 egit
1614 3857 1635 3883 ι»
1672 3851 1807 3889 cum
1841 3836 2059 3892 diceret

396 3936 457 3976 se
480 3936 597 3975 non
621 3937 688 3975 ex
710 3937 818 3975 sua
849 3920 1165 3989 voluntate,
1200 3923 1301 3977 sed
1326 3940 1395 3978 ex
1428 3940 1537 3979 sua
1565 3926 1777 3979 natura
1806 3929 1864 3980 et
1892 3941 2058 3980 crea-

394 4008 574 4078 tione,
608 4026 677 4065 ex
707 4010 1054 4066 necessitate
1093 4027 1353 4082 peccare,
1390 4012 1547 4084 quod
1598 4012 1837 4084 quidem
1887 4013 2058 4070 dolus

397 4099 688 4169 erat,quia
717 4098 854 4155 licet
884 4100 995 4154 hoc
1026 4100 1264 4171 diceret,
1298 4105 1495 4156 tamen
1527 4100 1588 4157 in
1620 4119 1727 4158 sua
1757 4103 2058 4158 conscien-

395 4188 478 4243 tia
506 4204 575 4242 ex
605 4205 666 4243 se
697 4188 824 4261 ipso
853 4193 1160 4261 peccatum
1193 4206 1321 4246 esse
1352 4192 1658 4260 sciebat,et
1686 4192 1796 4247 hoc
1826 4197 2058 4248 tantum

396 4277 457 4332 in
481 4282 797 4350 conspectu
831 4277 1310 4350 hominum,quia
1326 4280 1596 4337 homines
1619 4282 1907 4354 putabant
1923 4298 2059 4337 eum

394 4383 600 4423 verum
626 4366 949 4435 dicere,sed
973 4367 1031 4421 in
1056 4374 1371 4441 conspectu
1397 4370 1497 4424 Dei
1532 4370 1829 4425 intantum
1863 4370 2061 4427 dolose

395 4455 515 4529 egit
541 4478 562 4505 ι
592 4459 657 4510 ut
681 4454 963 4527 iniquitas
992 4458 1119 4527 ejus
1139 4477 1166 4509 ιι
1194 4458 1266 4512 ab
1300 4458 1425 4529 ipso
1454 4460 1657 4515 eodem
1688 4459 2063 4515 «inveniatur

396 4546 511 4602 ad»
532 4545 632 4601 Dei
665 4548 720 4601 et
752 4545 1061 4601 hominum
1088 4548 1389 4619 justorum
1418 4548 1711 4620 pertinere
1749 4548 2009 4603 «odium.
2030 4570 2057 4598 ››

2164 3412 2347 3452 scere.

2234 3484 2382 3540 Vere
2423 3483 2651 3554 judicia
2692 3487 2797 3538 tua
2845 3483 3094 3555 abyssus
3132 3481 3338 3550 multa,
3371 3480 3510 3553 quia
3538 3484 3603 3538 tu
3635 3481 3827 3538 salva-

2164 3573 2256 3629 bis
2286 3575 2565 3643 utrosque
2614 3576 2672 3626 et
2721 3570 3037 3627 rationales
3086 3575 3145 3626 et
3176 3568 3542 3625 irrationales
3576 3586 3589 3625 :
3625 3574 3685 3626 et
3715 3569 3829 3625 hoc

2164 3666 2272 3727 est,
2307 3678 2339 3716 0
2379 3682 2399 3709 σι
2435 3659 2703 3728 Domine,
2734 3678 2760 3711 υ
2794 3664 2857 3714 tu
2896 3680 2922 3711 α
2953 3658 3207 3715 salvabis
3242 3682 3264 3711 ι
3302 3657 3595 3731 spirituali
3636 3657 3828 3713 salva-

2165 3751 2342 3818 tione,
2382 3770 2409 3802 α
2438 3749 2763 3817 homines,»
2800 3749 2857 3804 id
2890 3752 2980 3804 est
3010 3746 3345 3815 rationales,
3386 3748 3820 3819 «etjumentan

2166 3839 2225 3895 id
2246 3843 2335 3894 est
2366 3836 2754 3905 irrationales,
2791 3837 3011 3893 faciens
3041 3853 3140 3892 eos
3172 3834 3506 3903 rationales,
3539 3834 3716 3892 sicuti
3745 3835 3822 3891 fe-

2166 3928 2297 3983 cisti
2331 3926 2576 3984 Paulum
2602 3941 2616 3981 :
2643 3925 2731 3981 vel
2756 3925 3011 3981 salvabis
3043 3923 3327 3997 corporali
3358 3923 3822 3994 salvatione,mi-

2167 4017 2472 4073 nistrando
2512 4016 2597 4071 eis
2626 4014 2960 4070 necessaria
2989 4014 3170 4086 hujus
3198 4014 3350 4082 vitae,
3382 4016 3441 4069 et
3468 4012 3647 4069 etiam
3680 4010 3823 4068 mul-

2167 4105 2245 4162 tis
2267 4105 2397 4161 aliis
2419 4104 2611 4160 modis
2636 4125 2664 4154 «
2687 4101 3097 4174 multiplicasti
3127 4101 3589 4157 misericordiam
3612 4104 3773 4157 tuam
3796 4120 3817 4148 ο

2167 4194 2279 4251 hoc
2310 4194 2595 4260 faciendo,
2636 4213 2662 4245 (ι
2697 4191 3266 4263 quemadmodum,»
3306 4191 3364 4245 id
3394 4194 3503 4259 est,
3538 4193 3821 4263 quantum

2169 4282 2571 4355 multiplicasti
2606 4280 3070 4336 misericordiam
3101 4282 3288 4334 tuam.
3324 4278 3640 4334 Sciendum
3671 4274 3820 4350 quod

2168 4373 2305 4428 licet
2351 4371 2529 4427 David
2582 4375 2640 4425 et
2683 4367 2999 4441 Apostolus
3048 4366 3270 4439 aliquid
3321 4366 3729 4439 cognovissent
3755 4365 3821 4419 de

2172 4460 2416 4516 consilio
2448 4458 2570 4529 Dei,
2605 4473 2785 4530 quare
2816 4457 3106 4529 quosdam
3137 4454 3395 4528 eligeret,
3426 4454 3715 4526 quosdam
3747 4468 3823 4507 re-

2171 4550 2464 4622 probaret,
2499 4551 2698 4602 tamen
2729 4544 3047 4601 noluerunt
3103 4544 3346 4616 aperire,
3381 4543 3519 4616 quia
3548 4557 3818 4615 cognove-

469 4635 847 4708 Iniquitatem
871 4654 976 4709 per
997 4641 1191 4709 partes
1214 4638 1642 4709 exsequitur,et
1662 4637 1921 4693 ostendit
1948 4636 2059 4692 ini-
2093 4658 2141 4723 D
2174 4642 2313 4693 runt
2342 4638 2496 4708 quod
2530 4636 2640 4692 hoc
2671 4634 2869 4708 potius
2901 4638 3134 4690 noceret
3165 4650 3341 4705 quam
3374 4633 3693 4723 prodesset.

397 4724 683 4797 quitatem
736 4727 864 4797 ejus
914 4731 972 4781 et
1021 4727 1081 4782 in
1131 4727 1483 4799 cogitatione
1514 4730 1570 4782 et
1600 4727 1659 4781 in
1691 4726 1882 4784 verbis
1915 4731 1973 4783 et
2005 4727 2063 4782 in

398 4820 552 4869 actu.
575 4814 949 4871 Continuatio
968 4832 979 4871 :
997 4816 1149 4871 Bene
1168 4816 1297 4870 dico
1316 4815 1599 4887 iniquitas
1616 4816 1764 4888 ejus,
1784 4816 2063 4888 quoniam

405 4904 622 4959 «verba
652 4904 771 4959 oris
801 4905 931 4976 ejus
965 4904 1250 4977 iniquitas
1281 4909 1339 4959 et
1373 4903 1543 4960 dolus
1562 4927 1581 4953 ι
1602 4904 2066 4977 naturaziniqui-

398 4992 578 5061 tas,id
602 4992 1099 5065 est,b1asphcmi33
1131 4996 1337 5048 contra
1365 4992 1573 5061 Deum,
1607 4998 1663 5048 et
1684 4993 1853 5051 dolus
1884 4998 1974 5049 est
2004 4994 2064 5048 in

400 5080 759 5152 proximum,
794 5082 932 5153 quia
954 5082 1130 5137 etiam
1158 5081 1207 5138 si
1230 5082 1384 5137 bona
1404 5082 1581 5149 dicat,
1606 5085 1802 5137 tamen
1832 5082 1942 5138 hoc
1973 5100 2063 5139 se-

402 5170 669 5225 ductoria
689 5170 1013 5226 intentione
1036 5170 1173 5226 facit
1199 5187 1212 5225 :
1240 5173 1296 5224 et
1316 5187 1386 5225 ne
1410 5170 1507 5225 ille
1535 5187 1640 5243 per
1667 5169 2061 5243 ignorantiam

404 5274 465 5313 se
494 5263 815 5327 excusaret,
850 5259 1104 5315 ostendit
1134 5276 1269 5315 eum
1301 5258 1777 5328 inexcusabilem,
1809 5276 1943 5314 cum
1976 5260 2061 5314 di-

406 5346 503 5415 cit,
538 5347 764 5403 «noluit
786 5347 1108 5421 intelligere
1129 5363 1265 5403 cum
1288 5347 1437 5403 bene
1459 5351 1655 5420 ageret
1678 5370 1699 5399 υ
1727 5346 1813 5403 vel
1844 5346 1903 5402 in
1935 5365 2060 5404 ver-

407 5434 497 5489 bis
523 5436 609 5490 vel
642 5436 703 5491 in
735 5436 924 5492 factis.
957 5437 1207 5493 Dederat
1250 5436 1406 5491 enim
1438 5437 1591 5492 Deus
1623 5435 1848 5492 homini
1882 5436 2061 5492 ratio-

412 5539 689 5594 nem,qua
718 5524 1003 5596 quidquid
1035 5526 1142 5581 sibi
1172 5528 1326 5580 esset
1357 5526 1648 5597 agendum
1678 5529 1876 5596 posset
1899 5525 2065 5581 intel-

410 5607 587 5679 ligere
617 5629 629 5665 :
662 5616 719 5666 et
750 5611 1000 5668 liberum
1029 5616 1339 5670 arbitrium
1371 5616 1845 5688 restituerat,quo
1868 5619 2064 5690 posset

414 5695 618 5750 divina}
650 5699 847 5769 gratia:
871 5702 1171 5757 assentire.

2246 4729 2336 4783 Tu
2365 4724 2619 4782 salvabis
2648 4723 2919 4780 homines
2949 4728 3007 4778 et
3028 4724 3320 4794 jumenta,
3353 4720 3454 4777 sed
3485 4719 3570 4775 illi
3600 4718 3818 4775 irratio-

2175 4816 2341 4874 nales
2372 4815 2524 4871 male
2551 4818 2801 4870 utuntur
2829 4810 3149 4869 salvatione
3178 4816 3279 4866 tua
3301 4811 3441 4883 quia
3456 4826 3571 4865 non
3593 4807 3820 4880 sperant

2174 4908 2233 4962 in
2266 4912 2322 4962 te
2357 4922 2369 4961 :
2411 4928 2432 4954 α
2469 4903 2575 4959 ﬁlii
2625 4906 2821 4959 autem
2872 4900 3263 4970 hominum,»
3314 4899 3372 4955 id
3422 4902 3531 4966 est,
3582 4896 3820 4953 rationa-

2171 4996 2281 5065 les,
2317 5017 2338 5043 α
2365 4992 2690 5066 sperabunt
2719 4990 2781 5045 in
2813 4988 3069 5063 tegmine
3114 4988 3343 5045 alarum
3374 4991 3665 5053 tuarum,»
3691 4981 3818 5056 quia

2175 5084 2330 5139 sicut
2373 5081 2517 5153 pulli
2569 5096 2683 5135 non
2733 5081 2983 5150 possunt
3030 5076 3259 5145 nutriti,
3290 5074 3402 5131 nisi
3433 5074 3544 5130 sub
3574 5072 3683 5129 alis
3712 5085 3818 5127 ma-

2174 5172 2303 5240 tris,
2347 5171 2431 5226 sic
2463 5168 2800 5240 intelligunt
2830 5184 2890 5223 se
2923 5183 3037 5221 non
3070 5158 3242 5238 posse
3282 5163 3600 5221 subsistere
3630 5163 3815 5217 contra

2172 5258 2379 5317 mstum
2418 5257 2657 5327 diaboli,
2691 5257 2803 5312 nisi
2832 5255 3075 5328 protecti
3104 5254 3233 5323 alis,
3270 5254 3328 5309 id
3362 5257 3473 5320 est,
3508 5250 3813 5307 misericor-

2172 5351 2270 5406 dia
2318 5352 2375 5404 et
2420 5346 2662 5403 veritate
2701 5346 2822 5401 Dei.
2856 5344 2959 5401 Vel
3009 5344 3091 5399 ita
3125 5361 3137 5399 :
3174 5348 3237 5399 tu
3268 5340 3521 5399 salvabis
3560 5341 3739 5395 bonos
3765 5334 3813 5389 et

2172 5437 2487 5494 rationales
2518 5433 2809 5506 spirituali
2841 5432 3245 5501 salvatione,et
3275 5431 3387 5504 ipsi
3418 5446 3533 5484 non
3558 5430 3724 5484 erunt
3742 5424 3813 5478 in-

2171 5526 2342 5601 grati,
2380 5526 2478 5581 sed
2514 5523 2834 5596 sperabunt
2862 5523 2920 5577 in
2956 5520 3210 5594 tegmine
3242 5520 3469 5575 alarum
3500 5522 3747 5573 tuarum.

2246 5616 2359 5687 Ipsi
2387 5614 2708 5687 sperabunt
2736 5612 2793 5666 in
2829 5616 2906 5680 te,
2932 5627 3036 5667 nec
3070 5610 3501 5667 fraudabuntur
3520 5624 3555 5662 a
3574 5621 3683 5661 sua
3701 5615 3807 5674 spe,

2174 5704 2453 5776 quoniam
2491 5700 2985 5756 «inebriabuntur
3017 5700 3089 5757 ab
3123 5699 3386 5755 ubertate
3412 5697 3622 5753 domus
3653 5696 3798 5757 tuam
