3914 6374
118 453 247 515 317

1307 455 1814 520 EXPLANATIO
1856 456 1937 519 IN
1980 457 2366 522 PSALMOS.

3438 466 3558 529 318
3642 418 3648 423 ’

122 586 182 643 id
216 590 313 644 est
334 584 741 659 spiritualibus
772 585 964 658 donis,
994 586 1213 660 quibus
1252 587 1515 644 abundat
1568 590 1782 647 domus
1809 591 1862 659 Α
1897 592 2134 648 natione
2183 592 2499 667 malorum,
2550 612 2655 668 per
2706 596 2865 669 quod
2906 597 3164 670 justum,
3216 614 3289 655 ne
3334 596 3557 656 malum

123 681 251 744 tua,
286 676 346 732 id
378 680 467 732 est
497 675 778 733 Ecclesia.
806 676 1262 732 Inebriabuntur
1282 677 1424 732 dicit
1460 695 1562 750 per
1582 679 1794 749 simile,

1907 680 2043 737 velit
2073 682 2312 751 imitari,
2347 685 2619 740 deterret.
2655 685 2903 742 Intentio
2933 690 3044 755 est,
3076 704 3180 760 per
3207 686 3330 744 haec
3352 690 3561 761 omnia

121 765 269 838 quia
298 764 453 821 sicut
481 764 697 838 aliquis
729 764 1054 820 inebriatus
1088 765 1317 821 solutus
1342 770 1432 821 est
1458 768 1690 837 acuris,
1713 768 1799 824 sic
1906 771 2206 844 simplices
2234 773 2544 844 consolari,
2578 778 2643 830 ut
2674 774 3011 832 nullatenus
3060 780 3298 849 propter
3345 778 3556 851 impio-

109 855 321 927 justus
352 871 457 927 per
487 854 743 927 Spiritus
776 855 963 909 sancti
1002 855 1430 911 habitationem
1461 873 1683 913 vacuus
1706 866 1795 916 est
1905 876 2037 914 rum
2068 861 2391 933 nequitiam
2422 863 2510 918 vel
2542 864 2821 935 injuriam
2850 870 3215 922 moveantur.

120 943 194 1000 ab
227 942 495 1015 appetitu
527 948 924 1013 terrenorum,
958 948 1015 999 et
1053 944 1233 1001 etiam
1265 968 1293 994 «
1326 946 1556 1017 potabis
1608 963 1726 1015 eos,
1766 970 1793 997 ››

122 1032 340 1106 spiritu
372 1032 699 1105 sapientiae,
731 1034 825 1090 cui
858 1050 1029 1089 nemo
1059 1034 1245 1105 possit
1275 1034 1566 1104 resistere,
1594 1040 1652 1091 et
1682 1036 1792 1092 hoc

121 1127 213 1181 est
243 1123 405 1193 quod
438 1122 583 1179 dicit
614 1145 642 1173 ‹‹
676 1127 953 1194 torrente,
990 1145 1019 1173 »
1052 1147 1079 1174 «
1113 1124 1322 1196 spiritu
1359 1124 1488 1179 dico
1534 1124 1623 1181 vel
1674 1130 1792 1181 tor-

123 1213 292 1267 rente
321 1210 645 1283 voluptatis
673 1214 809 1279 tuae,
845 1234 873 1261 »
907 1211 965 1266 id
998 1216 1087 1267 est
1117 1212 1342 1285 gratiae,
1378 1213 1518 1285 quia
1560 1214 1789 1286 gratui-

123 1302 183 1356 to
229 1299 340 1357 das
384 1298 557 1356 illum
606 1300 972 1357 hominibus.
1006 1299 1108 1356 Vel
1162 1322 1191 1351 «
1223 1300 1543 1358 voluntatis
1592 1306 1729 1372 tuaa,
1760 1326 1789 1353 »

122 1387 183 1444 in
233 1406 354 1461 qua
402 1388 659 1446 maxime
701 1389 1034 1458 delectaris,
1070 1388 1350 1462 quoniam
1384 1390 1638 1447 multum
1670 1396 1789 1448 tor-

121 1493 261 1535 rens
290 1476 404 1534 tibi
434 1478 646 1552 placet.

191 1566 337 1623 Dico
369 1590 399 1618 ‹‹
432 1567 666 1639 potabis
695 1583 815 1636 eos,
853 1589 881 1618 η
912 1571 971 1623 et
1007 1568 1153 1623 bene
1184 1569 1404 1640 poteris
1436 1592 1463 1619 ‹‹
1499 1570 1782 1642 quoniam

121 1657 277 1729 apud
325 1660 386 1713 te
435 1660 526 1713 est
574 1657 704 1712 fons
749 1657 900 1725 vitae,
939 1678 967 1706 η
997 1658 1056 1713 id
1087 1662 1177 1713 est
1207 1657 1370 1731 origo
1400 1658 1582 1713 totius
1613 1659 1775 1731 boni,

121 1768 150 1797 κ
181 1749 241 1801 et
284 1744 348 1801 in
401 1744 627 1801 lumine
674 1749 776 1801 tuo
811 1767 837 1795 ››
868 1745 928 1802 id
976 1750 1083 1817 est,
1130 1746 1379 1818 Christo,
1431 1746 1677 1819 scilicet,
1712 1748 1773 1803 in

118 1834 457 1909 cognitione
486 1834 596 1907 tui,
619 1836 791 1907 juxta
828 1834 974 1890 illud
1008 1851 1021 1890 :
1058 1857 1088 1884 »
1116 1835 1225 1902 Qui
1270 1837 1427 1891 videt
1476 1853 1589 1908 me,
1620 1837 1779 1893 videt

119 1929 177 1983 et
206 1926 444 1981 Patrem
475 1925 651 1997 (Joan.
682 1925 821 1998 xxv),
860 1946 887 1973 »
920 1928 976 1979 et
1006 1940 1143 1979 cum
1180 1925 1510 1981 videbimus
1556 1924 1781 1995 lumen,
1815 1965 1864 2030 Β

120 2015 180 2071 id
211 2018 305 2072 est
335 2015 593 2081 Patrem,
625 2018 683 2070 et
708 2014 996 2087 Spiritum
1030 2018 1327 2069 sanctum.

190 2106 264 2162 Et
293 2108 363 2161 ut
390 2104 693 2177 possimus
723 2103 917 2160 videre
946 2102 1148 2158 lumen
1174 2101 1342 2174 illud,
1362 2126 1389 2153 «
1422 2105 1734 2175 praetende,
1759 2127 1786 2154 »

123 2210 239 2249 non
274 2193 396 2249 illis
430 2193 532 2265 qui
561 2192 767 2249 volunt
796 2196 852 2247 te
883 2191 1056 2259 scire,
1087 2192 1188 2247 sed
1222 2215 1249 2243 «
1284 2192 1621 2248 sitientibus
1654 2198 1732 2260 te,
1758 2216 1786 2244 »

122 2282 181 2339 id
226 2286 320 2339 est
368 2280 745 2338 credentibus
791 2282 853 2337 in
892 2285 968 2348 te,
1002 2285 1061 2336 et
1108 2282 1403 2352 praetende
1434 2304 1462 2331 ‹‹
1488 2282 1786 2353 justitiam

124 2370 217 2428 his
247 2372 353 2445 qui
385 2375 544 2427 recto
576 2375 716 2427 sunt
747 2371 940 2427 corde.
973 2392 1001 2419 ››

192 2462 266 2517 Et
297 2465 365 2517 ut
396 2460 621 2533 possim
665 2459 967 2533 pervenire
1016 2460 1087 2515 ad
1137 2458 1338 2515 lumen
1389 2459 1556 2539 illud,
1592 2484 1619 2511 ‹‹
1670 2478 1786 2516 non

124 2550 318 2606 veniat
349 2549 500 2605 mihi
549 2567 653 2623 pes
684 2548 991 2622 superbiae,
1030 2572 1058 2598 ››
1093 2549 1150 2604 id
1181 2554 1271 2603 est
1299 2549 1528 2604 affectio
1578 2567 1788 2622 super-

126 2638 253 2694 biae.
307 2640 420 2696 Per
467 2639 805 2712 superbiam
853 2655 1025 2694 omne
1082 2643 1388 2710 peccatum
1439 2638 1784 2711 accipimus,

126 2728 264 2800 quia
290 2728 352 2784 in
384 2728 546 2784 omni
579 2732 817 2801 peccato
866 2726 1144 2800 superbia
1172 2731 1282 2795 est,
1314 2726 1374 2781 id
1405 2731 1493 2783 est
1524 2733 1786 2784 contem-

126 2821 264 2889 ptus
295 2817 424 2875 Dei.
456 2817 562 2873 Pes
595 2815 976 2890 singulariter
1014 2820 1072 2872 et
1100 2832 1217 2872 non
1266 2815 1576 2887 pluraliter
1624 2817 1784 2885 dicit,

127 2905 265 2978 quia
296 2906 402 2979 qui
436 2910 557 2961 stat
586 2905 646 2961 in
676 2905 973 2977 superbia,
1008 2920 1313 2976 nunquam
1355 2909 1474 2960 stat
1520 2905 1783 2975 ﬁrmiter,

127 2996 225 3050 sed
279 3010 519 3066 semper
564 2998 654 3049 est
702 3011 924 3066 pronus
963 2994 1034 3048 ad
1083 2993 1339 3061 ruinam,
1373 2992 1530 3049 sicut
1560 2992 1657 3049 ille
1687 2994 1787 3065 qui

128 3086 247 3139 stat
298 3099 422 3138 uno
471 3082 637 3154 pede.
672 3082 844 3137 Modo
894 3081 1079 3137 oravit
1124 3082 1281 3154 quod
1315 3097 1430 3136 non
1462 3081 1659 3136 veniat
1688 3099 1786 3138 su-

130 3172 356 3244 perbia;
394 3170 455 3226 id
486 3173 576 3226 est
605 3170 845 3227 effectus
895 3170 1115 3243 peccati
1163 3187 1231 3226 ex
1262 3186 1343 3238 se,
1377 3185 1535 3225 nunc
1565 3173 1692 3225 orat
1722 3173 1790 3226 ut

130 3259 373 3317 alterius
406 3259 706 3333 suggestio
738 3275 874 3315 eum
904 3261 974 3315 ad
1008 3260 1369 3332 peccandum
1402 3275 1517 3315 non
1539 3263 1787 3328 moveat,

1972 948 2165 1004 Veluti
2216 950 2264 1005 si
2313 951 2470 1006 dicat
2520 953 2803 1024 propheta
2846 953 2937 1009 vel
2976 954 3179 1025 justus
3211 955 3307 1012 ille
3339 957 3439 1029 qui
3470 956 3555 1013 lo-

1902 1036 2106 1109 quitur
2139 1056 2151 1094 :
2188 1039 2389 1094 Frater
2419 1039 2671 1112 simplex
2703 1063 2732 1091 ‹‹
2764 1040 2883 1097 noli
2914 1043 3199 1099 aemulari.
3235 1066 3263 1094 »
3301 1045 3557 1102 IEmula-

1842 1179 1845 1181 _
1900 1124 1949 1181 ri
1980 1126 2197 1181 dicitur
2226 1127 2444 1182 moveri
2493 1144 2633 1201 erga
2679 1129 2960 1202 aliquem,
3003 1131 3121 1187 sive
3171 1133 3242 1188 ad
3292 1132 3554 1191 dilectio-

1901 1231 2057 1282 nem,
2091 1216 2210 1271 sive
2241 1216 2313 1271 ad
2346 1216 2834 1274 invidiam.Unde
2863 1220 3176 1291 Apostolus
3202 1238 3214 1277 :
3242 1244 3270 1272 «
3293 1223 3557 1280 Emulor

1898 1303 2056 1359 enim
2087 1321 2189 1361 vos
2222 1304 2324 1361 Dei
2354 1305 2724 1361 aemulatione
2756 1307 2829 1380 (II
2862 1309 2893 1365 ζ
2909 1312 3106 1378 eum).
3140 1332 3168 1360 »
3199 1312 3270 1366 Et
3298 1312 3369 1368 de
3400 1316 3558 1369 ιλιι-οε

1899 1407 2011 1465 que
2033 1392 2128 1448 hic
2151 1393 2399 1465 simplex
2419 1394 2789 1463 admonetur,
2814 1398 2880 1451 ut
2900 1413 3090 1469 neque
3111 1396 3376 1455 imitetur
3394 1400 3559 1456 mali-

1896 1486 2169 1555 gnantes,
2211 1482 2498 1539 imitando
2550 1500 2753 1539 eorum
2805 1484 3116 1554 malitiam,
3168 1502 3358 1559 neque
3402 1487 3556 1543 invi-

1896 1572 2088 1627 dendo
2117 1571 2221 1627 eis.
2245 1571 2374 1626 Noli
2405 1570 2669 1628 aemulari
2699 1572 2829 1629 dico
2862 1596 2889 1623 ‹‹
2922 1573 2984 1629 in
3015 1573 3554 1647 malignantibus,»

1895 1660 1953 1715 id
2003 1663 2114 1728 est,
2165 1659 2225 1714 in
2275 1660 2745 1716 consideratione
2793 1660 3272 1735 malignantium,
3316 1663 3376 1720 id
3436 1670 3546 1735 est,

1895 1747 2338 1818 malevolorum,
2372 1752 2437 1804 ut
2465 1747 2552 1804 vel
2582 1748 2853 1817 imiteris,
2887 1749 2976 1805 vel
3010 1750 3279 1823 invidias,
3306 1776 3334 1803 «
3368 1770 3557 1826 neque

1891 1837 2193 1907 zelaveris,
2229 1859 2257 1885 »
2289 1836 2349 1893 id
2379 1840 2469 1893 est
2497 1838 2870 1909 persequaris
2903 1861 2931 1888 ‹‹
2965 1837 3244 1896 facientes
3274 1840 3554 1913 iniquita-

1892 1929 2030 1982 tem.
2052 1948 2078 1975 ››
2113 1927 2177 1981 In
2208 1924 2396 1981 zelare
2429 1926 2749 1998 quamdam
2782 1930 3060 1983 notamus
3082 1930 3367 2001 majorem
3390 1931 3556 1987 aﬂec—

1895 2014 2114 2072 tionem
2127 2058 2141 2084 ,
2174 2031 2354 2087 quam
2388 2014 2673 2071 aemulari.

1968 2104 2138 2161 Ponit
2168 2121 2409 2160 causam
2444 2122 2625 2177 quare
2646 2106 2852 2177 justus
2884 2105 3133 2179 simplex
3182 2125 3298 2164 non
3346 2110 3556 2168 debeat

1895 2210 2035 2267 erga
2066 2193 2255 2249 malos
2286 2193 2509 2249 invidia
2537 2194 2755 2250 moveri
2789 2218 2817 2245 ‹‹
2851 2196 3131 2267 quoniam
3160 2201 3442 2270 tanquam
3470 2199 3552 2255 fe-

1897 2300 2040 2338 num
2091 2286 2334 2351 arescet,
2388 2305 2417 2331 »
2465 2299 2655 2354 neque
2705 2282 2815 2339 hoc
2865 2284 3184 2355 differetur,
3236 2287 3337 2341 sed
3388 2309 3417 2337 ‹‹
3458 2304 3553 2343 ve-

1896 2371 2120 2440 lociter,
2152 2396 2179 2422 »
2226 2374 2345 2427 ﬁet.
2398 2374 2551 2428 Feno
2600 2389 3015 2444 comparamus
3064 2378 3331 2445 potentes
3373 2375 3554 2448 hujus

1896 2461 2115 2530 saeculi,
2150 2462 2289 2534 quia
2319 2461 2473 2517 sicut
2503 2463 2703 2517 fenum
2735 2461 2981 2517 ﬂoribus
3034 2467 3310 2518 ornatum
3362 2468 3419 2520 et
3464 2464 3556 2519 vi-

1896 2550 2020 2606 ride
2050 2551 2163 2606 cito
2195 2551 2428 2618 arescit,
2461 2551 2545 2606 sic
2568 2550 2669 2606 isti
2711 2550 2928 2620 ornati,
2963 2554 3020 2606 et
3046 2551 3304 2607 viventes
3334 2551 3395 2607 in
3425 2551 3556 2626 glo-

1897 2639 1985 2695 ria
2013 2640 2194 2710 hujus
2226 2639 2423 2695 sazculi
2456 2640 2569 2694 cito
2601 2638 2901 2707 deﬁciunt,
2939 2662 2967 2689 «
3001 2644 3058 2695 et
3105 2640 3221 2697 cito
3253 2640 3552 2710 decidunt,

1897 2727 2400 2798 quemadmodum
2431 2726 2591 2782 olera
2639 2726 2979 2795 herbarum,
3016 2750 3045 2777 »
3077 2727 3135 2783 id
3164 2732 3273 2796 est,
3306 2729 3465 2786 olera
3491 2729 3553 2785 in

1895 2813 2064 2870 horto
2117 2833 2234 2870 non
2284 2816 2433 2871 bene
2480 2815 2661 2885 culto,
2693 2816 2795 2870 sed
2846 2815 3086 2889 agresti,
3120 2816 3336 2888 quibus
3385 2818 3553 2890 plebs

1896 2903 2137 2959 inferior
2182 2907 2577 2976 comparatur,
2611 2921 2739 2976 quae
2787 2908 2844 2960 et
2893 2905 2943 2960 si
2991 2904 3140 2960 viret
3183 2905 3317 2975 cito,
3352 2910 3551 2963 tamen
3580 2908 3595 2923 '

1898 2991 2114 3047 deﬁcit.

1967 3080 2039 3134 Et
2059 3078 2198 3152 quia
2224 3078 2336 3135 cito
2368 3080 2657 3135 deﬁciunt
2679 3079 2823 3150 hmo,
2856 3080 2986 3137 ideo
3037 3085 3125 3150 tu,
3158 3083 3310 3139 bone
3348 3082 3544 3153 homo,

1898 3190 1926 3218 «
1960 3184 2150 3240 spera,
2184 3190 2213 3217 »
2248 3185 2363 3223 non
2394 3168 2454 3224 in
2486 3169 2581 3224 his
2612 3169 3020 3241 praesentibus,
3060 3171 3162 3226 sed
3197 3194 3224 3221 «
3257 3171 3319 3226 in
3350 3173 3548 3228 Domi-

1896 3275 1992 3326 no,
2029 3280 2057 3306 ››
2108 3281 2137 3307 ‹‹
2188 3262 2247 3313 ct
2287 3259 2377 3314 fac
2424 3258 2766 3330 bonitatem,
2804 3281 2831 3308 »
2881 3259 2939 3315 id
2992 3263 3099 3328 est,
3149 3260 3322 3332 plura
3369 3262 3546 3319 bona.

130 3349 351 3420 dicens,
386 3371 417 3400 ‹‹
448 3353 507 3405 et
535 3365 768 3419 manus,
798 3371 825 3397 »
858 3348 916 3404 id
951 3354 1040 3405 est
1069 3348 1373 3421 persuasio
1407 3370 1435 3398 α
1468 3349 1788 3421 Peccaloris
1818 3329 1862 3396 C
1898 3347 2134 3431 Bonitas
2167 3347 2325 3403 enim
2356 3364 2473 3403 non
2503 3348 2574 3403 de
2603 3364 2742 3418 uno,
2764 3348 2867 3403 sed
2898 3349 2971 3404 de
3001 3348 3273 3421 pluribus
3300 3349 3546 3419 dicitur;

132 3454 245 3494 non
276 3440 512 3495 moveat
541 3453 655 3506 me,
694 3460 722 3487 ››
756 3455 791 3493 a
818 3437 971 3494 bono
1001 3437 1321 3510 proposito.

198 3526 338 3583 Dico
374 3549 403 3578 «
438 3544 555 3584 non
585 3526 783 3582 veniat
810 3544 915 3599 pes
965 3526 1273 3599 superbiai,
1312 3549 1339 3576 ››
1374 3526 1514 3599 quia
1544 3549 1572 3576 «
1617 3526 1718 3594 ibi,
1758 3549 1784 3576 »

131 3612 188 3670 id
218 3615 394 3671 estin
425 3616 571 3688 pede
602 3616 890 3688 superbia:
922 3638 949 3665 «
984 3614 1321 3671 ceciderunt
1340 3615 1440 3688 qui
1472 3620 1788 3686 operantur

132 3701 526 3776 iniquitatem,
564 3727 592 3754 »
642 3710 701 3761 et
747 3705 883 3761 inde
914 3728 941 3754 «
974 3703 1201 3776 expulsi
1250 3708 1409 3773 sunt,
1446 3727 1473 3753 ››
1522 3722 1557 3761 a
1606 3722 1784 3777 regno

131 3789 249 3863 Dei,
283 3796 341 3849 et
372 3797 579 3867 postea
608 3816 637 3844 «
673 3811 788 3850 non
820 3797 1138 3866 potuerunt
1168 3797 1346 3865 stare,
1381 3816 1407 3843 ››
1443 3794 1500 3850 id
1530 3798 1619 3850 est
1656 3811 1786 3867 reg-

133 3894 270 3937 num
301 3882 404 3940 Dei
435 3881 684 3939 ulterius
715 3882 997 3939 obtinere.

583 4006 656 4063 IN
696 4007 1047 4064 PSALMUM
1084 4006 1326 4063 XXXVI.

411 4124 692 4180 Trruws.
726 4127 794 4178 In
823 4123 991 4194 ﬁnem
1016 4123 1272 4179 Psalmus
1301 4122 1493 4178 David.

199 4257 227 4285 «
258 4236 387 4294 Noli
418 4237 703 4295 aemulari.
742 4260 772 4288 »
800 4238 1071 4295 Psalmus
1120 4240 1230 4294 iste
1278 4237 1549 4294 convenit
1595 4238 1777 4295 David

132 4325 415 4397 prophetas
440 4327 532 4383 vel
570 4326 813 4384 cuilibet
845 4329 1030 4399 justo,
1068 4328 1329 4400 dirigens
1376 4326 1438 4381 in
1486 4327 1688 4398 ﬁnem,
1718 4327 1777 4384 id

133 4415 234 4481 est,
267 4414 327 4469 in
374 4415 698 4486 Christum,
750 4415 904 4472 sicut
950 4420 1009 4472 et
1051 4415 1241 4473 caeteri
1292 4414 1526 4488 psalmi.
1558 4415 1779 4474 Videns

133 4502 408 4574 propheta
431 4504 522 4561 vel
552 4504 799 4577 quilibet
821 4507 1044 4577 justus,
1077 4505 1179 4577 qui
1217 4504 1315 4561 hic
1344 4504 1625 4576 loquitur,
1661 4505 1777 4562 im-

136 4587 284 4657 prios
312 4594 668 4666 prosperari,
699 4598 756 4649 et
775 4596 974 4666 justos
1005 4593 1334 4649 conculcari
1366 4593 1438 4648 ab
1470 4593 1690 4667 impiis,
1720 4599 1779 4651 et

1897 3458 1926 3486 «
1960 3441 2017 3491 et
2046 3458 2075 3485 ››
2107 3435 2191 3492 sic
2236 3460 2264 3486 «
2299 3435 2568 3492 inhabita
2617 3440 2858 3505 terram,
2895 3459 2924 3486 ››
2956 3437 3014 3492 id
3065 3442 3155 3493 est
3202 3437 3547 3509 Ecolesiam,

1896 3547 1924 3575 «
1958 3528 2016 3579 et
2059 3525 2317 3597 pasceris
2366 3524 2428 3579 in
2479 3524 2699 3580 divitiis
2746 3526 2897 3597 ejus,
2934 3549 2961 3575 »
2990 3526 3048 3581 id
3100 3530 3209 3595 est,
3245 3527 3549 3597 reﬁcieris,

1895 3614 2116 3670 sanctis
2148 3614 2466 3686 Scripturis
2496 3617 2553 3669 et
2575 3613 2780 3669 multis
2813 3615 3219 3687 spiritualibus
3249 3617 3441 3673 donis.

1964 3705 2035 3759 Et
2066 3704 2270 3759 multis
2302 3727 2327 3753 «
2364 3703 2649 3759 delectare
2679 3702 2740 3759 in
2771 3705 3043 3773 Domino,
3076 3728 3104 3756 »
3137 3706 3308 3778 quasi
3349 3724 3411 3762 re
3441 3707 3549 3762 tibi

1885 3793 2014 3865 jam
2046 3792 2261 3865 lepida.
2300 3793 2432 3849 Haec
2463 3793 2620 3848 enim
2651 3795 3017 3849 consuetudo
3064 3799 3174 3859 est,
3210 3798 3273 3849 ut
3316 3796 3366 3851 si
3413 3796 3548 3866 quis

1893 3882 2134 3938 accedat
2162 3882 2236 3937 ad
2266 3882 2608 3950 Dominum,
2641 3882 2701 3935 in
2733 3881 2941 3952 primis
2988 3881 3159 3953 quasi
3191 3881 3408 3937 durum
3459 3900 3546 3939 re—

1891 3974 2075 4042 putet,
2117 3974 2432 4042 postquam
2476 3986 2612 4025 vero
2661 3968 3050 4037 consueverit,
3082 3969 3141 4023 in
3183 3986 3251 4025 eo
3291 3969 3548 4026 maxime

1891 4058 2251 4125 delectetur;
2285 4058 2575 4113 delectare
2606 4056 2757 4124 dico,
2793 4080 2822 4106 «
2855 4061 2913 4113 et
2942 4057 3067 4129 ipse
3096 4057 3263 4113 dabit
3304 4057 3411 4113 tibi
3443 4076 3545 4131 pe-

1888 4146 2124 4202 titiones
2152 4146 2346 4202 cordis
2377 4145 2487 4215 tui,
2524 4169 2552 4195 ››
2582 4162 2699 4201 non
2730 4146 2927 4202 carnis
2957 4146 3060 4202 sed
3092 4145 3451 4218 spirituales.

1959 4236 2028 4290 Et
2075 4234 2216 4307 quia
2259 4233 2445 4306 aliqui
2489 4233 2788 4307 simplices
2838 4238 3081 4307 possent
3129 4235 3369 4292 dicere:
3416 4235 3544 4291 Non

1887 4340 2131 4396 possum
2184 4323 2461 4379 delectari
2521 4323 2609 4379 vel
2669 4340 2906 4396 sperare
2958 4323 3019 4380 in
3076 4325 3343 4394 Domino,
3404 4325 3546 4397 quia

1886 4412 2079 4469 multa
2108 4413 2295 4469 habeo
2326 4417 2588 4485 peccata,
2622 4418 2828 4469 contra
2856 4413 2967 4469 hoc
2996 4412 3233 4471 salubre
3272 4415 3374 4469 dat
3404 4430 3541 4468 con-

1887 4502 2086 4558 silium
2123 4519 2136 4556 :
2172 4526 2200 4552 «
2248 4500 2458 4558 Revela
2486 4501 2735 4557 Domino
2767 4501 2920 4557 viam
2954 4504 3142 4570 tuam,
3177 4524 3205 4551 »
3246 4518 3349 4573 per
3398 4517 3542 4557 con-

1885 4591 2198 4647 fessionem
2230 4590 2488 4658 tuam,id
2521 4594 2610 4645 est
2639 4590 2799 4645 mala
2818 4607 2995 4661 opera
3017 4606 3119 4660 per
3139 4606 3268 4661 quae
3287 4588 3536 4659 incedis,

135 4680 280 4767 quod
310 4682 550 4753 quidam
582 4682 880 4756 simplices
920 4682 1073 4755 justi
1122 4682 1456 4739 inviderent
1503 4685 1774 4756 potentiae
1804 4702 1853 4767 Β
1883 4686 1941 4737 et
1969 4680 2064 4736 his
2096 4679 2381 4747 revelatis,
2417 4702 2445 4730 «
2478 4696 2648 4750 spera
2678 4679 2737 4733 in
2771 4695 2859 4748 eo,
2896 4700 2924 4727 ››
2958 4702 2986 4728 ‹‹
3021 4682 3078 4733 et
3108 4677 3254 4749 ipse,
3291 4699 3318 4726 ››
3342 4678 3535 4733 Domi-

136 4759 379 4838 illorum,
404 4776 470 4827 et
514 4770 728 4828 vellent
775 4772 978 4828 ulcisci
1027 4770 1276 4844 injurias
1325 4772 1397 4827 ab
1428 4772 1513 4829 eis
1552 4772 1771 4842 illatas,

137 4850 440 4926 aliquando
471 4861 651 4917 etiam
678 4860 895 4917 vellent
923 4862 1251 4918 conformes
1298 4860 1424 4916 ﬁeri
1473 4862 1580 4933 eis,
1612 4862 1778 4935 ponit

138 4947 328 5001 contra
372 4947 522 5005 hanc
565 4948 1017 5007 saluberrimam
1066 4950 1416 5022 doctrinam,
1448 4967 1624 5023 quam
1654 4953 1774 5007 Au-

138 5031 397 5099 gustinus
443 5037 901 5095 saluberrimum
951 5044 1157 5112 potum
1204 5038 1490 5095 nominat.
1534 5040 1777 5097 Materia

139 5121 221 5172 est
231 5121 444 5195 justus,
466 5130 523 5184 et
541 5145 572 5183 e
594 5128 885 5185 contrario
910 5129 1152 5201 impius,
1180 5128 1529 5184 secundario
1551 5133 1772 5185 tamen.

140 5200 334 5290 Modus
364 5219 451 5271 est
480 5217 639 5287 talis,
671 5219 827 5290 quod
869 5200 1014 5273 eamﬁ
1050 5218 1359 5273 materiam
1407 5217 1493 5274 sic
1545 5218 1771 5274 dividit.

140 5289 199 5348 Ῑ¹¹
226 5300 424 5368 Primis
454 5305 575 5378 agit
604 5306 675 5362 de
696 5307 863 5379 justo
894 5324 908 5364 :
943 5307 1310 5362 admonendo
1341 5323 1477 5362 eum
1527 5324 1601 5363 ne
1648 5325 1772 5364 mo-

1883 4786 1996 4825 nus
2029 4793 2056 4820 ‹‹
2091 4769 2262 4825 faciet
2281 4767 2580 4841 justitiam
2605 4772 2771 4824 tuam
2808 4790 2835 4817 »
2867 4767 2969 4823 tibi
3003 4766 3228 4823 scilicet
3275 4790 3302 4816 «
3353 4771 3412 4821 et
3433 4767 3534 4838 ju-

1886 4858 2109 4915 dicium
2139 4862 2329 4927 tuum,
2366 4881 2394 4907 »
2425 4857 2483 4913 id
2517 4862 2606 4913 est
2631 4857 3046 4914 discretionem
3076 4855 3240 4912 dabit
3269 4856 3402 4925 tibi,
3421 4872 3540 4928 qua

1885 4948 2146 5005 seceinas
2176 4948 2399 5004 bonum
2429 4964 2465 5003 a
2494 4946 2673 5004 malo.

1955 5038 2027 5092 Et
2057 5054 2129 5092 ne
2159 5037 2379 5092 diceret
2409 5036 2645 5109 aliquis,
2682 5036 2843 5092 Licet
2872 5036 3123 5091 habeam
3168 5033 3303 5103 hoc,
3335 5038 3537 5090 tamen

1885 5143 2118 5199 semper
2145 5126 2276 5182 vilis
2307 5126 2817 5195 ero,commendat
2845 5124 2968 5179 haec
2997 5124 3170 5191 dona,
3190 5146 3218 5173 ‹‹
3249 5123 3536 5179 Dominus

1875 5216 2175 5288 justitiam
2208 5216 2401 5284 faciet,
2436 5238 2463 5264 »
2494 5219 2552 5269 et
2579 5214 2745 5269 illam
2780 5237 2807 5265 ‹‹
2841 5214 3069 5282 educet,
3117 5235 3145 5262 ››
3175 5212 3246 5267 de
3276 5211 3536 5268 tenebris

1882 5305 2064 5376 hujus
2104 5306 2255 5374 vitae,
2307 5304 2369 5360 in
2419 5320 2537 5375 qua
2595 5303 2848 5359 obscura
2904 5305 2961 5358 et
3014 5300 3148 5356 vilis
3205 5304 3534 5372 reputatur,

1886 5418 1914 5446 ‹‹
1947 5395 2118 5466 quasi
2148 5393 2374 5462 lumen,
2409 5416 2437 5443 ››
2464 5393 2523 5448 id
2570 5396 2660 5448 est
2709 5391 2880 5448 faciet
2927 5390 3204 5446 omnibus
3250 5388 3530 5458 lucidam,

1882 5499 2018 5539 cum
2050 5483 2245 5538 dicent
2269 5481 2411 5537 mali
2441 5481 2502 5537 in
2524 5481 2750 5553 judicio
2782 5497 2796 5536 :
2834 5504 2861 5531 ‹‹
2892 5481 3010 5536 Nos
3042 5478 3330 5535 inscnsati
3352 5477 3533 5534 vitam

1880 5571 2115 5629 illorum
2172 5571 2613 5626 aestimabamus
2671 5570 2986 5639 insaniam,
3046 5585 3178 5625 ecce
3237 5567 3531 5641 quomodo

1879 5659 2201 5733 computati
2233 5664 2373 5714 sunt
2402 5658 2554 5714 inter
2586 5658 2736 5715 ﬁlios
2767 5659 2868 5715 Dei
2902 5658 3049 5731 (δίῳ.
3082 5658 3160 5729 v),
3185 5680 3212 5705 ››
3247 5680 3274 5705 ‹‹
3304 5654 3530 5727 etjudi-

1878 5752 2034 5807 cium
2066 5753 2237 5808 tuum
2270 5749 2478 5805 educet
2509 5752 2791 5821 tanquam
2821 5747 3153 5817 meridiem,
3189 5770 3214 5795 ››
3242 5746 3303 5801 id
3350 5749 3440 5802 est
3470 5745 3530 5799 in

138 5386 327 5478 ventur
366 5389 585 5451 invidia
633 5410 774 5469 erga
820 5394 1096 5467 impium,
1147 5393 1237 5451 vel
1285 5394 1635 5464 imitatione,
1683 5394 1772 5451 vel

139 5474 236 5541 ira,
265 5474 324 5532 in
367 5479 826 5541 intermiscendo
872 5484 1142 5557 quaedam
1195 5484 1265 5539 de
1315 5483 1517 5556 impio.
1566 5485 1632 5540 In
1682 5501 1772 5539 se-

141 5563 319 5646 cunda
344 5577 505 5639 parte
536 5573 702 5645 ponit
721 5573 867 5646 quid
899 5572 1117 5646 impius
1148 5589 1287 5646 erga
1307 5574 1541 5644 justum
1572 5573 1768 5643 faciat,

142 5645 489 5717 admonendo
515 5661 715 5735 ipsum
744 5645 813 5718 ut
843 5645 1131 5734 patienter
1156 5645 1463 5717 sustineat.
1496 5663 1562 5718 In
1602 5663 1771 5719 tertia

143 5740 290 5802 Parte
318 5747 476 5815 ponit
496 5752 737 5823 praemia
748 5752 1071 5822 justi,cum
1104 5750 1500 5809 admonitione
1531 5756 1586 5808 et
1609 5753 1767 5809 dam-
