3914 6360
336 456 453 523 819

749 453 1157 518 HAYMONIS
1186 437 1734 513 HALBERSTA‘I‘.
1765 442 2008 509 EPISG.
2041 440 2218 508 OPP.
2247 440 2476 505 PARS.
2510 441 2559 505 ῐ.
2593 476 2671 487 -
2701 439 3109 505 COMMENT.
3143 438 3339 502 BlBL.

3637 426 3767 503 3.”

337 591 597 650 maxima
619 590 938 647 constituet
965 584 1248 652 claritate,
1284 588 1351 639 ut
1389 582 1667 639 omnibus
1716 583 1988 653 apertum
2017 578 2074 647 Α
2104 577 2502 634 ridebiteum.
2539 600 2568 627 »
2602 576 2753 632 Bene
2784 574 2915 631 dico
2946 572 3213 630 irridebit
3242 578 3378 629 eum
3408 594 3439 622 ‹‹
3468 572 3761 653 quoniam

338 681 435 749 sit,
469 680 617 746 dico,
651 677 842 733 revela
870 676 1022 730 viam
1071 680 1261 739 tuam,
1295 679 1351 728 et
1384 689 1555 745 spera
1608 671 1665 726 in
1717 670 1989 736 Domino,

338 773 397 826 et
447 765 698 839 acceptis
748 764 919 820 donis
966 764 1037 819 ab
1082 780 1171 829 eo,
1223 779 1455 834 semper
1489 784 1516 811 «
1551 761 1825 816 subditus
1867 764 1991 814 esto

337 856 604 923 Domino,
642 876 669 902 ››
702 853 759 908 id
794 857 884 908 est
914 852 1199 907 famulare
1226 850 1277 906 ei
1309 873 1337 900 ‹‹
1371 854 1427 905 et
1459 867 1560 905 ora
1590 856 1748 905 eum.
1786 871 1812 897 ››

351 976 359 980 >
405 944 477 999 Et
508 959 580 998 ne
612 940 864 1013 simplex
894 940 1235 996 admonitus
1269 939 1352 994 sic
1384 939 1601 994 diceret
1632 955 1643 993 :
1678 938 1823 993 Ecce
1873 937 1994 992 sive

336 1031 756 1103 malignentur,
789 1028 909 1084 sive
940 1028 1096 1084 mala
1126 1028 1345 1083 faciant
1375 1028 1518 1082 dum
1545 1026 1728 1099 justis
1755 1043 1869 1080 non
1889 1043 1991 1081 no-

335 1124 523 1187 ceant,
558 1135 677 1174 non
701 1119 976 1174 moveber
1006 1134 1146 1191 erga
1186 1134 1305 1184 eos,
1341 1118 1443 1172 sed
1474 1116 1523 1171 si
1555 1120 1991 1188 prosperentur,

333 1226 453 1265 non
485 1207 655 1263 nobis
690 1207 847 1263 mala
875 1206 1151 1274 inferant,
1187 1206 1328 1279 quin
1380 1222 1721 1260 moveamur
1767 1219 1996 1259 cessare

331 1314 453 1354 non
484 1312 805 1370 possumus
839 1312 851 1351 :
881 1299 1088 1351 contra
1117 1296 1276 1368 quod
1307 1295 1593 1367 propheta
1639 1294 1778 1348 item
1832 1292 1997 1365 ponit

327 1386 633 1442 salubrem
684 1384 1170 1440 admonitionem.
1224 1384 1410 1439 Dico:
1464 1406 1492 1433 ‹‹
1546 1382 1821 1437 subditus
1870 1384 1995 1437 esto

328 1474 605 1543 Domino,
639 1477 699 1529 et
729 1472 778 1528 si
818 1473 1038 1546 impius
1068 1476 1466 1545 prosperatur,
1499 1470 1619 1527 noli
1646 1469 1929 1538 aemulari,
1968 1491 1995 1519 ››

327 1579 529 1636 neque
558 1562 870 1634 imitando,
914 1578 1104 1634 neque
1135 1560 1447 1617 invidendo
1480 1583 1508 1610 «
1543 1560 1604 1615 in
1636 1577 1723 1627 eo,
1761 1581 1789 1609 »
1820 1559 1877 1613 id
1909 1561 1999 1613 est

327 1652 397 1710 in
432 1650 899 1709 consideratione
931 1650 1112 1719 illius,
1148 1673 1176 1701 ‹‹
1221 1649 1324 1723 qui
1367 1652 1746 1721 prosperatur
1795 1649 1855 1703 in
1902 1648 1999 1704 via

326 1758 465 1810 sua,
502 1762 530 1791 »
562 1741 620 1797 id
654 1742 744 1796 est
776 1738 932 1795 mala
963 1739 1320 1811 operatione,
1354 1755 1481 1810 quae
1514 1736 1732 1793 incedit
1779 1737 1851 1792 ad
1902 1735 1997 1791 in-

326 1829 580 1887 teritum
613 1846 627 1886 :
662 1834 719 1885 et
748 1852 777 1879 «
821 1828 880 1883 in
926 1826 1165 1884 homine
1198 1828 1443 1884 faciente
1493 1826 1837 1899 injustitias,
1875 1847 1903 1875 »
1937 1825 1996 1881 id

330 1923 431 1977 est
459 1920 751 1975 bonorum
784 1916 1246 1990 persecutiones.

407 2008 491 2064 Ne
538 2006 832 2063 azmuleris
883 2006 1034 2074 dico,
1087 2010 1145 2061 et
1194 2005 1243 2061 si
1272 2005 1333 2060 in
1367 2005 1562 2078 aliquo
1596 2006 1769 2061 modo
1798 2008 1997 2060 motus

327 2113 420 2165 es,
447 2096 713 2153 dimitte:
748 2099 807 2152 et
836 2095 945 2151 hoc
975 2099 1065 2151 est
1094 2118 1123 2145 ‹‹
1150 2094 1352 2150 desine
1378 2095 1451 2150 ab
1484 2094 1592 2161 ira,
1629 2116 1656 2143 »
1688 2098 1746 2149 et
1762 2092 1998 2166 silongo

329 2185 471 2245 odio
500 2190 697 2241 motus
728 2200 810 2251 es,
835 2183 1037 2240 desine
1069 2200 1083 2239 :
1116 2185 1177 2239 et
1206 2183 1315 2239 hoc
1345 2187 1435 2239 est
1466 2206 1493 2233 «
1527 2183 1873 2255 derelinquc
1903 2183 2000 2238 fu~

333 2290 552 2341 rorem,
589 2294 617 2323 »
649 2278 706 2329 et
752 2272 806 2329 si
856 2271 1173 2344 aliquando
1221 2272 1414 2327 furere
1452 2270 1716 2343 voluisti,
1749 2272 1994 2327 desine:

332 2364 450 2420 hoc
480 2365 571 2417 est
598 2384 627 2412 ‹‹
657 2360 783 2417 noli
813 2360 874 2415 in
909 2360 1194 2428 aemulari,
1223 2364 1290 2416 ut
1318 2360 1682 2433 maligneris.
1718 2383 1747 2409 »

408 2451 481 2506 Et
506 2450 637 2506 ideo
661 2450 791 2506 dico
823 2447 943 2504 noli
974 2448 1309 2521 malignari,
1336 2448 1681 2521 «’quoniam
1713 2448 1815 2521 qui
1838 2447 2000 2504 mali-

337 2542 619 2616 gnantur,
652 2536 1222 2605 exterminabuntur,
1261 2559 1289 2587 η
1320 2537 1377 2593 id
1412 2540 1501 2593 est
1531 2540 1589 2593 et
1619 2537 1907 2605 malevoli,
1941 2532 2001 2593 et

338 2627 499 2687 mala
542 2627 849 2694 facientes,
884 2626 1128 2694 scilicet,
1158 2629 1321 2682 extra
1361 2625 1683 2682 terminum
1732 2643 1998 2698 superna:

335 2716 670 2776 Jerusalem
722 2715 1050 2789 ejicientur.
1085 2738 1114 2765 «
1147 2712 1522 2772 Sustinentes
1565 2719 1763 2771 autem
1796 2714 2000 2771 Domi-

338 2823 505 2875 num,
541 2829 569 2856 »
592 2807 650 2862 id
680 2810 773 2863 est
803 2822 939 2862 cum
970 2804 1421 2877 longanimitate
1453 2803 1611 2860 mala
1658 2804 1840 2878 hujus
1869 2805 1999 2860 vita:

339 2894 677 2963 tolerantes,
712 2894 1031 2951 Dominum
1082 2897 1582 2951 remuneratorcm
1631 2895 2000 2951 attendentes

341 3007 370 3037 «
404 2984 516 3057 ipsi
557 2983 991 3039 hmreditabunt
1040 2987 1279 3051 terram,
1318 3004 1345 3032 ››
1380 2983 1440 3038 id
1487 2987 1594 3054 est,
1629 2983 1999 3040 haereditario

332 3075 471 3148 jure
498 3072 797 3129 caelestem
827 3072 1218 3143 possidebunt
1248 3071 1523 3145 patriam.

412 3161 553 3218 Dico
581 3159 1012 3216 hmreditabunt
1041 3161 1314 3233 patriam.
1332 3163 1402 3216 Et
1423 3178 1494 3217 ne
1518 3160 1734 3234 aliquis
1750 3161 1994 3217 diceret:

341 3251 485 3318 Quis
516 3255 637 3306 tam
668 3248 770 3304 diu
811 3250 1022 3320 poterit
1054 3250 1385 3305 sustinere?
1415 3250 1592 3305 dicit:
1639 3274 1666 3300 «
1712 3254 1768 3305 et
1807 3250 1999 3305 adhuc

2026 1950 2076 2017 B

2104 666 2385 740 prospicit
2418 667 2573 739 quod
2602 664 2796 721 veniet
2825 663 2951 720 dies
2983 664 3131 734 ejus,
3168 685 3195 711 ››
3229 662 3283 717 id
3318 664 3427 731 est,
3435 661 3756 733 judicium.

2100 757 2400 814 Judicium
2433 756 2700 811 nominat
2731 752 3065 825 diem,quia
3094 751 3175 807 ibi
3206 755 3378 808 erunt
3407 751 3607 807 omnia
3640 768 3736 807 me.

2100 847 2315 902 nifesta
2347 845 2514 919 quasi
2548 844 2605 899 in
2641 844 2755 899 die.

2175 936 2379 991 Merito
2412 933 2678 989 irridebit
2707 949 2805 988 eos
2836 931 3122 987 Dominus
3171 931 3451 1003 quoniam
3482 954 3512 981 ‹‹
3548 947 3763 1003 pecca—

2102 1028 2258 1079 tores
2289 1023 2573 1096 gladium,
2612 1044 2640 1071 »
2674 1020 2731 1076 id
2765 1025 2855 1076 est
2883 1019 3041 1075 mala
3072 1036 3247 1091 opera
3285 1037 3393 1076 sua
3418 1043 3446 1070 «
3481 1019 3763 1093 evagina-

2101 1118 2333 1183 verunt,
2370 1136 2398 1163 »
2430 1111 2657 1167 scilicet
2687 1112 2757 1166 de
2790 1109 3248 1181 cogitationibus
3295 1110 3441 1179 suis,
3476 1109 3575 1165 ubi
3624 1109 3764 1165 abs-

2105 1202 2340 1258 condita
2389 1205 2577 1268 erant,
2609 1200 2669 1254 in
2718 1198 3102 1254 manifestum
3151 1198 3564 1254 deduxerunt:
3606 1198 3765 1253 sicut

2105 1290 2323 1364 aliquis
2363 1290 2624 1363 gladium
2657 1305 2833 1344 suum
2871 1287 3165 1361 evaginat,
3197 1291 3255 1342 et
3298 1287 3474 1343 etiam
3505 1309 3533 1337 ‹‹
3566 1286 3765 1342 inten-

2106 1381 2319 1435 derunt
2368 1394 2572 1435 arcum
2622 1394 2877 1445 suum,»
2909 1377 2967 1431 id
3018 1380 3108 1431 est
3149 1375 3316 1431 dolos
3348 1392 3505 1443 suos,
3540 1375 3764 1451 quibus

2106 1468 2332 1524 occulte
2362 1467 2669 1523 vulnerent
2698 1466 2853 1522 sicut
2883 1464 3096 1537 aliquis
3124 1458 3350 1519 occulte
3381 1480 3519 1520 arcu
3552 1464 3706 1520 ferit.

2176 1558 2261 1613 Ad
2294 1556 2404 1612 hoc
2433 1556 2818 1612 intenderunt
2844 1571 3047 1610 arcum
3070 1575 3097 1602 ‹‹
3133 1556 3200 1608 ut
3234 1546 3530 1625 decipiant
3551 1562 3767 1624 paupe-

2106 1662 2252 1712 rem,
2286 1668 2314 1695 ››
2347 1646 2405 1701 id
2439 1649 2529 1701 est
2560 1643 2914 1716 simplicem,
2941 1642 3041 1715 qui
3089 1642 3351 1697 nondum
3385 1641 3529 1698 satis
3568 1641 3764 1714 perfe-

2107 1736 2187 1791 cit
2218 1735 2277 1790 in
2310 1733 2643 1807 cognitione
2673 1733 2775 1789 Dei
2812 1756 2833 1783 α
2871 1736 2927 1787 et
2954 1732 3213 1803 inopem,
3246 1754 3275 1781 »
3305 1731 3579 1786 eumdem
3602 1730 3764 1787 acci-

2106 1841 2198 1897 pe,
2234 1824 2333 1897 qui
2364 1823 2536 1896 inops
2569 1822 2806 1890 dicitur,
2840 1821 2981 1893 quia
3018 1810 3320 1893 passibilis
3366 1822 3424 1876 et
3469 1819 3764 1892 mortalis,

2108 1919 2166 1970 et
2196 1913 2401 1969 multis
2432 1920 2750 1985 oppressus
2783 1909 3039 1966 miseriis
3069 1909 3249 1981 hujus
3282 1909 3510 1976 mundi,
3546 1902 3616 1964 ad
3649 1908 3767 1964 hoc

2107 2003 2453 2075 evaginatur
2481 2000 2746 2075 gladium
2779 2024 2807 2050 «
2841 2004 2908 2055 ut
2939 1988 3236 2055 trucidant
3265 2002 3454 2055 rectos
3499 1988 3692 2055 corde.
3731 2008 3764 2048 si

2118 2128 2129 2140 .
2179 2091 2296 2163 Ipsi
2326 2090 2781 2164 evaginaverunt
2809 2087 3074 2162 gladium
3122 2080 3180 2143 et
3210 2110 3239 2137 «
3271 2085 3506 2159 gladius
3552 2094 3764 2143 eorum

2107 2178 2287 2234 intret
2314 2178 2373 2233 in
2406 2177 2582 2233 corda
2611 2176 2900 2248 ipsorum,
2943 2194 2970 2226 ς»
3022 2175 3083 2231 id
3130 2179 3238 2244 est,
3290 2175 3433 2230 dum
3472 2164 3767 2231 Occidunt

2107 2272 2363 2338 sanctos,
2398 2268 2743 2325 occidantur
2771 2272 2830 2323 et
2859 2265 2973 2339 ipsi
3008 2265 3255 2321 interius
3286 2278 3315 2316 k
3348 2269 3409 2322 'et
3453 2273 3629 2321 arcus
3663 2278 3766 2322 eo-

2107 2375 2239 2413 rum
2271 2357 2694 2429 confringatur,
2734 2378 2761 2405 »
2792 2354 2851 2411 id
2882 2359 2971 2411 est
2999 2354 3172 2410 dolus
3201 2355 3330 2426 ejus
3360 2353 3766 2410 inefﬁcaxh'a-

2107 2448 2333 2515 beatur,
2364 2463 2436 2502 ne
2466 2445 2650 2501 bonos
2682 2442 2912 2518 possint
2942 2444 3227 2517 decipere,
3263 2447 3322 2500 et
3370 2442 3481 2499 sibi
3533 2439 3768 2499 confor-

2107 2554 2235 2594 mes
2256 2536 2508 2592 efﬁcere.

2180 2626 2309 2682 Hazc
2340 2623 2539 2680 omnia
2568 2623 2741 2679 faciet
2768 2621 2877 2678 tibi
2910 2621 3151 2694 impius,
3184 2613 3245 2678 et
3280 2620 3458 2678 etiam
3496 2626 3645 2677 "cum
3690 2624 3766 2677 tu

2107 2713 2222 2771 eris
2254 2729 2496 2786 pauper,
2531 2711 2630 2767 illc
2660 2711 3120 2784 prosperabitur,
3156 2710 3258 2766 sed
3306 2715 3373 2766 tu
3417 2710 3622 2766 omnia
3646 2722 3763 2782 pa-

2107 2803 2318 2859 tienter
2363 2800 2565 2856 omnia
2613 2799 2861 2868 sustine,
2916 2799 3059 2872 quia
3108 2822 3137 2850 ‹‹
3186 2790 3399 2855 melius
3461 2790 3764 2855 modicum

2100 2895 2285 2966 justo,
2321 2913 2349 2941 ››
2381 2890 2439 2946 id
2471 2894 2582 2959 est,
2610 2906 2740 2958 sua,
2776 2888 3088 2945 modicitas
3139 2892 3199 2944 et
3244 2892 3560 2961 paupertas
3592 2900 3621 2938 (τ
3653 2902 3764 2944 su-

2108 2999 2212 3054 per
2239 2979 2476 3036 divitias
2507 2982 2881 3052 peccatorum
2913 2978 3155 3034 multas.
3193 3000 3222 3027 η

2178 3072 2248 3126 Et
2274 3071 2424 3125 bene
2470 3067 2621 3136 dico,
2658 3066 2873 3123 melius
2922 3070 3013 3123 est
3041 3090 3071 3117 «
3102 3065 3381 3140 quoniam
3428 3065 3690 3134 brachia,
3730 3070 3760 3115 ἡ

2108 3161 2165 3215 id
2198 3164 2306 3231 est,
2335 3157 2710 3213 fortitudines
2744 3160 2800 3212 et
2826 3160 3144 3229 potestates
3175 3178 3204 3206 «
3238 3158 3603 3228 peccatorum
3629 3162 3764 3211 con-

2107 3252 2331 3315 rentur,
2367 3269 2394 3295 ›ι
2425 3246 2481 3301 id
2515 3250 2604 3302 est
2633 3246 3030 3308 destruentur,
3056 3249 3114 3300 et
3144 3238 3379 3300 inutilia
3408 3242 3647 3299 omnino
3675 3243 3765 3298 in-

338 3339 644 3415 pusillum,
680 3360 708 3388 n
742 3337 1060 3410 quasi,non
1094 3339 1333 3394 deficias
1364 3338 1732 3407 sustinendo,
1758 3344 1991 3411 tempus
2023 3323 2066 3390 C
2103 3338 2445 3393 venientur:
2482 3357 2510 3384 «
2536 3336 2735 3406 justos
2783 3337 3001 3406 autem,
3039 3356 3067 3383 »
3098 3332 3369 3405 quamvis
3412 3332 3675 3387 modicos
3706 3324 3765 3388 et

336 3430 494 3486 enim
516 3429 687 3484 breve
718 3431 829 3495 est,
862 3428 1082 3483 nedum
1112 3427 1234 3482 vita
1262 3426 1541 3482 hominis.
1582 3428 1721 3483 Dico
1765 3429 1994 3483 sustine

336 3517 624 3591 pusillum
656 3539 684 3567 «
720 3519 777 3573 et
805 3533 923 3571 non
956 3515 1066 3571 erit
1097 3518 1386 3588 peccator,
1424 3537 1452 3564 »
1485 3532 1601 3570 non
1650 3518 1807 3588 quod
1860 3533 1991 3588 pec-

337 3606 551 3663 catoris
582 3604 920 3662 substantia
946 3609 1169 3677 pereat,
1201 3604 1303 3659 sed
1337 3620 1455 3659 non
1486 3604 1613 3673 erit,
1648 3605 1706 3661 id
1741 3611 1849 3674 est,
1869 3623 1995 3678 pec-

338 3700 470 3752 care
501 3712 617 3751 non
646 3693 862 3767 poterit
894 3710 906 3748 :
942 3699 999 3749 et
1028 3693 1384 3749 concedatur
1415 3694 1572 3765 quod
1602 3698 1744 3749 tunc
1774 3717 1799 3743 «
1838 3712 1992 3767 quae-

338 3790 435 3841 ras
480 3783 675 3840 locum
725 3784 874 3855 ejus,
909 3804 936 3833 »
970 3782 1029 3839 id
1074 3786 1183 3847 est,
1218 3799 1292 3838 an
1342 3781 1539 3855 aliquo
1569 3783 1744 3839 modo
1790 3782 1849 3838 in
1883 3783 1996 3840 alia

335 3876 457 3933 vita
485 3878 754 3949 peccator
783 3874 861 3931 sit
908 3872 1281 3929 necessarius
1313 3894 1341 3922 ‹‹
1375 3876 1433 3928 et
1479 3889 1597 3927 non
1646 3872 1928 3928 invenies.
1966 3892 1995 3922 »

339 3965 403 4022 In
432 3964 544 4021 hac
573 3964 694 4020 vita
719 3963 1133 4019 tantummodo
1162 3965 1436 4034 peccator
1484 3965 1573 4017 est
1602 3961 1995 4032 necessarius,

336 4053 399 4110 in
429 4058 548 4126 qua
573 4066 675 4126 per
705 4060 841 4109 eum
864 4051 1015 4123 justi
1047 4050 1482 4107 examinantur.

2103 3442 2390 3499 pauperes
2422 3448 2449 3473 «
2485 3424 2797 3479 conﬁrmat
2826 3422 3135 3491 Dominus,
3171 3445 3199 3472 »
3230 3422 3291 3477 in
3340 3422 3492 3478 bono
3538 3432 3751 3494 prepo-

2103 3516 2235 3584 sito,
2269 3518 2326 3569 et
2359 3530 2462 3586 spe
2492 3513 2701 3568 futurae
2732 3512 3136 3568 beatitudinis.

2172 3605 2243 3659 Et
2273 3603 2418 3657 bene
2448 3600 2576 3656 dico
2606 3602 2919 3657 confirmat
2938 3602 3136 3674 justos
3167 3617 3180 3656 :
3217 3600 3365 3657 falsa
3391 3598 3649 3673 namque
3673 3608 3768 3656 eo-

2103 3709 2236 3747 rum
2267 3689 2557 3747 sentcntia
2584 3695 2693 3760 est,
2724 3690 2823 3762 qui
2855 3694 3067 3763 putant
3104 3690 3420 3747 Dominum
3467 3704 3583 3745 non
3610 3680 3760 3763 cog}-

2104 3797 2344 3837 noscere
2376 3779 2498 3835 haec
2528 3796 2656 3851 qua:
2688 3784 2949 3852 aguntur
2978 3780 3038 3835 in
3087 3779 3197 3835 hac
3240 3779 3385 3848 vita,
3415 3776 3555 3851 quia
3586 3801 3614 3829 α
3648 3779 3760 3834 Do-

2105 3869 2304 3924 minus
2353 3869 2514 3924 novit
2562 3868 2690 3924 dies
2735 3868 3272 3937 immac‘ulatorum,
3322 3878 3355 3918 ς)
3386 3891 3414 3919 ‹‹
3448 3871 3524 3936 et,
3572 3880 3602 3917 δ)
3635 3868 3761 3940 ipse

2104 3957 2391 4014 Dominus
2423 3980 2451 4007 ‹‹
2483 3957 2594 4012 erit
2644 3956 2957 4014 haereditas
3002 3974 3228 4026 eorum,
3264 3979 3292 4007 ››
3338 3955 3397 4012 id
3443 3960 3549 4026 est,
3573 3957 3761 4029 justo-

2104 4064 2238 4103 rum
2271 4069 2299 4096 «
2332 4045 2392 4101 in
2442 4048 2747 4113 aiternum,
2784 4068 2813 4094 »
2850 4046 3132 4102 Dominus
3181 4045 3400 4102 dicitur
3452 4044 3760 4101 hereditas

411 4141 646 4197 Dixerat
676 4140 816 4212 quia
835 4141 1200 4196 sustinentes
1226 4138 1545 4195 Dominum
1567 4139 2000 4195 haereditabunt
2097 4136 2420 4208 justorum,
2457 4134 2599 4206 quia
2631 4132 2783 4190 sicut
2810 4135 3127 4191 haereditas
3158 4134 3347 4208 pascit
3375 4137 3434 4190 et
3464 4133 3754 4191 Sustentat

340 4233 588 4286 terram:
620 4243 779 4283 nunc
804 4226 1161 4283 determinat
1189 4229 1483 4299 quomodo
1504 4227 2000 4294 sustinentes,sci-

339 4316 476 4373 licet
489 4332 607 4371 non
629 4315 732 4387 qui
754 4314 921 4370 inviti
944 4319 1002 4370 et
1026 4319 1489 4384 murmurantes,
1507 4316 1607 4371 sed
1632 4316 1731 4387 qui
1756 4316 1814 4370 in
1838 4332 1999 4371 man-

341 4403 654 4462 suetudine
685 4408 742 4459 et
772 4402 1173 4474 simplicitate.
1205 4403 1291 4457 Ad
1321 4403 1429 4459 hoc
1460 4404 1839 4459 continuatur
1870 4421 1883 4458 :
1918 4402 2000 4460 lo-

340 4510 475 4552 cum
502 4492 824 4567 peccatoris
855 4508 972 4547 non
1005 4491 1264 4547 invenies
1295 4491 1353 4545 in
1372 4492 1681 4547 aliavita.«
1707 4491 1998 4548 Mansueti

2106 4240 2527 4299 possessorem,
2562 4223 2647 4279 sic
2677 4223 2961 4280 Deminus
2989 4224 3049 4280 in
3079 4224 3189 4281 has
3218 4224 3338 4279 vita
3368 4222 3513 4291 suis,
3540 4222 3606 4279 et
3630 4225 3761 4278 tan-

2107 4316 2241 4372 dem
2269 4314 2332 4369 in
2365 4313 2480 4370 alia
2507 4313 2629 4369 Vita
2658 4313 3002 4370 omnimodo
3032 4313 3143 4370 erit
3173 4306 3431 4370 refectio.

2177 4405 2247 4459 Et
2276 4404 2406 4459 ideo
2440 4424 2467 4452 «
2503 4419 2620 4458 non
2653 4403 3114 4472 confundantur,
3146 4424 3174 4454 η
3208 4402 3326 4459 imo
3359 4401 3635 4459 voluntas
3663 4417 3762 4457 ee-

2108 4510 2239 4549 rum
2270 4491 2616 4564 implebitur
2647 4514 2674 4540 ‹‹
2708 4490 2769 4545 in
2797 4495 3065 4564 tempore
3098 4491 3275 4561 male,
3304 4504 3337 4541 Γ››
3364 4482 3427 4546 id
3458 4495 3565 4559 est,
3588 4490 3649 4545 in
3671 4489 3764 4546 die

341 4588 539 4640 autem
569 4581 703 4637 vita.
744 4603 771 4631 η
805 4604 833 4631 ‹‹
869 4580 1159 4636 Mansueti
1191 4584 1391 4636 autem
1422 4580 1855 4637 hmreditabunt
1874 4586 2000 4636 ter-
2099 4580 2333 4654 judicii,
2369 4580 2525 4653 quod
2557 4579 2782 4636 malum
2817 4581 2928 4636 erit
2956 4581 3182 4654 impiis,
3216 4574 3317 4652 qui
3346 4584 3489 4636 tunc
3519 4581 3763 4636 damna-

342 4680 470 4727 ram
504 4693 533 4721 »
562 4669 905 4738 viventium,
939 4694 965 4719 ‹‹
1000 4669 1082 4725 ibi
1114 4668 1568 4725 delectabuntur
1613 4668 1674 4723 in
1725 4670 2000 4725 multitu-

343 4759 480 4816 dine
512 4760 694 4832 pacis.
730 4781 758 4809 ››
797 4759 880 4815 Ibi
912 4758 975 4814 in
1007 4762 1289 4814 aeternum
1320 4757 1597 4829 viventes,
1631 4774 1738 4813 nec
1787 4776 1822 4814 a
1868 4759 1999 4815 dia-

344 4847 500 4914 bolo,
515 4856 703 4921 neque
734 4866 769 4905 a
793 4856 965 4904 carne
996 4864 1106 4904 sua
1135 4846 1330 4919 aliquo
1363 4848 1538 4903 modo
1570 4847 2003 4921 impugnabun-

343 4941 459 5007 tur,
492 4954 599 4993 nec
629 4937 829 5011 aliqua
872 4936 1108 5009 penitus
1138 4936 1549 5009 inquietudine
1581 4938 1998 4995 turbabuntur.

415 5026 499 5082 De
530 5027 790 5081 secunda
819 5030 985 5098 parte
1017 5024 1249 5097 incipit,
1281 5025 1577 5082 mansueti
1623 5025 2000 5083 delectabun-

346 5116 442 5170 tur
472 5114 530 5170 in
565 5130 726 5186 pace,
752 5114 852 5169 sed
885 5113 1119 5169 interim
1151 5113 1211 5168 in
1245 5113 1353 5169 hac
1382 5113 1503 5170 vita
1530 5136 1561 5163 ‹‹
1596 5116 2004 5187 pcecatorjus-

348 5204 475 5258 tum
503 5202 856 5271 observabit,
890 5223 917 5253 ››
949 5202 1262 5276 diligenter
1290 5203 1470 5259 vitam
1502 5202 1693 5275 ipsius
1724 5204 2003 5276 inquiret,

348 5290 657 5347 attendens
689 5290 738 5347 si
788 5291 849 5346 in
894 5290 1090 5363 aliquo
1143 5290 1195 5346 ei
1252 5307 1461 5347 nocere
1491 5291 1723 5364 possit:
1758 5298 1817 5349 et
1868 5311 2004 5350 cum

348 5376 495 5435 nihil
543 5379 731 5451 possit
777 5383 983 5435 contra
1028 5396 1163 5434 eum
1212 5378 1461 5446 ratione,
1514 5380 1687 5451 quasi
1737 5381 2000 5439 bestialis

348 5485 379 5515 ‹‹
410 5466 686 5522 stridebit
715 5478 891 5538 super
921 5482 1057 5522 eum
1090 5466 1367 5523 dentibus
1398 5467 1549 5536 suis,
1583 5491 1610 5517 υ
1639 5469 1697 5524 id
1731 5475 1840 5542 est,
1875 5471 1998 5526 livi-

351 5552 441 5610 dis
471 5554 909 5610 corrosionibus
937 5560 994 5611 et
1025 5555 1506 5612 detractionibus.

416 5641 517 5696 Sic
542 5640 816 5696 stridebit
836 5646 1104 5711 peccator
1124 5659 1301 5713 super
1312 5645 1577 5714 justum;
1606 5648 1668 5701 tu
1693 5650 2005 5717 autem,vir

354 5722 523 5793 bene,
543 5744 615 5780 ne
636 5742 827 5797 cures,
858 5730 959 5784 sed
984 5730 1182 5784 derido
1208 5747 1343 5785 cum
1367 5732 1505 5801 quia
1536 5756 1564 5781 ‹‹
1598 5733 1884 5792 Dominus
1926 5738 2001 5792 ir-

2029 4694 2076 4760 Ι)
2108 4672 2330 4727 buntur
2357 4669 2419 4725 in
2450 4672 2668 4724 aeterna
2695 4670 3098 4739 damnatione,
3132 4675 3273 4726 tunc
3294 4660 3446 4741 justi
3479 4684 3594 4724 non
3625 4676 3768 4723 deus

2108 4761 2451 4827 fundentur,
2483 4762 2541 4814 et
2569 4757 2630 4813 in
2660 4758 2772 4815 hac
2799 4758 2918 4815 vita
2948 4759 3120 4831 plene
3164 4776 3199 4814 a
3238 4762 3352 4814 Deo
3393 4752 3759 4824 reﬁciuntur,

2109 4851 2264 4923 quod
2297 4853 2386 4905 est
2416 4871 2445 4899 ‹‹
2480 4848 2689 4904 diebus
2717 4847 2916 4917 famis,
2944 4868 2974 4898 »
3002 4847 3064 4903 id
3097 4852 3207 4917 est,
3238 4848 3300 4903 in
3328 4840 3449 4903 vita
3492 4847 3607 4903 hac
3648 4854 3766 4919 qua

2108 4938 2380 4996 esuriunt
2391 4935 2583 4993 sancti
2607 4940 2667 4993 et
2685 4936 2902 4993 sitiunt
2916 4936 3215 5008 justitiam
3241 4956 3269 4987 ‹‹
3291 4936 3718 4993 saturabuntur
3735 4940 3764 4983 ἡ

2111 5026 2520 5101 spiritualibus
2553 5024 2724 5093 cibis,
2757 5042 2788 5081 e
2819 5025 3110 5081 contrario
3143 5026 3244 5081 ﬁet
3268 5023 3695 5098 peccatoribus,
3710 5027 3767 5080 et

2112 5118 2222 5173 hoc
2253 5115 2362 5171 sub
2398 5114 2742 5187 probatione
2768 5114 2961 5187 ponit;
2987 5115 3072 5171 sic
3094 5114 3244 5186 justi
3278 5124 3391 5171 non
3415 5113 3767 5170 confunden-

2110 5210 2208 5261 tur
2236 5206 2294 5260 in
2327 5207 2591 5275 tempore
2613 5202 2947 5275 malo,quia
2977 5204 3085 5260 soli
3117 5208 3454 5277 peccatores
3472 5200 3763 5275 peribunt.

2184 5296 2349 5351 Tunc
2380 5292 2621 5364 quidem
2652 5296 2986 5364 peccatores
3027 5293 3327 5365 peribunt.
3363 5290 3427 5348 In
3475 5290 3584 5346 hac
3630 5298 3764 5348 vero

2107 5384 2227 5441 vita
2256 5407 2283 5432 ‹‹
2320 5381 2543 5436 inimici
2580 5380 2832 5447 Domini,
2852 5400 2878 5431 »
2896 5381 2955 5437 id
2978 5386 3087 5451 est,
3100 5377 3217 5454 ipsi
3235 5374 3566 5454 peccatores
3586 5390 3615 5430 «‘
3634 5392 3767 5436 mox

2109 5477 2175 5529 ut
2222 5469 2615 5538 honoriﬁcati,
2654 5493 2680 5518 ››
2728 5469 2787 5525 id
2840 5475 2950 5539 est,
2986 5466 3167 5526 habiti
3199 5471 3260 5525 in
3292 5460 3616 5527 reverentia
3646 5492 3674 5518 «ι
3709 5472 3764 5524 et
3800 5458 3801 5461 “

2110 5558 2344 5617 exaltati
2375 5558 2613 5613 fuerint.
2652 5581 2679 5607 ››
2713 5575 2815 5630 per
2844 5559 3137 5631 potentias
3170 5564 3226 5615 et
3256 5558 3572 5631 dignitates
3604 5582 3631 5606 «
3666 5559 3764 5613 de-

2111 5650 2393 5716 ficientes,
2428 5669 2456 5697 »
2493 5647 2754 5718 assidue,
2788 5652 2846 5703 et
2874 5648 2984 5705 hoc
3016 5652 3105 5705 est
3135 5671 3162 5699 ‹‹
3198 5648 3536 5704 deﬁcientt»
3558 5646 3763 5719 paulas

2112 5738 2221 5794 tim
2252 5736 2409 5792 enim
2436 5735 2740 5800 deﬁciunt,
2755 5735 3003 5792 labendo
3026 5734 3290 5807 qUotidie
3306 5735 3368 5791 in
3388 5735 3661 5809 graviora
3672 5729 3767 5789 de-
