  <div class='ocr_page' id='page_1' title='image "/cluster/home/n/w/nwhite01/storage/ocr_20150623/115-116/uc1.31175006916467/902.png"; bbox 0 0 3914 6410; ppageno 0'>
   <div class='ocr_carea' id='block_1_1' title="bbox 140 472 259 542">
    <p class='ocr_par' dir='ltr' id='par_1_1' title="bbox 140 472 259 542">
     <span class='ocr_line' id='line_1_1' title="bbox 140 472 259 542; baseline 0 -7"><span class='ocrx_word' id='word_1_1' title='bbox 140 472 259 542; x_wconf 66' lang='grc' dir='ltr'>ω</span> 
     </span>
    </p>
   </div>
   <div class='ocr_carea' id='block_1_2' title="bbox 1314 469 2360 532">
    <p class='ocr_par' dir='ltr' id='par_1_2' title="bbox 1314 469 2360 532">
     <span class='ocr_line' id='line_1_2' title="bbox 1314 469 2360 532; baseline -0.003 0"><span class='ocrx_word' id='word_1_2' title='bbox 1314 470 1816 532; x_wconf 81' lang='lat' dir='ltr'>EXPLANATIO</span> <span class='ocrx_word' id='word_1_3' title='bbox 1860 469 1937 529; x_wconf 88' lang='lat' dir='ltr'>IN</span> <span class='ocrx_word' id='word_1_4' title='bbox 1980 470 2360 532; x_wconf 84' lang='lat' dir='ltr'>PSALMOS.</span> 
     </span>
    </p>
   </div>
   <div class='ocr_carea' id='block_1_3' title="bbox 3434 466 3553 532">
    <p class='ocr_par' dir='ltr' id='par_1_3' title="bbox 3434 466 3553 532">
     <span class='ocr_line' id='line_1_3' title="bbox 3434 466 3553 532; baseline -0.008 0"><span class='ocrx_word' id='word_1_5' title='bbox 3434 466 3553 532; x_wconf 60' lang='grc' dir='ltr'>3η</span> 
     </span>
    </p>
   </div>
   <div class='ocr_carea' id='block_1_4' title="bbox 140 568 3554 678">
    <p class='ocr_par' dir='ltr' id='par_1_4' title="bbox 140 568 3554 678">
     <span class='ocr_line' id='line_1_4' title="bbox 140 568 3554 678; baseline 0 -19"><span class='ocrx_word' id='word_1_6' title='bbox 140 603 277 668; x_wconf 59' lang='lat' dir='ltr'>lintei</span> <span class='ocrx_word' id='word_1_7' title='bbox 303 568 862 674; x_wconf 71' lang='lat' dir='ltr'>«quemadmodum</span> <span class='ocrx_word' id='word_1_8' title='bbox 894 603 1116 660; x_wconf 85' lang='lat' dir='ltr'>fumus.</span> <span class='ocrx_word' id='word_1_9' title='bbox 1153 625 1181 659; x_wconf 73' lang='grc' dir='ltr'>ι</span> <span class='ocrx_word' id='word_1_10' title='bbox 1214 604 1380 660; x_wconf 85' lang='lat' dir='ltr'>Sicut</span> <span class='ocrx_word' id='word_1_11' title='bbox 1409 603 1564 659; x_wconf 90' lang='lat' dir='ltr'>enim</span> <span class='ocrx_word' id='word_1_12' title='bbox 1590 603 1791 658; x_wconf 79' lang='lat' dir='ltr'>fumus</span> <span class='ocrx_word' id='word_1_13' title='bbox 1818 603 1877 669; x_wconf 60' lang='grc' dir='ltr'>Α,</span> <span class='ocrx_word' id='word_1_14' title='bbox 1902 602 2333 659; x_wconf 82' lang='lat' dir='ltr'>Antichristi.Si</span> <span class='ocrx_word' id='word_1_15' title='bbox 2369 603 2647 675; x_wconf 81' lang='lat' dir='ltr'>loquatur</span> <span class='ocrx_word' id='word_1_16' title='bbox 2667 621 2822 660; x_wconf 90' lang='lat' dir='ltr'>unus</span> <span class='ocrx_word' id='word_1_17' title='bbox 2845 605 3006 661; x_wconf 91' lang='lat' dir='ltr'>solus</span> <span class='ocrx_word' id='word_1_18' title='bbox 3020 605 3397 678; x_wconf 86' lang='lat' dir='ltr'>justus,dicit</span> <span class='ocrx_word' id='word_1_19' title='bbox 3419 626 3440 655; x_wconf 76' lang='grc' dir='ltr'>ι</span> <span class='ocrx_word' id='word_1_20' title='bbox 3459 605 3554 677; x_wconf 89' lang='lat' dir='ltr'>ju-</span> 
     </span>
    </p>
   </div>
   <div class='ocr_carea' id='block_1_5' title="bbox 141 689 1790 765">
    <p class='ocr_par' dir='ltr' id='par_1_5' title="bbox 141 689 1790 765">
     <span class='ocr_line' id='line_1_5' title="bbox 141 689 1790 765; baseline -0.002 -14"><span class='ocrx_word' id='word_1_21' title='bbox 141 696 353 764; x_wconf 55' lang='lat' dir='ltr'>qeuanto</span> <span class='ocrx_word' id='word_1_22' title='bbox 384 689 563 749; x_wconf 80' lang='lat' dir='ltr'>altius</span> <span class='ocrx_word' id='word_1_23' title='bbox 594 692 878 759; x_wconf 82' lang='lat' dir='ltr'>ascendit,</span> <span class='ocrx_word' id='word_1_24' title='bbox 916 695 1077 747; x_wconf 91' lang='lat' dir='ltr'>tanto</span> <span class='ocrx_word' id='word_1_25' title='bbox 1129 692 1320 765; x_wconf 87' lang='lat' dir='ltr'>magis</span> <span class='ocrx_word' id='word_1_26' title='bbox 1364 696 1702 747; x_wconf 81' lang='lat' dir='ltr'>attenuatur</span> <span class='ocrx_word' id='word_1_27' title='bbox 1732 697 1790 748; x_wconf 91' lang='lat' dir='ltr'>et</span> 
     </span>
    </p>
   </div>
   <div class='ocr_carea' id='block_1_6' title="bbox 140 778 1791 853">
    <p class='ocr_par' dir='ltr' id='par_1_6' title="bbox 140 778 1791 853">
     <span class='ocr_line' id='line_1_6' title="bbox 140 778 1791 853; baseline -0.002 -16"><span class='ocrx_word' id='word_1_28' title='bbox 140 780 330 840; x_wconf 81' lang='lat' dir='ltr'>deﬁcit</span> <span class='ocrx_word' id='word_1_29' title='bbox 360 795 373 837; x_wconf 87' lang='lat'><strong>:</strong></span> <span class='ocrx_word' id='word_1_30' title='bbox 407 778 494 836; x_wconf 89' lang='lat' dir='ltr'>sic</span> <span class='ocrx_word' id='word_1_31' title='bbox 540 779 679 835; x_wconf 91' lang='lat' dir='ltr'>mali</span> <span class='ocrx_word' id='word_1_32' title='bbox 722 784 942 852; x_wconf 87' lang='lat' dir='ltr'>quanto</span> <span class='ocrx_word' id='word_1_33' title='bbox 974 779 1210 836; x_wconf 80' lang='lat' dir='ltr'>altiores</span> <span class='ocrx_word' id='word_1_34' title='bbox 1242 785 1531 853; x_wconf 89' lang='lat' dir='ltr'>occupant</span> <span class='ocrx_word' id='word_1_35' title='bbox 1561 785 1791 836; x_wconf 89' lang='lat' dir='ltr'>senten-</span> 
     </span>
    </p>
   </div>
   <div class='ocr_carea' id='block_1_7' title="bbox 139 867 1790 941">
    <p class='ocr_par' dir='ltr' id='par_1_7' title="bbox 139 867 1790 941">
     <span class='ocr_line' id='line_1_7' title="bbox 139 867 1790 941; baseline 0 -17"><span class='ocrx_word' id='word_1_36' title='bbox 139 868 267 938; x_wconf 89' lang='lat' dir='ltr'>tias,</span> <span class='ocrx_word' id='word_1_37' title='bbox 301 872 465 924; x_wconf 90' lang='lat' dir='ltr'>tanto</span> <span class='ocrx_word' id='word_1_38' title='bbox 496 867 690 941; x_wconf 90' lang='lat' dir='ltr'>magis</span> <span class='ocrx_word' id='word_1_39' title='bbox 721 886 756 923; x_wconf 91' lang='lat' dir='ltr'>a</span> <span class='ocrx_word' id='word_1_40' title='bbox 787 868 940 923; x_wconf 90' lang='lat' dir='ltr'>bono</span> <span class='ocrx_word' id='word_1_41' title='bbox 971 868 1273 924; x_wconf 82' lang='lat' dir='ltr'>deﬁciunt.</span> <span class='ocrx_word' id='word_1_42' title='bbox 1290 869 1397 924; x_wconf 89' lang='lat' dir='ltr'>Per</span> <span class='ocrx_word' id='word_1_43' title='bbox 1417 870 1637 925; x_wconf 87' lang='lat' dir='ltr'>multas</span> <span class='ocrx_word' id='word_1_44' title='bbox 1663 887 1790 941; x_wconf 85' lang='lat' dir='ltr'>par-</span> 
     </span>
    </p>
   </div>
   <div class='ocr_carea' id='block_1_8' title="bbox 139 956 1786 1031">
    <p class='ocr_par' dir='ltr' id='par_1_8' title="bbox 139 956 1786 1031">
     <span class='ocr_line' id='line_1_8' title="bbox 139 956 1786 1031; baseline 0 -16"><span class='ocrx_word' id='word_1_45' title='bbox 139 962 223 1029; x_wconf 82' lang='lat' dir='ltr'>tes</span> <span class='ocrx_word' id='word_1_46' title='bbox 253 957 512 1023; x_wconf 85' lang='lat' dir='ltr'>ostendit</span> <span class='ocrx_word' id='word_1_47' title='bbox 542 958 697 1029; x_wconf 89' lang='lat' dir='ltr'>quod</span> <span class='ocrx_word' id='word_1_48' title='bbox 729 956 938 1014; x_wconf 84' lang='lat' dir='ltr'>melior</span> <span class='ocrx_word' id='word_1_49' title='bbox 966 961 1057 1014; x_wconf 90' lang='lat' dir='ltr'>est</span> <span class='ocrx_word' id='word_1_50' title='bbox 1084 958 1395 1014; x_wconf 89' lang='lat' dir='ltr'>modicitas</span> <span class='ocrx_word' id='word_1_51' title='bbox 1426 958 1575 1030; x_wconf 85' lang='lat' dir='ltr'>justi</span> <span class='ocrx_word' id='word_1_52' title='bbox 1608 975 1786 1031; x_wconf 88' lang='lat' dir='ltr'>quam</span> 
     </span>
    </p>
   </div>
   <div class='ocr_carea' id='block_1_9' title="bbox 137 1046 771 1118">
    <p class='ocr_par' dir='ltr' id='par_1_9' title="bbox 137 1046 771 1118">
     <span class='ocr_line' id='line_1_9' title="bbox 137 1046 771 1118; baseline -0.002 -16"><span class='ocrx_word' id='word_1_53' title='bbox 137 1046 353 1112; x_wconf 55' lang='lat' dir='ltr'>divitia:</span> <span class='ocrx_word' id='word_1_54' title='bbox 376 1050 771 1118; x_wconf 86' lang='lat' dir='ltr'>peccatorum.</span> 
     </span>
    </p>
   </div>
   <div class='ocr_carea' id='block_1_10' title="bbox 204 1134 1834 1209">
    <p class='ocr_par' dir='ltr' id='par_1_10' title="bbox 204 1134 1834 1209">
     <span class='ocr_line' id='line_1_10' title="bbox 204 1134 1834 1209; baseline -0.002 -12"><span class='ocrx_word' id='word_1_55' title='bbox 204 1135 345 1199; x_wconf 68' lang='lat' dir='ltr'>Eeoo</span> <span class='ocrx_word' id='word_1_56' title='bbox 376 1134 544 1207; x_wconf 86' lang='lat' dir='ltr'>ponit</span> <span class='ocrx_word' id='word_1_57' title='bbox 572 1151 813 1192; x_wconf 85' lang='lat' dir='ltr'>causam</span> <span class='ocrx_word' id='word_1_58' title='bbox 863 1151 1043 1208; x_wconf 90' lang='lat' dir='ltr'>quare</span> <span class='ocrx_word' id='word_1_59' title='bbox 1073 1140 1345 1208; x_wconf 82' lang='lat' dir='ltr'>peccator</span> <span class='ocrx_word' id='word_1_60' title='bbox 1375 1136 1609 1192; x_wconf 84' lang='lat' dir='ltr'>deﬁciat</span> <span class='ocrx_word' id='word_1_61' title='bbox 1650 1137 1791 1209; x_wconf 90' lang='lat' dir='ltr'>quia</span> <span class='ocrx_word' id='word_1_62' title='bbox 1831 1192 1834 1196; x_wconf 33' lang='grc' dir='ltr'>λ</span> 
     </span>
    </p>
   </div>
   <div class='ocr_carea' id='block_1_11' title="bbox 141 1223 1786 1295">
    <p class='ocr_par' dir='ltr' id='par_1_11' title="bbox 141 1223 1786 1295">
     <span class='ocr_line' id='line_1_11' title="bbox 141 1223 1786 1295; baseline 0 -15"><span class='ocrx_word' id='word_1_63' title='bbox 141 1246 169 1287; x_wconf 68' lang='grc' dir='ltr'><strong>ςς</strong></span> <span class='ocrx_word' id='word_1_64' title='bbox 197 1223 525 1289; x_wconf 76' lang='lat' dir='ltr'>mutabitur</span> <span class='ocrx_word' id='word_1_65' title='bbox 554 1227 826 1295; x_wconf 78' lang='lat' dir='ltr'>peccator</span> <span class='ocrx_word' id='word_1_66' title='bbox 857 1246 886 1275; x_wconf 89' lang='lat'><strong>»</strong></span> <span class='ocrx_word' id='word_1_67' title='bbox 919 1241 955 1280; x_wconf 91' lang='lat' dir='ltr'>a</span> <span class='ocrx_word' id='word_1_68' title='bbox 983 1224 1100 1280; x_wconf 93' lang='lat' dir='ltr'>Deo</span> <span class='ocrx_word' id='word_1_69' title='bbox 1125 1246 1153 1275; x_wconf 90' lang='grc'><em>‹‹</em></span> <span class='ocrx_word' id='word_1_70' title='bbox 1186 1229 1244 1281; x_wconf 93' lang='lat' dir='ltr'>et</span> <span class='ocrx_word' id='word_1_71' title='bbox 1272 1242 1389 1281; x_wconf 91' lang='lat' dir='ltr'>non</span> <span class='ocrx_word' id='word_1_72' title='bbox 1424 1225 1623 1281; x_wconf 84' lang='lat' dir='ltr'>solvet.</span> <span class='ocrx_word' id='word_1_73' title='bbox 1658 1226 1786 1280; x_wconf 88' lang='lat' dir='ltr'>Mu-</span> 
     </span>
    </p>
   </div>
   <div class='ocr_carea' id='block_1_12' title="bbox 136 1312 1790 1387">
    <p class='ocr_par' dir='ltr' id='par_1_12' title="bbox 136 1312 1790 1387">
     <span class='ocr_line' id='line_1_12' title="bbox 136 1312 1790 1387; baseline 0 -18"><span class='ocrx_word' id='word_1_74' title='bbox 136 1318 367 1377; x_wconf 79' lang='lat' dir='ltr'>tuamur</span> <span class='ocrx_word' id='word_1_75' title='bbox 398 1312 638 1385; x_wconf 86' lang='lat' dir='ltr'>quidem</span> <span class='ocrx_word' id='word_1_76' title='bbox 658 1328 693 1368; x_wconf 91' lang='lat' dir='ltr'>a</span> <span class='ocrx_word' id='word_1_77' title='bbox 712 1313 830 1370; x_wconf 91' lang='lat' dir='ltr'>Deo</span> <span class='ocrx_word' id='word_1_78' title='bbox 850 1313 1142 1386; x_wconf 78' lang='lat' dir='ltr'>quidquid</span> <span class='ocrx_word' id='word_1_79' title='bbox 1173 1314 1617 1387; x_wconf 67' lang='lat' dir='ltr'>habemus,quie</span> <span class='ocrx_word' id='word_1_80' title='bbox 1638 1315 1790 1371; x_wconf 89' lang='lat' dir='ltr'>bene</span> 
     </span>
    </p>
   </div>
   <div class='ocr_carea' id='block_1_13' title="bbox 136 1401 1791 1476">
    <p class='ocr_par' dir='ltr' id='par_1_13' title="bbox 136 1401 1791 1476">
     <span class='ocr_line' id='line_1_13' title="bbox 136 1401 1791 1476; baseline 0.001 -18"><span class='ocrx_word' id='word_1_81' title='bbox 136 1401 304 1459; x_wconf 83' lang='lat' dir='ltr'>solvit</span> <span class='ocrx_word' id='word_1_82' title='bbox 350 1401 454 1474; x_wconf 88' lang='lat' dir='ltr'>qui</span> <span class='ocrx_word' id='word_1_83' title='bbox 504 1403 577 1457; x_wconf 85' lang='lat' dir='ltr'>ad</span> <span class='ocrx_word' id='word_1_84' title='bbox 623 1401 733 1457; x_wconf 92' lang='lat' dir='ltr'>hoc</span> <span class='ocrx_word' id='word_1_85' title='bbox 780 1402 969 1458; x_wconf 82' lang='lat' dir='ltr'>utitur</span> <span class='ocrx_word' id='word_1_86' title='bbox 1013 1402 1183 1460; x_wconf 90' lang='lat' dir='ltr'>donis</span> <span class='ocrx_word' id='word_1_87' title='bbox 1213 1404 1337 1472; x_wconf 89' lang='lat' dir='ltr'>Dei,</span> <span class='ocrx_word' id='word_1_88' title='bbox 1371 1405 1444 1459; x_wconf 89' lang='lat' dir='ltr'>ad</span> <span class='ocrx_word' id='word_1_89' title='bbox 1475 1421 1603 1476; x_wconf 70' lang='lat' dir='ltr'>qua:</span> <span class='ocrx_word' id='word_1_90' title='bbox 1635 1404 1791 1460; x_wconf 85' lang='lat' dir='ltr'>Deus</span> 
     </span>
    </p>
   </div>
   <div class='ocr_carea' id='block_1_14' title="bbox 135 1490 1788 1565">
    <p class='ocr_par' dir='ltr' id='par_1_14' title="bbox 135 1490 1788 1565">
     <span class='ocr_line' id='line_1_14' title="bbox 135 1490 1788 1565; baseline 0.001 -19"><span class='ocrx_word' id='word_1_91' title='bbox 135 1490 392 1549; x_wconf 72' lang='lat' dir='ltr'>instituit</span> <span class='ocrx_word' id='word_1_92' title='bbox 425 1507 439 1546; x_wconf 91' lang='lat'><strong>:</strong></span> <span class='ocrx_word' id='word_1_93' title='bbox 472 1495 539 1549; x_wconf 86' lang='lat' dir='ltr'>ut</span> <span class='ocrx_word' id='word_1_94' title='bbox 568 1490 618 1549; x_wconf 91' lang='lat' dir='ltr'>si</span> <span class='ocrx_word' id='word_1_95' title='bbox 649 1491 864 1547; x_wconf 90' lang='lat' dir='ltr'>habeat</span> <span class='ocrx_word' id='word_1_96' title='bbox 892 1490 1151 1558; x_wconf 84' lang='lat' dir='ltr'>divitias,</span> <span class='ocrx_word' id='word_1_97' title='bbox 1181 1492 1479 1565; x_wconf 85' lang='lat' dir='ltr'>dispenset</span> <span class='ocrx_word' id='word_1_98' title='bbox 1516 1510 1615 1549; x_wconf 87' lang='lat' dir='ltr'>eas</span> <span class='ocrx_word' id='word_1_99' title='bbox 1645 1509 1788 1565; x_wconf 88' lang='lat' dir='ltr'>pau-</span> 
     </span>
    </p>
   </div>
   <div class='ocr_carea' id='block_1_15' title="bbox 134 1579 1789 1654">
    <p class='ocr_par' dir='ltr' id='par_1_15' title="bbox 134 1579 1789 1654">
     <span class='ocr_line' id='line_1_15' title="bbox 134 1579 1789 1654; baseline -0.001 -15"><span class='ocrx_word' id='word_1_100' title='bbox 134 1580 390 1653; x_wconf 77' lang='lat' dir='ltr'>peribus,</span> <span class='ocrx_word' id='word_1_101' title='bbox 423 1583 480 1641; x_wconf 83' lang='lat' dir='ltr'>et</span> <span class='ocrx_word' id='word_1_102' title='bbox 505 1579 567 1636; x_wconf 89' lang='lat' dir='ltr'>in</span> <span class='ocrx_word' id='word_1_103' title='bbox 599 1580 823 1636; x_wconf 65' lang='lat' dir='ltr'>caeteris</span> <span class='ocrx_word' id='word_1_104' title='bbox 854 1580 1023 1636; x_wconf 90' lang='lat' dir='ltr'>donis</span> <span class='ocrx_word' id='word_1_105' title='bbox 1046 1580 1357 1637; x_wconf 87' lang='lat' dir='ltr'>similiter:</span> <span class='ocrx_word' id='word_1_106' title='bbox 1382 1586 1652 1654; x_wconf 81' lang='lat' dir='ltr'>peccator</span> <span class='ocrx_word' id='word_1_107' title='bbox 1670 1599 1789 1638; x_wconf 92' lang='lat' dir='ltr'>non</span> 
     </span>
    </p>
   </div>
   <div class='ocr_carea' id='block_1_16' title="bbox 136 1668 1789 1741">
    <p class='ocr_par' dir='ltr' id='par_1_16' title="bbox 136 1668 1789 1741">
     <span class='ocr_line' id='line_1_16' title="bbox 136 1668 1789 1741; baseline 0.001 -16"><span class='ocrx_word' id='word_1_108' title='bbox 136 1668 321 1737; x_wconf 79' lang='lat' dir='ltr'>solvit,</span> <span class='ocrx_word' id='word_1_109' title='bbox 348 1670 555 1741; x_wconf 89' lang='lat' dir='ltr'>justus</span> <span class='ocrx_word' id='word_1_110' title='bbox 585 1673 782 1727; x_wconf 87' lang='lat' dir='ltr'>autem</span> <span class='ocrx_word' id='word_1_111' title='bbox 815 1669 963 1725; x_wconf 88' lang='lat' dir='ltr'>bene</span> <span class='ocrx_word' id='word_1_112' title='bbox 992 1669 1182 1733; x_wconf 83' lang='lat' dir='ltr'>solvit.</span> <span class='ocrx_word' id='word_1_113' title='bbox 1217 1670 1441 1725; x_wconf 86' lang='lat' dir='ltr'>scilicet</span> <span class='ocrx_word' id='word_1_114' title='bbox 1473 1692 1502 1721; x_wconf 82' lang='lat'><strong>«</strong></span> <span class='ocrx_word' id='word_1_115' title='bbox 1542 1671 1789 1727; x_wconf 86' lang='lat' dir='ltr'>misere-</span> 
     </span>
    </p>
   </div>
   <div class='ocr_carea' id='block_1_17' title="bbox 136 1756 1787 1831">
    <p class='ocr_par' dir='ltr' id='par_1_17' title="bbox 136 1756 1787 1831">
     <span class='ocr_line' id='line_1_17' title="bbox 136 1756 1787 1831; baseline -0.001 -14"><span class='ocrx_word' id='word_1_116' title='bbox 136 1761 250 1826; x_wconf 80' lang='lat' dir='ltr'>tur,</span> <span class='ocrx_word' id='word_1_117' title='bbox 286 1780 314 1809; x_wconf 85' lang='grc'><em>‹‹</em></span> <span class='ocrx_word' id='word_1_118' title='bbox 344 1756 407 1813; x_wconf 91' lang='lat' dir='ltr'>id</span> <span class='ocrx_word' id='word_1_119' title='bbox 438 1762 547 1825; x_wconf 91' lang='lat' dir='ltr'>est,</span> <span class='ocrx_word' id='word_1_120' title='bbox 582 1757 681 1830; x_wconf 90' lang='lat' dir='ltr'>pia</span> <span class='ocrx_word' id='word_1_121' title='bbox 709 1758 1012 1814; x_wconf 77' lang='lat' dir='ltr'>aﬂ‘ectione</span> <span class='ocrx_word' id='word_1_122' title='bbox 1042 1776 1181 1831; x_wconf 88' lang='lat' dir='ltr'>erga</span> <span class='ocrx_word' id='word_1_123' title='bbox 1209 1759 1458 1816; x_wconf 83' lang='lat' dir='ltr'>afﬂictos</span> <span class='ocrx_word' id='word_1_124' title='bbox 1500 1764 1787 1827; x_wconf 87' lang='lat' dir='ltr'>movetur,</span> 
     </span>
    </p>
   </div>
   <div class='ocr_carea' id='block_1_18' title="bbox 135 1845 1790 1920">
    <p class='ocr_par' dir='ltr' id='par_1_18' title="bbox 135 1845 1790 1920">
     <span class='ocr_line' id='line_1_18' title="bbox 135 1845 1790 1920; baseline -0.002 -13"><span class='ocrx_word' id='word_1_125' title='bbox 135 1847 288 1919; x_wconf 84' lang='lat' dir='ltr'>quod</span> <span class='ocrx_word' id='word_1_126' title='bbox 319 1845 527 1920; x_wconf 84' lang='lat' dir='ltr'>utique</span> <span class='ocrx_word' id='word_1_127' title='bbox 556 1846 703 1906; x_wconf 88' lang='lat' dir='ltr'>satis</span> <span class='ocrx_word' id='word_1_128' title='bbox 734 1846 818 1902; x_wconf 91' lang='lat' dir='ltr'>illi</span> <span class='ocrx_word' id='word_1_129' title='bbox 850 1851 960 1914; x_wconf 87' lang='lat' dir='ltr'>est,</span> <span class='ocrx_word' id='word_1_130' title='bbox 993 1847 1095 1920; x_wconf 89' lang='lat' dir='ltr'>qui</span> <span class='ocrx_word' id='word_1_131' title='bbox 1128 1865 1243 1903; x_wconf 89' lang='lat' dir='ltr'>non</span> <span class='ocrx_word' id='word_1_132' title='bbox 1275 1848 1451 1904; x_wconf 82' lang='lat' dir='ltr'>habet</span> <span class='ocrx_word' id='word_1_133' title='bbox 1482 1850 1638 1920; x_wconf 92' lang='lat' dir='ltr'>quod</span> <span class='ocrx_word' id='word_1_134' title='bbox 1686 1849 1790 1904; x_wconf 91' lang='lat' dir='ltr'>tri-</span> 
     </span>
    </p>
   </div>
   <div class='ocr_carea' id='block_1_19' title="bbox 1897 691 3551 768">
    <p class='ocr_par' dir='ltr' id='par_1_19' title="bbox 1897 691 3551 768">
     <span class='ocr_line' id='line_1_19' title="bbox 1897 691 3551 768; baseline 0.003 -22"><span class='ocrx_word' id='word_1_135' title='bbox 1897 691 2028 747; x_wconf 90' lang='lat' dir='ltr'>nior</span> <span class='ocrx_word' id='word_1_136' title='bbox 2057 691 2162 763; x_wconf 86' lang='lat' dir='ltr'>fui,</span> <span class='ocrx_word' id='word_1_137' title='bbox 2195 714 2222 743; x_wconf 87' lang='grc'><strong>››</strong></span> <span class='ocrx_word' id='word_1_138' title='bbox 2258 693 2314 747; x_wconf 86' lang='lat' dir='ltr'>id</span> <span class='ocrx_word' id='word_1_139' title='bbox 2348 698 2457 760; x_wconf 84' lang='lat' dir='ltr'>est,</span> <span class='ocrx_word' id='word_1_140' title='bbox 2506 693 2717 749; x_wconf 87' lang='lat' dir='ltr'>similis</span> <span class='ocrx_word' id='word_1_141' title='bbox 2769 712 2902 749; x_wconf 90' lang='lat' dir='ltr'>sum</span> <span class='ocrx_word' id='word_1_142' title='bbox 2953 695 3070 751; x_wconf 89' lang='lat' dir='ltr'>illis</span> <span class='ocrx_word' id='word_1_143' title='bbox 3119 694 3327 768; x_wconf 87' lang='lat' dir='ltr'>primis</span> <span class='ocrx_word' id='word_1_144' title='bbox 3365 695 3551 766; x_wconf 88' lang='lat' dir='ltr'>justis</span> 
     </span>
    </p>
   </div>
   <div class='ocr_carea' id='block_1_20' title="bbox 1901 780 3550 854">
    <p class='ocr_par' dir='ltr' id='par_1_20' title="bbox 1901 780 3550 854">
     <span class='ocr_line' id='line_1_20' title="bbox 1901 780 3550 854; baseline 0.002 -18"><span class='ocrx_word' id='word_1_145' title='bbox 1901 802 1930 830; x_wconf 88' lang='grc'>‹‹</span> <span class='ocrx_word' id='word_1_146' title='bbox 1960 786 2017 836; x_wconf 91' lang='lat' dir='ltr'>et</span> <span class='ocrx_word' id='word_1_147' title='bbox 2048 782 2286 849; x_wconf 81' lang='lat' dir='ltr'>senui,»</span> <span class='ocrx_word' id='word_1_148' title='bbox 2320 780 2378 837; x_wconf 92' lang='lat' dir='ltr'>id</span> <span class='ocrx_word' id='word_1_149' title='bbox 2410 786 2500 838; x_wconf 83' lang='lat' dir='ltr'>est</span> <span class='ocrx_word' id='word_1_150' title='bbox 2530 782 2740 839; x_wconf 89' lang='lat' dir='ltr'>similis</span> <span class='ocrx_word' id='word_1_151' title='bbox 2771 800 2903 839; x_wconf 88' lang='lat' dir='ltr'>sum</span> <span class='ocrx_word' id='word_1_152' title='bbox 2938 784 3056 840; x_wconf 90' lang='lat' dir='ltr'>illis</span> <span class='ocrx_word' id='word_1_153' title='bbox 3087 783 3426 840; x_wconf 89' lang='lat' dir='ltr'>novissimis</span> <span class='ocrx_word' id='word_1_154' title='bbox 3450 784 3550 854; x_wconf 90' lang='lat' dir='ltr'>ju-</span> 
     </span>
    </p>
   </div>
   <div class='ocr_carea' id='block_1_21' title="bbox 1898 869 3553 945">
    <p class='ocr_par' dir='ltr' id='par_1_21' title="bbox 1898 869 3553 945">
     <span class='ocr_line' id='line_1_21' title="bbox 1898 869 3553 945; baseline 0.002 -21"><span class='ocrx_word' id='word_1_155' title='bbox 1898 870 2026 937; x_wconf 90' lang='lat' dir='ltr'>stis,</span> <span class='ocrx_word' id='word_1_156' title='bbox 2060 869 2121 925; x_wconf 91' lang='lat' dir='ltr'>in</span> <span class='ocrx_word' id='word_1_157' title='bbox 2155 887 2407 942; x_wconf 89' lang='lat' dir='ltr'>quorum</span> <span class='ocrx_word' id='word_1_158' title='bbox 2438 876 2701 944; x_wconf 87' lang='lat' dir='ltr'>tempore</span> <span class='ocrx_word' id='word_1_159' title='bbox 2731 872 2840 928; x_wconf 83' lang='lat' dir='ltr'>erit</span> <span class='ocrx_word' id='word_1_160' title='bbox 2862 872 3098 945; x_wconf 88' lang='lat' dir='ltr'>justitia</span> <span class='ocrx_word' id='word_1_161' title='bbox 3145 872 3206 927; x_wconf 93' lang='lat' dir='ltr'>in</span> <span class='ocrx_word' id='word_1_162' title='bbox 3256 872 3553 944; x_wconf 87' lang='lat' dir='ltr'>decrepita</span> 
     </span>
    </p>
   </div>
   <div class='ocr_carea' id='block_1_22' title="bbox 1899 959 3551 1034">
    <p class='ocr_par' dir='ltr' id='par_1_22' title="bbox 1899 959 3551 1034">
     <span class='ocr_line' id='line_1_22' title="bbox 1899 959 3551 1034; baseline 0.002 -21"><span class='ocrx_word' id='word_1_163' title='bbox 1899 962 2065 1014; x_wconf 65' lang='lat' dir='ltr'>estate</span> <span class='ocrx_word' id='word_1_164' title='bbox 2100 976 2112 1014; x_wconf 92' lang='lat'>:</span> <span class='ocrx_word' id='word_1_165' title='bbox 2148 976 2263 1015; x_wconf 91' lang='lat' dir='ltr'>non</span> <span class='ocrx_word' id='word_1_166' title='bbox 2297 959 2453 1031; x_wconf 89' lang='lat' dir='ltr'>quod</span> <span class='ocrx_word' id='word_1_167' title='bbox 2476 960 2623 1032; x_wconf 86' lang='lat' dir='ltr'>justi</span> <span class='ocrx_word' id='word_1_168' title='bbox 2656 961 2951 1030; x_wconf 84' lang='lat' dir='ltr'>deﬁciant,</span> <span class='ocrx_word' id='word_1_169' title='bbox 2987 962 3087 1017; x_wconf 88' lang='lat' dir='ltr'>sed</span> <span class='ocrx_word' id='word_1_170' title='bbox 3120 961 3181 1016; x_wconf 91' lang='lat' dir='ltr'>in</span> <span class='ocrx_word' id='word_1_171' title='bbox 3212 960 3417 1016; x_wconf 87' lang='lat' dir='ltr'>multis</span> <span class='ocrx_word' id='word_1_172' title='bbox 3447 961 3551 1034; x_wconf 86' lang='lat' dir='ltr'>qui</span> 
     </span>
    </p>
   </div>
   <div class='ocr_carea' id='block_1_23' title="bbox 1890 1047 3551 1121">
    <p class='ocr_par' dir='ltr' id='par_1_23' title="bbox 1890 1047 3551 1121">
     <span class='ocr_line' id='line_1_23' title="bbox 1890 1047 3551 1121; baseline 0.003 -20"><span class='ocrx_word' id='word_1_173' title='bbox 1890 1047 2040 1118; x_wconf 87' lang='lat' dir='ltr'>justi</span> <span class='ocrx_word' id='word_1_174' title='bbox 2089 1047 2441 1103; x_wconf 90' lang='lat' dir='ltr'>videbantur</span> <span class='ocrx_word' id='word_1_175' title='bbox 2488 1049 2751 1121; x_wconf 86' lang='lat' dir='ltr'>frigescit</span> <span class='ocrx_word' id='word_1_176' title='bbox 2798 1049 3077 1106; x_wconf 88' lang='lat' dir='ltr'>charitas.</span> <span class='ocrx_word' id='word_1_177' title='bbox 3122 1048 3215 1105; x_wconf 91' lang='lat' dir='ltr'>Sic</span> <span class='ocrx_word' id='word_1_178' title='bbox 3265 1066 3328 1105; x_wconf 92' lang='lat' dir='ltr'>se</span> <span class='ocrx_word' id='word_1_179' title='bbox 3386 1065 3551 1106; x_wconf 46' lang='lat' dir='ltr'>eom‘</span> 
     </span>
    </p>
   </div>
   <div class='ocr_carea' id='block_1_24' title="bbox 1898 1135 3551 1207">
    <p class='ocr_par' dir='ltr' id='par_1_24' title="bbox 1898 1135 3551 1207">
     <span class='ocr_line' id='line_1_24' title="bbox 1898 1135 3551 1207; baseline 0.002 -17"><span class='ocrx_word' id='word_1_180' title='bbox 1898 1140 2067 1207; x_wconf 87' lang='lat' dir='ltr'>parat</span> <span class='ocrx_word' id='word_1_181' title='bbox 2095 1136 2407 1207; x_wconf 85' lang='lat' dir='ltr'>Apostolus</span> <span class='ocrx_word' id='word_1_182' title='bbox 2454 1135 2569 1191; x_wconf 92' lang='lat' dir='ltr'>illis</span> <span class='ocrx_word' id='word_1_183' title='bbox 2618 1138 2975 1205; x_wconf 88' lang='lat' dir='ltr'>novissimis,</span> <span class='ocrx_word' id='word_1_184' title='bbox 3009 1137 3109 1193; x_wconf 91' lang='lat' dir='ltr'>ubi</span> <span class='ocrx_word' id='word_1_185' title='bbox 3140 1138 3284 1194; x_wconf 88' lang='lat' dir='ltr'>dicit</span> <span class='ocrx_word' id='word_1_186' title='bbox 3314 1154 3328 1192; x_wconf 85' lang='lat'><strong>:</strong></span> <span class='ocrx_word' id='word_1_187' title='bbox 3365 1158 3395 1188; x_wconf 83' lang='lat'><strong>«</strong></span> <span class='ocrx_word' id='word_1_188' title='bbox 3433 1137 3551 1193; x_wconf 88' lang='lat' dir='ltr'>Nos</span> 
     </span>
    </p>
   </div>
   <div class='ocr_carea' id='block_1_25' title="bbox 1900 1223 3550 1300">
    <p class='ocr_par' dir='ltr' id='par_1_25' title="bbox 1900 1223 3550 1300">
     <span class='ocr_line' id='line_1_25' title="bbox 1900 1223 3550 1300; baseline 0.001 -21"><span class='ocrx_word' id='word_1_189' title='bbox 1900 1224 2000 1295; x_wconf 91' lang='lat' dir='ltr'>qui</span> <span class='ocrx_word' id='word_1_190' title='bbox 2029 1223 2408 1297; x_wconf 89' lang='lat' dir='ltr'>vivimus,qui</span> <span class='ocrx_word' id='word_1_191' title='bbox 2440 1226 2660 1281; x_wconf 88' lang='lat' dir='ltr'>residui</span> <span class='ocrx_word' id='word_1_192' title='bbox 2692 1243 2922 1296; x_wconf 89' lang='lat' dir='ltr'>sumus,</span> <span class='ocrx_word' id='word_1_193' title='bbox 2956 1227 3257 1300; x_wconf 89' lang='lat' dir='ltr'>rapiemur</span> <span class='ocrx_word' id='word_1_194' title='bbox 3285 1226 3345 1281; x_wconf 91' lang='lat' dir='ltr'>in</span> <span class='ocrx_word' id='word_1_195' title='bbox 3377 1225 3550 1282; x_wconf 90' lang='lat' dir='ltr'>nubi-</span> 
     </span>
    </p>
   </div>
   <div class='ocr_carea' id='block_1_26' title="bbox 1899 1313 3553 1387">
    <p class='ocr_par' dir='ltr' id='par_1_26' title="bbox 1899 1313 3553 1387">
     <span class='ocr_line' id='line_1_26' title="bbox 1899 1313 3553 1387; baseline 0.002 -19"><span class='ocrx_word' id='word_1_196' title='bbox 1899 1313 2014 1368; x_wconf 87' lang='lat' dir='ltr'>bus</span> <span class='ocrx_word' id='word_1_197' title='bbox 2036 1313 2265 1369; x_wconf 84' lang='lat' dir='ltr'>obviam</span> <span class='ocrx_word' id='word_1_198' title='bbox 2289 1314 2520 1370; x_wconf 90' lang='lat' dir='ltr'>Christo</span> <span class='ocrx_word' id='word_1_199' title='bbox 2541 1314 2601 1369; x_wconf 93' lang='lat' dir='ltr'>in</span> <span class='ocrx_word' id='word_1_200' title='bbox 2626 1315 2809 1387; x_wconf 87' lang='lat' dir='ltr'>aera(I</span> <span class='ocrx_word' id='word_1_201' title='bbox 2838 1317 2878 1370; x_wconf 87' lang='lat' dir='ltr'><strong><em>T</em></strong></span> <span class='ocrx_word' id='word_1_202' title='bbox 2876 1315 3307 1384; x_wconf 78' lang='lat' dir='ltr'>hess.iv).»Dico</span> <span class='ocrx_word' id='word_1_203' title='bbox 3315 1313 3553 1387; x_wconf 81' lang='lat' dir='ltr'>juvenis</span> 
     </span>
    </p>
   </div>
   <div class='ocr_carea' id='block_1_27' title="bbox 1901 1402 3556 1476">
    <p class='ocr_par' dir='ltr' id='par_1_27' title="bbox 1901 1402 3556 1476">
     <span class='ocr_line' id='line_1_27' title="bbox 1901 1402 3556 1476; baseline 0.002 -19"><span class='ocrx_word' id='word_1_204' title='bbox 1901 1402 1983 1457; x_wconf 85' lang='lat' dir='ltr'>fui</span> <span class='ocrx_word' id='word_1_205' title='bbox 2013 1406 2072 1458; x_wconf 90' lang='lat' dir='ltr'>et</span> <span class='ocrx_word' id='word_1_206' title='bbox 2097 1403 2391 1471; x_wconf 77' lang='lat' dir='ltr'>senui,«et</span> <span class='ocrx_word' id='word_1_207' title='bbox 2420 1402 2481 1459; x_wconf 90' lang='lat' dir='ltr'>in</span> <span class='ocrx_word' id='word_1_208' title='bbox 2514 1403 2677 1459; x_wconf 90' lang='lat' dir='ltr'>nullo</span> <span class='ocrx_word' id='word_1_209' title='bbox 2709 1408 2970 1476; x_wconf 90' lang='lat' dir='ltr'>tempore</span> <span class='ocrx_word' id='word_1_210' title='bbox 2996 1403 3114 1459; x_wconf 91' lang='lat' dir='ltr'>vidi</span> <span class='ocrx_word' id='word_1_211' title='bbox 3137 1406 3372 1476; x_wconf 88' lang='lat' dir='ltr'>justum</span> <span class='ocrx_word' id='word_1_212' title='bbox 3395 1405 3556 1460; x_wconf 88' lang='lat' dir='ltr'>dere-</span> 
     </span>
    </p>
   </div>
   <div class='ocr_carea' id='block_1_28' title="bbox 1899 1489 3555 1564">
    <p class='ocr_par' dir='ltr' id='par_1_28' title="bbox 1899 1489 3555 1564">
     <span class='ocr_line' id='line_1_28' title="bbox 1899 1489 3555 1564; baseline 0.002 -19"><span class='ocrx_word' id='word_1_213' title='bbox 1899 1489 2106 1546; x_wconf 90' lang='lat' dir='ltr'>lictum</span> <span class='ocrx_word' id='word_1_214' title='bbox 2140 1514 2168 1543; x_wconf 89' lang='lat'><strong>»</strong></span> <span class='ocrx_word' id='word_1_215' title='bbox 2219 1509 2251 1547; x_wconf 88' lang='lat' dir='ltr'>a</span> <span class='ocrx_word' id='word_1_216' title='bbox 2299 1492 2568 1560; x_wconf 92' lang='lat' dir='ltr'>Domino,</span> <span class='ocrx_word' id='word_1_217' title='bbox 2623 1492 2763 1564; x_wconf 90' lang='lat' dir='ltr'>quin</span> <span class='ocrx_word' id='word_1_218' title='bbox 2813 1493 3103 1548; x_wconf 83' lang='lat' dir='ltr'>conferret</span> <span class='ocrx_word' id='word_1_219' title='bbox 3158 1492 3207 1548; x_wconf 90' lang='lat' dir='ltr'>ei</span> <span class='ocrx_word' id='word_1_220' title='bbox 3268 1492 3555 1549; x_wconf 88' lang='lat' dir='ltr'>Dominus</span> 
     </span>
    </p>
   </div>
   <div class='ocr_carea' id='block_1_29' title="bbox 1901 1578 3556 1654">
    <p class='ocr_par' dir='ltr' id='par_1_29' title="bbox 1901 1578 3556 1654">
     <span class='ocr_line' id='line_1_29' title="bbox 1901 1578 3556 1654; baseline 0.001 -19"><span class='ocrx_word' id='word_1_221' title='bbox 1901 1578 2205 1652; x_wconf 88' lang='lat' dir='ltr'>spirituale</span> <span class='ocrx_word' id='word_1_222' title='bbox 2255 1580 2540 1636; x_wconf 81' lang='lat' dir='ltr'>auxilium</span> <span class='ocrx_word' id='word_1_223' title='bbox 2575 1597 2589 1636; x_wconf 90' lang='lat'><strong>:</strong></span> <span class='ocrx_word' id='word_1_224' title='bbox 2629 1602 2657 1631; x_wconf 88' lang='grc'>‹‹</span> <span class='ocrx_word' id='word_1_225' title='bbox 2688 1598 2790 1636; x_wconf 87' lang='lat' dir='ltr'>nec</span> <span class='ocrx_word' id='word_1_226' title='bbox 2824 1597 3049 1651; x_wconf 88' lang='lat' dir='ltr'>semen,</span> <span class='ocrx_word' id='word_1_227' title='bbox 3081 1604 3111 1632; x_wconf 85' lang='lat'>»</span> <span class='ocrx_word' id='word_1_228' title='bbox 3145 1580 3204 1635; x_wconf 91' lang='lat' dir='ltr'>id</span> <span class='ocrx_word' id='word_1_229' title='bbox 3234 1585 3343 1649; x_wconf 91' lang='lat' dir='ltr'>est,</span> <span class='ocrx_word' id='word_1_230' title='bbox 3376 1596 3556 1654; x_wconf 87' lang='lat' dir='ltr'>opera</span> 
     </span>
    </p>
   </div>
   <div class='ocr_carea' id='block_1_30' title="bbox 1904 1669 3551 1741">
    <p class='ocr_par' dir='ltr' id='par_1_30' title="bbox 1904 1669 3551 1741">
     <span class='ocr_line' id='line_1_30' title="bbox 1904 1669 3551 1741; baseline 0 -17"><span class='ocrx_word' id='word_1_231' title='bbox 1904 1690 1932 1720; x_wconf 85' lang='lat'><strong>«</strong></span> <span class='ocrx_word' id='word_1_232' title='bbox 1963 1670 2112 1741; x_wconf 89' lang='lat' dir='ltr'>ejus,</span> <span class='ocrx_word' id='word_1_233' title='bbox 2148 1691 2213 1722; x_wconf 78' lang='grc' dir='ltr'>»α</span> <span class='ocrx_word' id='word_1_234' title='bbox 2244 1686 2513 1741; x_wconf 67' lang='lat' dir='ltr'>quaerens</span> <span class='ocrx_word' id='word_1_235' title='bbox 2547 1687 2814 1741; x_wconf 81' lang='lat' dir='ltr'>panem,»</span> <span class='ocrx_word' id='word_1_236' title='bbox 2849 1670 2906 1725; x_wconf 90' lang='lat' dir='ltr'>id</span> <span class='ocrx_word' id='word_1_237' title='bbox 2941 1674 3048 1736; x_wconf 90' lang='lat' dir='ltr'>est,</span> <span class='ocrx_word' id='word_1_238' title='bbox 3081 1669 3356 1741; x_wconf 85' lang='lat' dir='ltr'>indigens</span> <span class='ocrx_word' id='word_1_239' title='bbox 3381 1684 3551 1741; x_wconf 88' lang='lat' dir='ltr'>pane,</span> 
     </span>
    </p>
   </div>
   <div class='ocr_carea' id='block_1_31' title="bbox 1901 1757 3555 1829">
    <p class='ocr_par' dir='ltr' id='par_1_31' title="bbox 1901 1757 3555 1829">
     <span class='ocr_line' id='line_1_31' title="bbox 1901 1757 3555 1829; baseline -0.001 -16"><span class='ocrx_word' id='word_1_240' title='bbox 1901 1757 2118 1813; x_wconf 91' lang='lat' dir='ltr'>scilicei</span> <span class='ocrx_word' id='word_1_241' title='bbox 2150 1757 2400 1829; x_wconf 83' lang='lat' dir='ltr'>spiritali</span> <span class='ocrx_word' id='word_1_242' title='bbox 2431 1758 2837 1813; x_wconf 78' lang='lat' dir='ltr'>vivificatione.</span> <span class='ocrx_word' id='word_1_243' title='bbox 2869 1758 3138 1814; x_wconf 88' lang='lat' dir='ltr'>Custodit</span> <span class='ocrx_word' id='word_1_244' title='bbox 3166 1757 3324 1813; x_wconf 89' lang='lat' dir='ltr'>enim</span> <span class='ocrx_word' id='word_1_245' title='bbox 3355 1757 3555 1813; x_wconf 89' lang='lat' dir='ltr'>Domi-</span> 
     </span>
    </p>
   </div>
   <div class='ocr_carea' id='block_1_32' title="bbox 1904 1845 3555 1919">
    <p class='ocr_par' dir='ltr' id='par_1_32' title="bbox 1904 1845 3555 1919">
     <span class='ocr_line' id='line_1_32' title="bbox 1904 1845 3555 1919; baseline -0.001 -16"><span class='ocrx_word' id='word_1_246' title='bbox 1904 1864 2016 1903; x_wconf 89' lang='lat' dir='ltr'>nus</span> <span class='ocrx_word' id='word_1_247' title='bbox 2047 1847 2249 1902; x_wconf 79' lang='lat' dir='ltr'>ﬁdeles</span> <span class='ocrx_word' id='word_1_248' title='bbox 2280 1862 2443 1919; x_wconf 87' lang='lat' dir='ltr'>suos,</span> <span class='ocrx_word' id='word_1_249' title='bbox 2475 1852 2534 1903; x_wconf 89' lang='lat' dir='ltr'>et</span> <span class='ocrx_word' id='word_1_250' title='bbox 2581 1864 2784 1902; x_wconf 92' lang='lat' dir='ltr'>eorum</span> <span class='ocrx_word' id='word_1_251' title='bbox 2833 1864 3011 1918; x_wconf 83' lang='lat' dir='ltr'>opera</span> <span class='ocrx_word' id='word_1_252' title='bbox 3046 1847 3321 1915; x_wconf 84' lang='lat' dir='ltr'>viviﬁcat,</span> <span class='ocrx_word' id='word_1_253' title='bbox 3355 1850 3413 1901; x_wconf 91' lang='lat' dir='ltr'>et</span> <span class='ocrx_word' id='word_1_254' title='bbox 3440 1845 3555 1902; x_wconf 86' lang='lat' dir='ltr'>sibi</span> 
     </span>
    </p>
   </div>
   <div class='ocr_carea' id='block_1_33' title="bbox 132 1935 2321 2036">
    <p class='ocr_par' dir='ltr' id='par_1_33' title="bbox 132 1935 2321 2036">
     <span class='ocr_line' id='line_1_33' title="bbox 132 1935 2321 2036; baseline -0.003 -39"><span class='ocrx_word' id='word_1_255' title='bbox 132 1935 294 1997; x_wconf 74' lang='lat' dir='ltr'>bunt.</span> <span class='ocrx_word' id='word_1_256' title='bbox 326 1937 540 1993; x_wconf 82' lang='lat' dir='ltr'>Justus</span> <span class='ocrx_word' id='word_1_257' title='bbox 571 1940 768 1993; x_wconf 88' lang='lat' dir='ltr'>autem</span> <span class='ocrx_word' id='word_1_258' title='bbox 801 1936 1209 1992; x_wconf 78' lang='lat' dir='ltr'>misereturuet</span> <span class='ocrx_word' id='word_1_259' title='bbox 1238 1936 1417 1992; x_wconf 90' lang='lat' dir='ltr'>etiam</span> <span class='ocrx_word' id='word_1_260' title='bbox 1448 1937 1785 2007; x_wconf 80' lang='lat' dir='ltr'>retribuet,»</span> <span class='ocrx_word' id='word_1_261' title='bbox 1821 1969 1875 2036; x_wconf 76' lang='grc' dir='ltr'><strong>Β</strong></span> <span class='ocrx_word' id='word_1_262' title='bbox 1902 1936 2132 2008; x_wconf 90' lang='lat' dir='ltr'>placere</span> <span class='ocrx_word' id='word_1_263' title='bbox 2161 1936 2321 1991; x_wconf 86' lang='lat' dir='ltr'>facit.</span> 
     </span>
    </p>
   </div>
   <div class='ocr_carea' id='block_1_34' title="bbox 137 2024 593 2097">
    <p class='ocr_par' dir='ltr' id='par_1_34' title="bbox 137 2024 593 2097">
     <span class='ocr_line' id='line_1_34' title="bbox 137 2024 593 2097; baseline -0.018 -9"><span class='ocrx_word' id='word_1_264' title='bbox 137 2024 188 2088; x_wconf 69' lang='lat' dir='ltr'>Si</span> <span class='ocrx_word' id='word_1_265' title='bbox 217 2025 362 2097; x_wconf 84' lang='lat' dir='ltr'>quid</span> <span class='ocrx_word' id='word_1_266' title='bbox 396 2024 593 2083; x_wconf 81' lang='lat' dir='ltr'>habet.</span> 
     </span>
    </p>
   </div>
   <div class='ocr_carea' id='block_1_35' title="bbox 208 2112 1790 2187">
    <p class='ocr_par' dir='ltr' id='par_1_35' title="bbox 208 2112 1790 2187">
     <span class='ocr_line' id='line_1_35' title="bbox 208 2112 1790 2187; baseline -0.001 -15"><span class='ocrx_word' id='word_1_267' title='bbox 208 2112 344 2175; x_wconf 79' lang='lat' dir='ltr'>Ideo</span> <span class='ocrx_word' id='word_1_268' title='bbox 372 2114 690 2175; x_wconf 89' lang='lat' dir='ltr'>miseretur</span> <span class='ocrx_word' id='word_1_269' title='bbox 717 2115 776 2169; x_wconf 90' lang='lat' dir='ltr'>et</span> <span class='ocrx_word' id='word_1_270' title='bbox 802 2113 980 2169; x_wconf 88' lang='lat' dir='ltr'>etiam</span> <span class='ocrx_word' id='word_1_271' title='bbox 1013 2113 1352 2183; x_wconf 42' lang='lat' dir='ltr'>retribuet”</span> <span class='ocrx_word' id='word_1_272' title='bbox 1378 2116 1659 2187; x_wconf 88' lang='lat' dir='ltr'>quoniam</span> <span class='ocrx_word' id='word_1_273' title='bbox 1686 2115 1790 2171; x_wconf 90' lang='lat' dir='ltr'>be-</span> 
     </span>
    </p>
   </div>
   <div class='ocr_carea' id='block_1_36' title="bbox 139 2200 1790 2276">
    <p class='ocr_par' dir='ltr' id='par_1_36' title="bbox 139 2200 1790 2276">
     <span class='ocr_line' id='line_1_36' title="bbox 139 2200 1790 2276; baseline 0 -17"><span class='ocrx_word' id='word_1_274' title='bbox 139 2202 482 2267; x_wconf 79' lang='lat' dir='ltr'>nedicentes</span> <span class='ocrx_word' id='word_1_275' title='bbox 510 2200 584 2269; x_wconf 85' lang='lat' dir='ltr'>ei,</span> <span class='ocrx_word' id='word_1_276' title='bbox 617 2222 647 2253; x_wconf 80' lang='lat'><strong>»</strong></span> <span class='ocrx_word' id='word_1_277' title='bbox 680 2224 711 2254; x_wconf 77' lang='grc' dir='ltr'>ιι</span> <span class='ocrx_word' id='word_1_278' title='bbox 738 2200 1006 2270; x_wconf 91' lang='lat' dir='ltr'>Domino,</span> <span class='ocrx_word' id='word_1_279' title='bbox 1040 2201 1099 2259; x_wconf 90' lang='lat' dir='ltr'>id</span> <span class='ocrx_word' id='word_1_280' title='bbox 1130 2206 1240 2271; x_wconf 89' lang='lat' dir='ltr'>est,</span> <span class='ocrx_word' id='word_1_281' title='bbox 1275 2202 1494 2275; x_wconf 86' lang='lat' dir='ltr'>gratias</span> <span class='ocrx_word' id='word_1_282' title='bbox 1530 2208 1790 2276; x_wconf 81' lang='lat' dir='ltr'>agentes,</span> 
     </span>
    </p>
   </div>
   <div class='ocr_carea' id='block_1_37' title="bbox 138 2290 1795 2363">
    <p class='ocr_par' dir='ltr' id='par_1_37' title="bbox 138 2290 1795 2363">
     <span class='ocr_line' id='line_1_37' title="bbox 138 2290 1795 2363; baseline -0.001 -14"><span class='ocrx_word' id='word_1_283' title='bbox 138 2290 433 2353; x_wconf 80' lang='lat' dir='ltr'>solventes</span> <span class='ocrx_word' id='word_1_284' title='bbox 461 2307 530 2349; x_wconf 88' lang='lat' dir='ltr'>ea</span> <span class='ocrx_word' id='word_1_285' title='bbox 557 2306 688 2363; x_wconf 62' lang='lat' dir='ltr'>quae</span> <span class='ocrx_word' id='word_1_286' title='bbox 717 2308 752 2348; x_wconf 92' lang='lat' dir='ltr'>a</span> <span class='ocrx_word' id='word_1_287' title='bbox 781 2290 1029 2347; x_wconf 92' lang='lat' dir='ltr'>Domino</span> <span class='ocrx_word' id='word_1_288' title='bbox 1061 2293 1316 2347; x_wconf 90' lang='lat' dir='ltr'>mutuati</span> <span class='ocrx_word' id='word_1_289' title='bbox 1344 2297 1513 2348; x_wconf 90' lang='lat' dir='ltr'>erant</span> <span class='ocrx_word' id='word_1_290' title='bbox 1536 2310 1588 2348; x_wconf 71' lang='grc' dir='ltr'>ια</span> <span class='ocrx_word' id='word_1_291' title='bbox 1620 2292 1795 2348; x_wconf 85' lang='lat' dir='ltr'>haere-</span> 
     </span>
    </p>
   </div>
   <div class='ocr_carea' id='block_1_38' title="bbox 140 2380 1798 2450">
    <p class='ocr_par' dir='ltr' id='par_1_38' title="bbox 140 2380 1798 2450">
     <span class='ocr_line' id='line_1_38' title="bbox 140 2380 1798 2450; baseline 0.001 -15"><span class='ocrx_word' id='word_1_292' title='bbox 140 2380 421 2437; x_wconf 85' lang='lat' dir='ltr'>ditabunt</span> <span class='ocrx_word' id='word_1_293' title='bbox 445 2384 685 2450; x_wconf 92' lang='lat' dir='ltr'>terram,</span> <span class='ocrx_word' id='word_1_294' title='bbox 725 2402 747 2431; x_wconf 70' lang='grc' dir='ltr'><strong>ι</strong></span> <span class='ocrx_word' id='word_1_295' title='bbox 782 2380 1102 2436; x_wconf 87' lang='lat' dir='ltr'>viventium</span> <span class='ocrx_word' id='word_1_296' title='bbox 1138 2398 1151 2437; x_wconf 92' lang='lat'><strong>:</strong></span> <span class='ocrx_word' id='word_1_297' title='bbox 1193 2404 1214 2430; x_wconf 76' lang='grc' dir='ltr'>ι</span> <span class='ocrx_word' id='word_1_298' title='bbox 1252 2380 1668 2437; x_wconf 89' lang='lat' dir='ltr'>maledicentes</span> <span class='ocrx_word' id='word_1_299' title='bbox 1699 2398 1798 2436; x_wconf 90' lang='lat' dir='ltr'>au-</span> 
     </span>
    </p>
   </div>
   <div class='ocr_carea' id='block_1_39' title="bbox 129 2468 1795 2543">
    <p class='ocr_par' dir='ltr' id='par_1_39' title="bbox 129 2468 1795 2543">
     <span class='ocr_line' id='line_1_39' title="bbox 129 2468 1795 2543; baseline 0.002 -20"><span class='ocrx_word' id='word_1_300' title='bbox 129 2471 265 2541; x_wconf 84' lang='lat' dir='ltr'>tem,</span> <span class='ocrx_word' id='word_1_301' title='bbox 299 2490 329 2525; x_wconf 73' lang='grc' dir='ltr'><strong>η</strong></span> <span class='ocrx_word' id='word_1_302' title='bbox 362 2468 428 2534; x_wconf 81' lang='lat' dir='ltr'>id,</span> <span class='ocrx_word' id='word_1_303' title='bbox 456 2472 557 2529; x_wconf 79' lang='lat' dir='ltr'>est.</span> <span class='ocrx_word' id='word_1_304' title='bbox 581 2485 699 2526; x_wconf 92' lang='lat' dir='ltr'>non</span> <span class='ocrx_word' id='word_1_305' title='bbox 737 2474 979 2542; x_wconf 86' lang='lat' dir='ltr'>agentes</span> <span class='ocrx_word' id='word_1_306' title='bbox 1010 2468 1095 2525; x_wconf 92' lang='lat' dir='ltr'>illi</span> <span class='ocrx_word' id='word_1_307' title='bbox 1127 2469 1375 2526; x_wconf 91' lang='lat' dir='ltr'>Domino</span> <span class='ocrx_word' id='word_1_308' title='bbox 1406 2470 1616 2542; x_wconf 86' lang='lat' dir='ltr'>dignas</span> <span class='ocrx_word' id='word_1_309' title='bbox 1662 2487 1795 2543; x_wconf 84' lang='lat' dir='ltr'>gra-</span> 
     </span>
    </p>
   </div>
   <div class='ocr_carea' id='block_1_40' title="bbox 127 2555 1542 2630">
    <p class='ocr_par' dir='ltr' id='par_1_40' title="bbox 127 2555 1542 2630">
     <span class='ocr_line' id='line_1_40' title="bbox 127 2555 1542 2630; baseline -0.002 -18"><span class='ocrx_word' id='word_1_310' title='bbox 127 2555 240 2623; x_wconf 85' lang='lat' dir='ltr'>tias</span> <span class='ocrx_word' id='word_1_311' title='bbox 270 2558 344 2621; x_wconf 88' lang='lat' dir='ltr'>de</span> <span class='ocrx_word' id='word_1_312' title='bbox 372 2557 631 2629; x_wconf 84' lang='lat' dir='ltr'>acceptis</span> <span class='ocrx_word' id='word_1_313' title='bbox 662 2557 1010 2613; x_wconf 86' lang='lat' dir='ltr'>muneribus</span> <span class='ocrx_word' id='word_1_314' title='bbox 1038 2579 1066 2609; x_wconf 79' lang='grc'><strong>‹‹</strong></span> <span class='ocrx_word' id='word_1_315' title='bbox 1098 2557 1488 2630; x_wconf 91' lang='lat' dir='ltr'>disperibunt.</span> <span class='ocrx_word' id='word_1_316' title='bbox 1514 2580 1542 2609; x_wconf 85' lang='lat'><strong><em>»</em></strong></span> 
     </span>
    </p>
   </div>
   <div class='ocr_carea' id='block_1_41' title="bbox 205 2645 1794 2719">
    <p class='ocr_par' dir='ltr' id='par_1_41' title="bbox 205 2645 1794 2719">
     <span class='ocr_line' id='line_1_41' title="bbox 205 2645 1794 2719; baseline -0.001 -15"><span class='ocrx_word' id='word_1_317' title='bbox 205 2647 363 2704; x_wconf 89' lang='lat' dir='ltr'>Bene</span> <span class='ocrx_word' id='word_1_318' title='bbox 393 2646 547 2714; x_wconf 88' lang='lat' dir='ltr'>dico,</span> <span class='ocrx_word' id='word_1_319' title='bbox 570 2646 726 2719; x_wconf 89' lang='lat' dir='ltr'>quod</span> <span class='ocrx_word' id='word_1_320' title='bbox 750 2646 901 2718; x_wconf 87' lang='lat' dir='ltr'>justi</span> <span class='ocrx_word' id='word_1_321' title='bbox 932 2645 1366 2703; x_wconf 65' lang='lat' dir='ltr'>haereditabunt</span> <span class='ocrx_word' id='word_1_322' title='bbox 1383 2648 1794 2719; x_wconf 89' lang='lat' dir='ltr'>terram,quod</span> 
     </span>
    </p>
   </div>
   <div class='ocr_carea' id='block_1_42' title="bbox 139 2734 1802 2808">
    <p class='ocr_par' dir='ltr' id='par_1_42' title="bbox 139 2734 1802 2808">
     <span class='ocr_line' id='line_1_42' title="bbox 139 2734 1802 2808; baseline -0.001 -16"><span class='ocrx_word' id='word_1_323' title='bbox 139 2737 224 2793; x_wconf 88' lang='lat' dir='ltr'>eis</span> <span class='ocrx_word' id='word_1_324' title='bbox 272 2752 385 2808; x_wconf 89' lang='lat' dir='ltr'>per</span> <span class='ocrx_word' id='word_1_325' title='bbox 432 2734 542 2792; x_wconf 92' lang='lat' dir='ltr'>hoc</span> <span class='ocrx_word' id='word_1_326' title='bbox 584 2735 830 2803; x_wconf 87' lang='lat' dir='ltr'>eveniet,</span> <span class='ocrx_word' id='word_1_327' title='bbox 880 2735 1023 2808; x_wconf 84' lang='lat' dir='ltr'>quia</span> <span class='ocrx_word' id='word_1_328' title='bbox 1065 2752 1100 2792; x_wconf 87' lang='lat' dir='ltr'>a</span> <span class='ocrx_word' id='word_1_329' title='bbox 1147 2735 1396 2793; x_wconf 92' lang='lat' dir='ltr'>Domino</span> <span class='ocrx_word' id='word_1_330' title='bbox 1461 2736 1802 2808; x_wconf 85' lang='lat' dir='ltr'>diriguntur</span> 
     </span>
    </p>
   </div>
   <div class='ocr_carea' id='block_1_43' title="bbox 141 2822 1799 2897">
    <p class='ocr_par' dir='ltr' id='par_1_43' title="bbox 141 2822 1799 2897">
     <span class='ocr_line' id='line_1_43' title="bbox 141 2822 1799 2897; baseline -0.002 -15"><span class='ocrx_word' id='word_1_331' title='bbox 141 2842 320 2894; x_wconf 83' lang='lat' dir='ltr'>opera</span> <span class='ocrx_word' id='word_1_332' title='bbox 350 2840 558 2881; x_wconf 87' lang='lat' dir='ltr'>eorum</span> <span class='ocrx_word' id='word_1_333' title='bbox 609 2840 624 2880; x_wconf 84' lang='lat'><strong>:</strong></span> <span class='ocrx_word' id='word_1_334' title='bbox 676 2824 787 2880; x_wconf 93' lang='lat' dir='ltr'>hoc</span> <span class='ocrx_word' id='word_1_335' title='bbox 837 2822 981 2879; x_wconf 87' lang='lat' dir='ltr'>dicit</span> <span class='ocrx_word' id='word_1_336' title='bbox 1011 2840 1024 2878; x_wconf 90' lang='lat'><strong>:</strong></span> <span class='ocrx_word' id='word_1_337' title='bbox 1062 2844 1091 2875; x_wconf 88' lang='grc'>‹‹</span> <span class='ocrx_word' id='word_1_338' title='bbox 1120 2841 1382 2897; x_wconf 85' lang='lat' dir='ltr'>gressus,</span> <span class='ocrx_word' id='word_1_339' title='bbox 1415 2846 1444 2875; x_wconf 87' lang='lat'><strong>»</strong></span> <span class='ocrx_word' id='word_1_340' title='bbox 1477 2825 1536 2880; x_wconf 94' lang='lat' dir='ltr'>id</span> <span class='ocrx_word' id='word_1_341' title='bbox 1566 2829 1675 2892; x_wconf 90' lang='lat' dir='ltr'>est,</span> <span class='ocrx_word' id='word_1_342' title='bbox 1709 2824 1799 2880; x_wconf 82' lang='lat' dir='ltr'>af-</span> 
     </span>
    </p>
   </div>
   <div class='ocr_carea' id='block_1_44' title="bbox 135 2911 1800 2985">
    <p class='ocr_par' dir='ltr' id='par_1_44' title="bbox 135 2911 1800 2985">
     <span class='ocr_line' id='line_1_44' title="bbox 135 2911 1800 2985; baseline -0.001 -16"><span class='ocrx_word' id='word_1_343' title='bbox 135 2912 425 2979; x_wconf 80' lang='lat' dir='ltr'>fectiones</span> <span class='ocrx_word' id='word_1_344' title='bbox 453 2916 513 2971; x_wconf 90' lang='lat' dir='ltr'>et</span> <span class='ocrx_word' id='word_1_345' title='bbox 539 2928 717 2985; x_wconf 85' lang='lat' dir='ltr'>opera</span> <span class='ocrx_word' id='word_1_346' title='bbox 745 2933 773 2963; x_wconf 85' lang='grc'>‹‹</span> <span class='ocrx_word' id='word_1_347' title='bbox 805 2911 1065 2968; x_wconf 91' lang='lat' dir='ltr'>hominis</span> <span class='ocrx_word' id='word_1_348' title='bbox 1095 2934 1123 2963; x_wconf 84' lang='lat'>»</span> <span class='ocrx_word' id='word_1_349' title='bbox 1148 2912 1298 2971; x_wconf 87' lang='lat' dir='ltr'>bene</span> <span class='ocrx_word' id='word_1_350' title='bbox 1326 2912 1550 2968; x_wconf 89' lang='lat' dir='ltr'>ratione</span> <span class='ocrx_word' id='word_1_351' title='bbox 1578 2911 1800 2968; x_wconf 87' lang='lat' dir='ltr'>utentis</span> 
     </span>
    </p>
   </div>
   <div class='ocr_carea' id='block_1_45' title="bbox 140 2998 1802 3075">
    <p class='ocr_par' dir='ltr' id='par_1_45' title="bbox 140 2998 1802 3075">
     <span class='ocr_line' id='line_1_45' title="bbox 140 2998 1802 3075; baseline -0.001 -18"><span class='ocrx_word' id='word_1_352' title='bbox 140 3023 167 3051; x_wconf 88' lang='grc'>‹‹</span> <span class='ocrx_word' id='word_1_353' title='bbox 198 3001 569 3075; x_wconf 79' lang='lat' dir='ltr'>diriguntur,</span> <span class='ocrx_word' id='word_1_354' title='bbox 602 3022 632 3051; x_wconf 82' lang='lat'><strong>»</strong></span> <span class='ocrx_word' id='word_1_355' title='bbox 663 3000 724 3055; x_wconf 92' lang='lat' dir='ltr'>id</span> <span class='ocrx_word' id='word_1_356' title='bbox 756 3002 866 3069; x_wconf 88' lang='lat' dir='ltr'>est,</span> <span class='ocrx_word' id='word_1_357' title='bbox 896 2998 1038 3055; x_wconf 90' lang='lat' dir='ltr'>recti</span> <span class='ocrx_word' id='word_1_358' title='bbox 1070 2999 1486 3057; x_wconf 71' lang='lat' dir='ltr'>inveniuntum</span> <span class='ocrx_word' id='word_1_359' title='bbox 1518 3001 1673 3072; x_wconf 90' lang='lat' dir='ltr'>apud</span> <span class='ocrx_word' id='word_1_360' title='bbox 1696 3001 1802 3055; x_wconf 86' lang='lat' dir='ltr'>Do-</span> 
     </span>
    </p>
   </div>
   <div class='ocr_carea' id='block_1_46' title="bbox 141 3087 1799 3160">
    <p class='ocr_par' dir='ltr' id='par_1_46' title="bbox 141 3087 1799 3160">
     <span class='ocr_line' id='line_1_46' title="bbox 141 3087 1799 3160; baseline -0.004 -10"><span class='ocrx_word' id='word_1_361' title='bbox 141 3090 407 3157; x_wconf 85' lang='lat' dir='ltr'>minum,</span> <span class='ocrx_word' id='word_1_362' title='bbox 431 3110 460 3139; x_wconf 80' lang='lat'><strong>»</strong></span> <span class='ocrx_word' id='word_1_363' title='bbox 495 3087 555 3144; x_wconf 92' lang='lat' dir='ltr'>id</span> <span class='ocrx_word' id='word_1_364' title='bbox 587 3091 698 3157; x_wconf 91' lang='lat' dir='ltr'>est,</span> <span class='ocrx_word' id='word_1_365' title='bbox 729 3088 790 3144; x_wconf 91' lang='lat' dir='ltr'>in</span> <span class='ocrx_word' id='word_1_366' title='bbox 821 3087 1207 3160; x_wconf 87' lang='lat' dir='ltr'>dispositione</span> <span class='ocrx_word' id='word_1_367' title='bbox 1253 3087 1487 3144; x_wconf 90' lang='lat' dir='ltr'>Domini</span> <span class='ocrx_word' id='word_1_368' title='bbox 1519 3105 1532 3144; x_wconf 89' lang='lat'><strong>:</strong></span> <span class='ocrx_word' id='word_1_369' title='bbox 1567 3089 1720 3144; x_wconf 91' lang='lat' dir='ltr'>sicut</span> <span class='ocrx_word' id='word_1_370' title='bbox 1750 3089 1799 3143; x_wconf 91' lang='lat' dir='ltr'>si</span> 
     </span>
    </p>
   </div>
   <div class='ocr_carea' id='block_1_47' title="bbox 136 3175 1803 3250">
    <p class='ocr_par' dir='ltr' id='par_1_47' title="bbox 136 3175 1803 3250">
     <span class='ocr_line' id='line_1_47' title="bbox 136 3175 1803 3250; baseline -0.002 -14"><span class='ocrx_word' id='word_1_371' title='bbox 136 3178 440 3247; x_wconf 74' lang='lat' dir='ltr'>diceretur</span> <span class='ocrx_word' id='word_1_372' title='bbox 467 3177 538 3233; x_wconf 93' lang='lat' dir='ltr'>de</span> <span class='ocrx_word' id='word_1_373' title='bbox 568 3175 765 3250; x_wconf 81' lang='lat' dir='ltr'>aliquo</span> <span class='ocrx_word' id='word_1_374' title='bbox 795 3176 1185 3250; x_wconf 88' lang='lat' dir='ltr'>potentes,qui</span> <span class='ocrx_word' id='word_1_375' title='bbox 1211 3177 1357 3234; x_wconf 89' lang='lat' dir='ltr'>bene</span> <span class='ocrx_word' id='word_1_376' title='bbox 1378 3177 1712 3250; x_wconf 87' lang='lat' dir='ltr'>disponeret</span> <span class='ocrx_word' id='word_1_377' title='bbox 1732 3178 1803 3232; x_wconf 91' lang='lat' dir='ltr'>de</span> 
     </span>
    </p>
   </div>
   <div class='ocr_carea' id='block_1_48' title="bbox 138 3265 1801 3341">
    <p class='ocr_par' dir='ltr' id='par_1_48' title="bbox 138 3265 1801 3341">
     <span class='ocr_line' id='line_1_48' title="bbox 138 3265 1801 3341; baseline -0.002 -16"><span class='ocrx_word' id='word_1_378' title='bbox 138 3267 340 3341; x_wconf 78' lang='lat' dir='ltr'>aliquo</span> <span class='ocrx_word' id='word_1_379' title='bbox 372 3266 533 3339; x_wconf 86' lang='lat' dir='ltr'>apud</span> <span class='ocrx_word' id='word_1_380' title='bbox 565 3282 699 3323; x_wconf 90' lang='lat' dir='ltr'>eum</span> <span class='ocrx_word' id='word_1_381' title='bbox 718 3266 871 3325; x_wconf 78' lang='lat' dir='ltr'>bene,</span> <span class='ocrx_word' id='word_1_382' title='bbox 884 3281 1064 3339; x_wconf 87' lang='lat' dir='ltr'>opera</span> <span class='ocrx_word' id='word_1_383' title='bbox 1082 3265 1271 3339; x_wconf 89' lang='lat' dir='ltr'>ipsius</span> <span class='ocrx_word' id='word_1_384' title='bbox 1293 3265 1665 3339; x_wconf 80' lang='lat' dir='ltr'>diriguntur:</span> <span class='ocrx_word' id='word_1_385' title='bbox 1689 3266 1801 3322; x_wconf 91' lang='lat' dir='ltr'>Do-</span> 
     </span>
    </p>
   </div>
   <div class='ocr_carea' id='block_1_49' title="bbox 1972 2023 3556 2098">
    <p class='ocr_par' dir='ltr' id='par_1_49' title="bbox 1972 2023 3556 2098">
     <span class='ocr_line' id='line_1_49' title="bbox 1972 2023 3556 2098; baseline -0.001 -18"><span class='ocrx_word' id='word_1_386' title='bbox 1972 2025 2109 2081; x_wconf 91' lang='lat' dir='ltr'>Ideo</span> <span class='ocrx_word' id='word_1_387' title='bbox 2140 2025 2295 2081; x_wconf 89' lang='lat' dir='ltr'>Deus</span> <span class='ocrx_word' id='word_1_388' title='bbox 2317 2042 2432 2081; x_wconf 89' lang='lat' dir='ltr'>non</span> <span class='ocrx_word' id='word_1_389' title='bbox 2455 2024 2811 2098; x_wconf 91' lang='lat' dir='ltr'>derelinquit</span> <span class='ocrx_word' id='word_1_390' title='bbox 2833 2027 3068 2097; x_wconf 91' lang='lat' dir='ltr'>justum</span> <span class='ocrx_word' id='word_1_391' title='bbox 3100 2023 3447 2097; x_wconf 89' lang='lat' dir='ltr'>suum,quia</span> <span class='ocrx_word' id='word_1_392' title='bbox 3474 2026 3556 2079; x_wconf 87' lang='lat' dir='ltr'>ta-</span> 
     </span>
    </p>
   </div>
   <div class='ocr_carea' id='block_1_50' title="bbox 1898 2113 3554 2187">
    <p class='ocr_par' dir='ltr' id='par_1_50' title="bbox 1898 2113 3554 2187">
     <span class='ocr_line' id='line_1_50' title="bbox 1898 2113 3554 2187; baseline 0 -18"><span class='ocrx_word' id='word_1_393' title='bbox 1898 2114 2014 2170; x_wconf 89' lang='lat' dir='ltr'>lem</span> <span class='ocrx_word' id='word_1_394' title='bbox 2048 2130 2110 2171; x_wconf 91' lang='lat' dir='ltr'>se</span> <span class='ocrx_word' id='word_1_395' title='bbox 2140 2114 2372 2171; x_wconf 85' lang='lat' dir='ltr'>exhibet</span> <span class='ocrx_word' id='word_1_396' title='bbox 2403 2131 2580 2187; x_wconf 90' lang='lat' dir='ltr'>quem</span> <span class='ocrx_word' id='word_1_397' title='bbox 2612 2114 2899 2170; x_wconf 90' lang='lat' dir='ltr'>Dominus</span> <span class='ocrx_word' id='word_1_398' title='bbox 2930 2115 3108 2187; x_wconf 89' lang='lat' dir='ltr'>digne</span> <span class='ocrx_word' id='word_1_399' title='bbox 3137 2113 3426 2186; x_wconf 89' lang='lat' dir='ltr'>respicere</span> <span class='ocrx_word' id='word_1_400' title='bbox 3455 2114 3554 2169; x_wconf 86' lang='lat' dir='ltr'>de-</span> 
     </span>
    </p>
   </div>
   <div class='ocr_carea' id='block_1_51' title="bbox 1900 2203 3552 2273">
    <p class='ocr_par' dir='ltr' id='par_1_51' title="bbox 1900 2203 3552 2273">
     <span class='ocr_line' id='line_1_51' title="bbox 1900 2203 3552 2273; baseline -0.005 -13"><span class='ocrx_word' id='word_1_401' title='bbox 1900 2204 2452 2272; x_wconf 83' lang='lat' dir='ltr'>beat,seilicet«tota</span> <span class='ocrx_word' id='word_1_402' title='bbox 2483 2204 2627 2273; x_wconf 71' lang='lat' dir='ltr'>die,»</span> <span class='ocrx_word' id='word_1_403' title='bbox 2650 2204 2706 2259; x_wconf 87' lang='lat' dir='ltr'>id</span> <span class='ocrx_word' id='word_1_404' title='bbox 2734 2208 2825 2260; x_wconf 88' lang='lat' dir='ltr'>est</span> <span class='ocrx_word' id='word_1_405' title='bbox 2855 2204 3108 2260; x_wconf 64' lang='lat' dir='ltr'>assidua:</span> <span class='ocrx_word' id='word_1_406' title='bbox 3143 2225 3171 2254; x_wconf 85' lang='lat'><strong>«</strong></span> <span class='ocrx_word' id='word_1_407' title='bbox 3202 2203 3552 2259; x_wconf 80' lang='lat' dir='ltr'>miseretur»</span> 
     </span>
    </p>
   </div>
   <div class='ocr_carea' id='block_1_52' title="bbox 1901 2290 3571 2365">
    <p class='ocr_par' dir='ltr' id='par_1_52' title="bbox 1901 2290 3571 2365">
     <span class='ocr_line' id='line_1_52' title="bbox 1901 2290 3571 2365; baseline -0.001 -18"><span class='ocrx_word' id='word_1_408' title='bbox 1901 2294 1999 2365; x_wconf 89' lang='lat' dir='ltr'>pia</span> <span class='ocrx_word' id='word_1_409' title='bbox 2028 2293 2355 2363; x_wconf 69' lang='lat' dir='ltr'>affectione,</span> <span class='ocrx_word' id='word_1_410' title='bbox 2383 2313 2405 2343; x_wconf 75' lang='grc' dir='ltr'>ι</span> <span class='ocrx_word' id='word_1_411' title='bbox 2439 2297 2514 2361; x_wconf 90' lang='lat' dir='ltr'>et,</span> <span class='ocrx_word' id='word_1_412' title='bbox 2547 2315 2575 2343; x_wconf 87' lang='lat'>»</span> <span class='ocrx_word' id='word_1_413' title='bbox 2601 2292 2651 2349; x_wconf 91' lang='lat' dir='ltr'>si</span> <span class='ocrx_word' id='word_1_414' title='bbox 2682 2293 2820 2365; x_wconf 85' lang='lat' dir='ltr'>quid</span> <span class='ocrx_word' id='word_1_415' title='bbox 2854 2293 3067 2348; x_wconf 86' lang='lat' dir='ltr'>habet«</span> <span class='ocrx_word' id='word_1_416' title='bbox 3099 2290 3571 2362; x_wconf 52' lang='lat' dir='ltr'>commodat,»id»</span> 
     </span>
    </p>
   </div>
   <div class='ocr_carea' id='block_1_53' title="bbox 1902 2379 3558 2453">
    <p class='ocr_par' dir='ltr' id='par_1_53' title="bbox 1902 2379 3558 2453">
     <span class='ocr_line' id='line_1_53' title="bbox 1902 2379 3558 2453; baseline -0.001 -17"><span class='ocrx_word' id='word_1_417' title='bbox 1902 2386 1992 2437; x_wconf 88' lang='lat' dir='ltr'>est</span> <span class='ocrx_word' id='word_1_418' title='bbox 2020 2382 2229 2437; x_wconf 90' lang='lat' dir='ltr'>tribuit</span> <span class='ocrx_word' id='word_1_419' title='bbox 2251 2382 2658 2438; x_wconf 89' lang='lat' dir='ltr'>necessitatem</span> <span class='ocrx_word' id='word_1_420' title='bbox 2683 2380 3305 2453; x_wconf 88' lang='lat' dir='ltr'>patienti.Commodat</span> <span class='ocrx_word' id='word_1_421' title='bbox 3323 2379 3558 2453; x_wconf 87' lang='lat' dir='ltr'>proprie</span> 
     </span>
    </p>
   </div>
   <div class='ocr_carea' id='block_1_54' title="bbox 1903 2469 3561 2543">
    <p class='ocr_par' dir='ltr' id='par_1_54' title="bbox 1903 2469 3561 2543">
     <span class='ocr_line' id='line_1_54' title="bbox 1903 2469 3561 2543; baseline -0.001 -17"><span class='ocrx_word' id='word_1_422' title='bbox 1903 2471 2067 2537; x_wconf 89' lang='lat' dir='ltr'>dicit,</span> <span class='ocrx_word' id='word_1_423' title='bbox 2090 2472 2232 2543; x_wconf 88' lang='lat' dir='ltr'>quia</span> <span class='ocrx_word' id='word_1_424' title='bbox 2261 2472 2362 2543; x_wconf 93' lang='lat' dir='ltr'>qui</span> <span class='ocrx_word' id='word_1_425' title='bbox 2393 2470 2840 2542; x_wconf 89' lang='lat' dir='ltr'>dispensat,sibi</span> <span class='ocrx_word' id='word_1_426' title='bbox 2872 2469 3034 2525; x_wconf 88' lang='lat' dir='ltr'>reddi</span> <span class='ocrx_word' id='word_1_427' title='bbox 3063 2472 3503 2540; x_wconf 85' lang='lat' dir='ltr'>exspectat,non</span> <span class='ocrx_word' id='word_1_428' title='bbox 3526 2484 3561 2524; x_wconf 74' lang='grc' dir='ltr'>α</span> 
     </span>
    </p>
   </div>
   <div class='ocr_carea' id='block_1_55' title="bbox 1904 2558 3563 2633">
    <p class='ocr_par' dir='ltr' id='par_1_55' title="bbox 1904 2558 3563 2633">
     <span class='ocr_line' id='line_1_55' title="bbox 1904 2558 3563 2633; baseline -0.003 -17"><span class='ocrx_word' id='word_1_429' title='bbox 1904 2561 2298 2633; x_wconf 87' lang='lat' dir='ltr'>paupere,sed</span> <span class='ocrx_word' id='word_1_430' title='bbox 2330 2577 2365 2615; x_wconf 92' lang='lat' dir='ltr'>a</span> <span class='ocrx_word' id='word_1_431' title='bbox 2393 2559 2640 2615; x_wconf 91' lang='lat' dir='ltr'>Domino</span> <span class='ocrx_word' id='word_1_432' title='bbox 2674 2577 2687 2615; x_wconf 91' lang='lat'><strong>:</strong></span> <span class='ocrx_word' id='word_1_433' title='bbox 2722 2563 2780 2615; x_wconf 91' lang='lat' dir='ltr'>et</span> <span class='ocrx_word' id='word_1_434' title='bbox 2806 2559 2951 2631; x_wconf 92' lang='lat' dir='ltr'>quia</span> <span class='ocrx_word' id='word_1_435' title='bbox 2972 2559 3179 2631; x_wconf 91' lang='lat' dir='ltr'>justus</span> <span class='ocrx_word' id='word_1_436' title='bbox 3207 2558 3289 2614; x_wconf 91' lang='lat' dir='ltr'>ita</span> <span class='ocrx_word' id='word_1_437' title='bbox 3308 2573 3563 2613; x_wconf 86' lang='lat' dir='ltr'>commo-</span> 
     </span>
    </p>
   </div>
   <div class='ocr_carea' id='block_1_56' title="bbox 1905 2645 3577 2719">
    <p class='ocr_par' dir='ltr' id='par_1_56' title="bbox 1905 2645 3577 2719">
     <span class='ocr_line' id='line_1_56' title="bbox 1905 2645 3577 2719; baseline -0.003 -15"><span class='ocrx_word' id='word_1_438' title='bbox 1905 2651 2027 2717; x_wconf 89' lang='lat' dir='ltr'>dat,</span> <span class='ocrx_word' id='word_1_439' title='bbox 2051 2649 2181 2704; x_wconf 91' lang='lat' dir='ltr'>ideo</span> <span class='ocrx_word' id='word_1_440' title='bbox 2208 2672 2236 2701; x_wconf 85' lang='lat'><strong>«</strong></span> <span class='ocrx_word' id='word_1_441' title='bbox 2263 2666 2463 2704; x_wconf 90' lang='lat' dir='ltr'>semen</span> <span class='ocrx_word' id='word_1_442' title='bbox 2491 2648 2709 2716; x_wconf 88' lang='lat' dir='ltr'>illius,»</span> <span class='ocrx_word' id='word_1_443' title='bbox 2727 2649 2784 2703; x_wconf 93' lang='lat' dir='ltr'>id</span> <span class='ocrx_word' id='word_1_444' title='bbox 2816 2653 2907 2703; x_wconf 91' lang='lat' dir='ltr'>est</span> <span class='ocrx_word' id='word_1_445' title='bbox 2937 2649 3091 2703; x_wconf 89' lang='lat' dir='ltr'>bona</span> <span class='ocrx_word' id='word_1_446' title='bbox 3121 2646 3378 2719; x_wconf 75' lang='lat' dir='ltr'>operatio</span> <span class='ocrx_word' id='word_1_447' title='bbox 3400 2645 3577 2701; x_wconf 63' lang='lat' dir='ltr'>illius,</span> 
     </span>
    </p>
   </div>
   <div class='ocr_carea' id='block_1_57' title="bbox 1910 2736 3560 2808">
    <p class='ocr_par' dir='ltr' id='par_1_57' title="bbox 1910 2736 3560 2808">
     <span class='ocr_line' id='line_1_57' title="bbox 1910 2736 3560 2808; baseline -0.001 -16"><span class='ocrx_word' id='word_1_448' title='bbox 1910 2761 1937 2789; x_wconf 91' lang='grc'>‹‹</span> <span class='ocrx_word' id='word_1_449' title='bbox 1971 2738 2029 2793; x_wconf 92' lang='lat' dir='ltr'>in</span> <span class='ocrx_word' id='word_1_450' title='bbox 2059 2737 2585 2808; x_wconf 82' lang='lat' dir='ltr'>benedictione,»id</span> <span class='ocrx_word' id='word_1_451' title='bbox 2614 2741 2704 2793; x_wconf 90' lang='lat' dir='ltr'>est</span> <span class='ocrx_word' id='word_1_452' title='bbox 2733 2737 2793 2791; x_wconf 92' lang='lat' dir='ltr'>in</span> <span class='ocrx_word' id='word_1_453' title='bbox 2826 2737 3187 2793; x_wconf 87' lang='lat' dir='ltr'>incremento</span> <span class='ocrx_word' id='word_1_454' title='bbox 3203 2758 3231 2787; x_wconf 89' lang='grc'>‹‹</span> <span class='ocrx_word' id='word_1_455' title='bbox 3253 2737 3379 2792; x_wconf 88' lang='lat' dir='ltr'>crit.</span> <span class='ocrx_word' id='word_1_456' title='bbox 3394 2736 3560 2791; x_wconf 73' lang='grc' dir='ltr'>»11ωο</span> 
     </span>
    </p>
   </div>
   <div class='ocr_carea' id='block_1_58' title="bbox 1907 2823 3562 2897">
    <p class='ocr_par' dir='ltr' id='par_1_58' title="bbox 1907 2823 3562 2897">
     <span class='ocr_line' id='line_1_58' title="bbox 1907 2823 3562 2897; baseline -0.002 -17"><span class='ocrx_word' id='word_1_457' title='bbox 1907 2831 1997 2881; x_wconf 90' lang='lat' dir='ltr'>est</span> <span class='ocrx_word' id='word_1_458' title='bbox 2026 2827 2183 2881; x_wconf 91' lang='lat' dir='ltr'>enim</span> <span class='ocrx_word' id='word_1_459' title='bbox 2215 2827 2530 2881; x_wconf 88' lang='lat' dir='ltr'>manifesta</span> <span class='ocrx_word' id='word_1_460' title='bbox 2558 2826 2793 2893; x_wconf 87' lang='lat' dir='ltr'>veritas,</span> <span class='ocrx_word' id='word_1_461' title='bbox 2814 2826 2972 2897; x_wconf 92' lang='lat' dir='ltr'>quod</span> <span class='ocrx_word' id='word_1_462' title='bbox 3002 2825 3051 2880; x_wconf 92' lang='lat' dir='ltr'>si</span> <span class='ocrx_word' id='word_1_463' title='bbox 3086 2824 3221 2896; x_wconf 90' lang='lat' dir='ltr'>quis</span> <span class='ocrx_word' id='word_1_464' title='bbox 3242 2824 3421 2879; x_wconf 89' lang='lat' dir='ltr'>libere</span> <span class='ocrx_word' id='word_1_465' title='bbox 3443 2823 3562 2878; x_wconf 89' lang='lat' dir='ltr'>dis-</span> 
     </span>
    </p>
   </div>
   <div class='ocr_carea' id='block_1_59' title="bbox 1907 2911 3558 2986">
    <p class='ocr_par' dir='ltr' id='par_1_59' title="bbox 1907 2911 3558 2986">
     <span class='ocr_line' id='line_1_59' title="bbox 1907 2911 3558 2986; baseline -0.001 -18"><span class='ocrx_word' id='word_1_466' title='bbox 1907 2919 2117 2986; x_wconf 89' lang='lat' dir='ltr'>pensat</span> <span class='ocrx_word' id='word_1_467' title='bbox 2146 2913 2383 2985; x_wconf 89' lang='lat' dir='ltr'>aliquod</span> <span class='ocrx_word' id='word_1_468' title='bbox 2405 2914 2627 2969; x_wconf 84' lang='lat' dir='ltr'>bonum</span> <span class='ocrx_word' id='word_1_469' title='bbox 2649 2913 2763 2967; x_wconf 91' lang='lat' dir='ltr'>sibi</span> <span class='ocrx_word' id='word_1_470' title='bbox 2787 2931 2822 2967; x_wconf 93' lang='lat' dir='ltr'>a</span> <span class='ocrx_word' id='word_1_471' title='bbox 2842 2913 2958 2968; x_wconf 90' lang='lat' dir='ltr'>Deo</span> <span class='ocrx_word' id='word_1_472' title='bbox 2981 2911 3558 2979; x_wconf 87' lang='lat' dir='ltr'>commissum,tanto</span> 
     </span>
    </p>
   </div>
   <div class='ocr_carea' id='block_1_60' title="bbox 1909 2999 3558 3073">
    <p class='ocr_par' dir='ltr' id='par_1_60' title="bbox 1909 2999 3558 3073">
     <span class='ocr_line' id='line_1_60' title="bbox 1909 2999 3558 3073; baseline 0 -17"><span class='ocrx_word' id='word_1_473' title='bbox 1909 3002 2099 3073; x_wconf 82' lang='lat' dir='ltr'>magis</span> <span class='ocrx_word' id='word_1_474' title='bbox 2130 3001 2395 3057; x_wconf 89' lang='lat' dir='ltr'>abundat</span> <span class='ocrx_word' id='word_1_475' title='bbox 2423 3001 2483 3056; x_wconf 91' lang='lat' dir='ltr'>in</span> <span class='ocrx_word' id='word_1_476' title='bbox 2516 3002 2720 3056; x_wconf 87' lang='lat' dir='ltr'>eodem</span> <span class='ocrx_word' id='word_1_477' title='bbox 2749 3017 2762 3055; x_wconf 90' lang='lat'><strong>:</strong></span> <span class='ocrx_word' id='word_1_478' title='bbox 2798 3003 2866 3056; x_wconf 92' lang='lat' dir='ltr'>ut</span> <span class='ocrx_word' id='word_1_479' title='bbox 2893 3000 2942 3056; x_wconf 92' lang='lat' dir='ltr'>si</span> <span class='ocrx_word' id='word_1_480' title='bbox 2970 3000 3105 3072; x_wconf 91' lang='lat' dir='ltr'>quis</span> <span class='ocrx_word' id='word_1_481' title='bbox 3136 3001 3341 3056; x_wconf 90' lang='lat' dir='ltr'>doceat</span> <span class='ocrx_word' id='word_1_482' title='bbox 3389 2999 3558 3069; x_wconf 89' lang='lat' dir='ltr'>alios,</span> 
     </span>
    </p>
   </div>
   <div class='ocr_carea' id='block_1_61' title="bbox 1907 3088 3556 3161">
    <p class='ocr_par' dir='ltr' id='par_1_61' title="bbox 1907 3088 3556 3161">
     <span class='ocr_line' id='line_1_61' title="bbox 1907 3088 3556 3161; baseline -0.001 -16"><span class='ocrx_word' id='word_1_483' title='bbox 1907 3090 1997 3145; x_wconf 90' lang='lat' dir='ltr'>vel</span> <span class='ocrx_word' id='word_1_484' title='bbox 2029 3091 2183 3145; x_wconf 89' lang='lat' dir='ltr'>bona</span> <span class='ocrx_word' id='word_1_485' title='bbox 2210 3106 2321 3146; x_wconf 91' lang='lat' dir='ltr'>sua</span> <span class='ocrx_word' id='word_1_486' title='bbox 2343 3089 2403 3144; x_wconf 92' lang='lat' dir='ltr'>in</span> <span class='ocrx_word' id='word_1_487' title='bbox 2434 3089 2834 3161; x_wconf 85' lang='lat' dir='ltr'>eleemosynas</span> <span class='ocrx_word' id='word_1_488' title='bbox 2865 3088 3381 3144; x_wconf 87' lang='lat' dir='ltr'>distribuat.Unde</span> <span class='ocrx_word' id='word_1_489' title='bbox 3403 3090 3556 3160; x_wconf 89' lang='lat' dir='ltr'>Apo-</span> 
     </span>
    </p>
   </div>
   <div class='ocr_carea' id='block_1_62' title="bbox 1911 3175 3567 3250">
    <p class='ocr_par' dir='ltr' id='par_1_62' title="bbox 1911 3175 3567 3250">
     <span class='ocr_line' id='line_1_62' title="bbox 1911 3175 3567 3250; baseline -0.002 -15"><span class='ocrx_word' id='word_1_490' title='bbox 1911 3179 2067 3235; x_wconf 90' lang='lat' dir='ltr'>tolus</span> <span class='ocrx_word' id='word_1_491' title='bbox 2098 3196 2344 3235; x_wconf 90' lang='lat' dir='ltr'>monens</span> <span class='ocrx_word' id='word_1_492' title='bbox 2387 3179 2459 3234; x_wconf 92' lang='lat' dir='ltr'>ad</span> <span class='ocrx_word' id='word_1_493' title='bbox 2506 3178 2905 3250; x_wconf 87' lang='lat' dir='ltr'>eleemosynas</span> <span class='ocrx_word' id='word_1_494' title='bbox 2936 3177 3078 3233; x_wconf 90' lang='lat' dir='ltr'>dicit</span> <span class='ocrx_word' id='word_1_495' title='bbox 3109 3194 3123 3232; x_wconf 89' lang='lat'>:</span> <span class='ocrx_word' id='word_1_496' title='bbox 3161 3198 3191 3229; x_wconf 84' lang='lat'><strong>«</strong></span> <span class='ocrx_word' id='word_1_497' title='bbox 3220 3179 3291 3233; x_wconf 87' lang='lat' dir='ltr'>Et</span> <span class='ocrx_word' id='word_1_498' title='bbox 3320 3175 3567 3250; x_wconf 72' lang='lat' dir='ltr'>augebit</span> 
     </span>
    </p>
   </div>
   <div class='ocr_carea' id='block_1_63' title="bbox 1911 3266 3231 3339">
    <p class='ocr_par' dir='ltr' id='par_1_63' title="bbox 1911 3266 3231 3339">
     <span class='ocr_line' id='line_1_63' title="bbox 1911 3266 3231 3339; baseline -0.004 -17"><span class='ocrx_word' id='word_1_499' title='bbox 1911 3268 2273 3324; x_wconf 88' lang='lat' dir='ltr'>incrementa</span> <span class='ocrx_word' id='word_1_500' title='bbox 2302 3267 2538 3339; x_wconf 86' lang='lat' dir='ltr'>frugum</span> <span class='ocrx_word' id='word_1_501' title='bbox 2561 3266 2808 3338; x_wconf 71' lang='lat' dir='ltr'>justitia:</span> <span class='ocrx_word' id='word_1_502' title='bbox 2840 3266 2889 3335; x_wconf 90' lang='grc' dir='ltr'>(Ι</span> <span class='ocrx_word' id='word_1_503' title='bbox 2915 3266 3035 3322; x_wconf 84' lang='lat' dir='ltr'>Cor.</span> <span class='ocrx_word' id='word_1_504' title='bbox 3071 3266 3170 3339; x_wconf 80' lang='lat' dir='ltr'>ix).</span> <span class='ocrx_word' id='word_1_505' title='bbox 3209 3289 3231 3316; x_wconf 73' lang='grc' dir='ltr'>ιο</span> 
     </span>
    </p>
   </div>
   <div class='ocr_carea' id='block_1_64' title="bbox 137 3334 3583 3429">
    <p class='ocr_par' dir='ltr' id='par_1_64' title="bbox 137 3334 3583 3429">
     <span class='ocr_line' id='line_1_64' title="bbox 137 3334 3583 3429; baseline -0.001 -15"><span class='ocrx_word' id='word_1_506' title='bbox 137 3334 346 3414; x_wconf 77' lang='lat' dir='ltr'>minus</span> <span class='ocrx_word' id='word_1_507' title='bbox 373 3334 579 3429; x_wconf 77' lang='lat' dir='ltr'>dirigit</span> <span class='ocrx_word' id='word_1_508' title='bbox 606 3372 847 3428; x_wconf 89' lang='lat' dir='ltr'>gressus</span> <span class='ocrx_word' id='word_1_509' title='bbox 868 3334 1020 3427; x_wconf 74' lang='lat' dir='ltr'>justi</span> <span class='ocrx_word' id='word_1_510' title='bbox 1054 3378 1083 3408; x_wconf 84' lang='lat'><strong>«</strong></span> <span class='ocrx_word' id='word_1_511' title='bbox 1104 3334 1173 3412; x_wconf 71' lang='lat' dir='ltr'>et</span> <span class='ocrx_word' id='word_1_512' title='bbox 1196 3334 1475 3425; x_wconf 79' lang='lat' dir='ltr'>viam,»id</span> <span class='ocrx_word' id='word_1_513' title='bbox 1506 3356 1801 3424; x_wconf 85' lang='lat' dir='ltr'>est,vitam</span> <span class='ocrx_word' id='word_1_514' title='bbox 1831 3334 1875 3402; x_wconf 66' lang='grc' dir='ltr'>(ἶ</span> <span class='ocrx_word' id='word_1_515' title='bbox 1983 3357 2054 3411; x_wconf 87' lang='lat' dir='ltr'>Et</span> <span class='ocrx_word' id='word_1_516' title='bbox 2077 3356 2217 3428; x_wconf 91' lang='lat' dir='ltr'>quia</span> <span class='ocrx_word' id='word_1_517' title='bbox 2247 3334 2533 3412; x_wconf 71' lang='lat' dir='ltr'>Dominus</span> <span class='ocrx_word' id='word_1_518' title='bbox 2563 3334 2663 3411; x_wconf 33' lang='lat' dir='ltr'>vita</span> <span class='ocrx_word' id='word_1_519' title='bbox 2710 3334 2858 3410; x_wconf 85' lang='lat' dir='ltr'>facit</span> <span class='ocrx_word' id='word_1_520' title='bbox 2890 3355 3096 3426; x_wconf 90' lang='lat' dir='ltr'>justis,</span> <span class='ocrx_word' id='word_1_521' title='bbox 3131 3334 3263 3409; x_wconf 84' lang='lat' dir='ltr'>ideo</span> <span class='ocrx_word' id='word_1_522' title='bbox 3296 3359 3358 3411; x_wconf 90' lang='lat' dir='ltr'>tu</span> <span class='ocrx_word' id='word_1_523' title='bbox 3384 3355 3583 3410; x_wconf 85' lang='lat' dir='ltr'>frater-</span> 
     </span>
    </p>
   </div>
   <div class='ocr_carea' id='block_1_65' title="bbox 139 3443 1804 3516">
    <p class='ocr_par' dir='ltr' id='par_1_65' title="bbox 139 3443 1804 3516">
     <span class='ocr_line' id='line_1_65' title="bbox 139 3443 1804 3516; baseline -0.001 -15"><span class='ocrx_word' id='word_1_524' title='bbox 139 3445 365 3508; x_wconf 83' lang='lat' dir='ltr'>bonam</span> <span class='ocrx_word' id='word_1_525' title='bbox 395 3443 572 3501; x_wconf 87' lang='lat' dir='ltr'>istius</span> <span class='ocrx_word' id='word_1_526' title='bbox 613 3444 763 3516; x_wconf 89' lang='lat' dir='ltr'>justi</span> <span class='ocrx_word' id='word_1_527' title='bbox 813 3444 1019 3500; x_wconf 89' lang='lat' dir='ltr'>directi</span> <span class='ocrx_word' id='word_1_528' title='bbox 1056 3466 1085 3497; x_wconf 83' lang='lat'><strong>«</strong></span> <span class='ocrx_word' id='word_1_529' title='bbox 1112 3443 1267 3501; x_wconf 92' lang='lat' dir='ltr'>volet</span> <span class='ocrx_word' id='word_1_530' title='bbox 1295 3467 1323 3496; x_wconf 88' lang='lat'>»</span> <span class='ocrx_word' id='word_1_531' title='bbox 1358 3444 1663 3501; x_wconf 91' lang='lat' dir='ltr'>Dominus.</span> <span class='ocrx_word' id='word_1_532' title='bbox 1699 3444 1804 3500; x_wconf 89' lang='lat' dir='ltr'>Vel</span> 
     </span>
    </p>
   </div>
   <div class='ocr_carea' id='block_1_66' title="bbox 140 3533 1802 3606">
    <p class='ocr_par' dir='ltr' id='par_1_66' title="bbox 140 3533 1802 3606">
     <span class='ocr_line' id='line_1_66' title="bbox 140 3533 1802 3606; baseline 0.002 -21"><span class='ocrx_word' id='word_1_533' title='bbox 140 3534 376 3604; x_wconf 58' lang='lat' dir='ltr'>aviam,</span> <span class='ocrx_word' id='word_1_534' title='bbox 411 3555 443 3587; x_wconf 86' lang='grc'><strong>››</strong></span> <span class='ocrx_word' id='word_1_535' title='bbox 476 3533 536 3591; x_wconf 92' lang='lat' dir='ltr'>id</span> <span class='ocrx_word' id='word_1_536' title='bbox 566 3538 655 3591; x_wconf 88' lang='lat' dir='ltr'>est</span> <span class='ocrx_word' id='word_1_537' title='bbox 694 3537 983 3606; x_wconf 65' lang='lat' dir='ltr'>praecepta</span> <span class='ocrx_word' id='word_1_538' title='bbox 1014 3537 1072 3589; x_wconf 89' lang='lat' dir='ltr'>et</span> <span class='ocrx_word' id='word_1_539' title='bbox 1100 3534 1501 3591; x_wconf 88' lang='lat' dir='ltr'>institutiones</span> <span class='ocrx_word' id='word_1_540' title='bbox 1532 3535 1661 3606; x_wconf 88' lang='lat' dir='ltr'>ejus</span> <span class='ocrx_word' id='word_1_541' title='bbox 1690 3534 1802 3590; x_wconf 85' lang='lat' dir='ltr'>Do-</span> 
     </span>
    </p>
   </div>
   <div class='ocr_carea' id='block_1_67' title="bbox 138 3621 1807 3695">
    <p class='ocr_par' dir='ltr' id='par_1_67' title="bbox 138 3621 1807 3695">
     <span class='ocr_line' id='line_1_67' title="bbox 138 3621 1807 3695; baseline 0.001 -16"><span class='ocrx_word' id='word_1_542' title='bbox 138 3624 285 3691; x_wconf 84' lang='lat' dir='ltr'>mini</span> <span class='ocrx_word' id='word_1_543' title='bbox 315 3623 477 3681; x_wconf 89' lang='lat' dir='ltr'>volet</span> <span class='ocrx_word' id='word_1_544' title='bbox 507 3622 674 3695; x_wconf 88' lang='lat' dir='ltr'>sequi</span> <span class='ocrx_word' id='word_1_545' title='bbox 702 3621 801 3680; x_wconf 88' lang='lat' dir='ltr'>ille</span> <span class='ocrx_word' id='word_1_546' title='bbox 831 3622 1137 3680; x_wconf 91' lang='lat' dir='ltr'>homo.Vel</span> <span class='ocrx_word' id='word_1_547' title='bbox 1173 3646 1201 3675; x_wconf 84' lang='lat'><strong>«</strong></span> <span class='ocrx_word' id='word_1_548' title='bbox 1232 3623 1509 3689; x_wconf 82' lang='lat' dir='ltr'>viam,»id</span> <span class='ocrx_word' id='word_1_549' title='bbox 1542 3628 1631 3680; x_wconf 89' lang='lat' dir='ltr'>est</span> <span class='ocrx_word' id='word_1_550' title='bbox 1651 3624 1807 3680; x_wconf 91' lang='lat' dir='ltr'>bona</span> 
     </span>
    </p>
   </div>
   <div class='ocr_carea' id='block_1_68' title="bbox 145 3711 979 3786">
    <p class='ocr_par' dir='ltr' id='par_1_68' title="bbox 145 3711 979 3786">
     <span class='ocr_line' id='line_1_68' title="bbox 145 3711 979 3786; baseline -0.01 -11"><span class='ocrx_word' id='word_1_551' title='bbox 145 3730 329 3786; x_wconf 82' lang='lat' dir='ltr'>Opera</span> <span class='ocrx_word' id='word_1_552' title='bbox 357 3730 491 3786; x_wconf 63' lang='lat' dir='ltr'>qua:</span> <span class='ocrx_word' id='word_1_553' title='bbox 523 3712 660 3769; x_wconf 89' lang='lat' dir='ltr'>fecit</span> <span class='ocrx_word' id='word_1_554' title='bbox 689 3711 979 3769; x_wconf 89' lang='lat' dir='ltr'>Christus.</span> 
     </span>
    </p>
   </div>
   <div class='ocr_carea' id='block_1_69' title="bbox 209 3800 1805 3874">
    <p class='ocr_par' dir='ltr' id='par_1_69' title="bbox 209 3800 1805 3874">
     <span class='ocr_line' id='line_1_69' title="bbox 209 3800 1805 3874; baseline 0 -15"><span class='ocrx_word' id='word_1_555' title='bbox 209 3803 348 3859; x_wconf 92' lang='lat' dir='ltr'>Ideo</span> <span class='ocrx_word' id='word_1_556' title='bbox 397 3818 538 3858; x_wconf 91' lang='lat' dir='ltr'>cum</span> <span class='ocrx_word' id='word_1_557' title='bbox 588 3800 885 3869; x_wconf 91' lang='lat' dir='ltr'>ceciderit,</span> <span class='ocrx_word' id='word_1_558' title='bbox 920 3800 979 3856; x_wconf 92' lang='lat' dir='ltr'>id</span> <span class='ocrx_word' id='word_1_559' title='bbox 1011 3805 1100 3857; x_wconf 91' lang='lat' dir='ltr'>est</span> <span class='ocrx_word' id='word_1_560' title='bbox 1128 3800 1472 3874; x_wconf 90' lang='lat' dir='ltr'>peccaverit,</span> <span class='ocrx_word' id='word_1_561' title='bbox 1504 3802 1681 3859; x_wconf 91' lang='lat' dir='ltr'>homo</span> <span class='ocrx_word' id='word_1_562' title='bbox 1707 3803 1805 3860; x_wconf 91' lang='lat' dir='ltr'>ille</span> 
     </span>
    </p>
   </div>
   <div class='ocr_carea' id='block_1_70' title="bbox 148 3890 1806 3965">
    <p class='ocr_par' dir='ltr' id='par_1_70' title="bbox 148 3890 1806 3965">
     <span class='ocr_line' id='line_1_70' title="bbox 148 3890 1806 3965; baseline 0.001 -18"><span class='ocrx_word' id='word_1_563' title='bbox 148 3915 185 3955; x_wconf 70' lang='grc' dir='ltr'>ι,</span> <span class='ocrx_word' id='word_1_564' title='bbox 202 3909 323 3949; x_wconf 86' lang='lat' dir='ltr'>non</span> <span class='ocrx_word' id='word_1_565' title='bbox 356 3890 696 3958; x_wconf 90' lang='lat' dir='ltr'>collidetur,</span> <span class='ocrx_word' id='word_1_566' title='bbox 722 3913 743 3943; x_wconf 77' lang='grc' dir='ltr'><strong><em>ι</em></strong></span> <span class='ocrx_word' id='word_1_567' title='bbox 782 3890 842 3945; x_wconf 91' lang='lat' dir='ltr'>id</span> <span class='ocrx_word' id='word_1_568' title='bbox 864 3896 954 3947; x_wconf 89' lang='lat' dir='ltr'>est</span> <span class='ocrx_word' id='word_1_569' title='bbox 982 3906 1173 3963; x_wconf 88' lang='lat' dir='ltr'>neque</span> <span class='ocrx_word' id='word_1_570' title='bbox 1204 3891 1590 3948; x_wconf 90' lang='lat' dir='ltr'>criminaliter</span> <span class='ocrx_word' id='word_1_571' title='bbox 1608 3910 1806 3965; x_wconf 90' lang='lat' dir='ltr'>pecca-</span> 
     </span>
    </p>
   </div>
   <div class='ocr_carea' id='block_1_71' title="bbox 139 3978 1804 4054">
    <p class='ocr_par' dir='ltr' id='par_1_71' title="bbox 139 3978 1804 4054">
     <span class='ocr_line' id='line_1_71' title="bbox 139 3978 1804 4054; baseline 0.002 -18"><span class='ocrx_word' id='word_1_572' title='bbox 139 3981 243 4051; x_wconf 86' lang='lat' dir='ltr'>bit,</span> <span class='ocrx_word' id='word_1_573' title='bbox 263 3998 461 4054; x_wconf 85' lang='lat' dir='ltr'>neque</span> <span class='ocrx_word' id='word_1_574' title='bbox 493 3978 913 4037; x_wconf 88' lang='lat' dir='ltr'>in&#39;venialibus</span> <span class='ocrx_word' id='word_1_575' title='bbox 942 3980 1329 4053; x_wconf 89' lang='lat' dir='ltr'>permanebit,</span> <span class='ocrx_word' id='word_1_576' title='bbox 1340 4002 1368 4032; x_wconf 84' lang='lat'><strong>«</strong></span> <span class='ocrx_word' id='word_1_577' title='bbox 1389 3982 1670 4054; x_wconf 90' lang='lat' dir='ltr'>quoniam</span> <span class='ocrx_word' id='word_1_578' title='bbox 1692 3984 1804 4040; x_wconf 91' lang='lat' dir='ltr'>Do-</span> 
     </span>
    </p>
   </div>
   <div class='ocr_carea' id='block_1_72' title="bbox 141 4068 1804 4142">
    <p class='ocr_par' dir='ltr' id='par_1_72' title="bbox 141 4068 1804 4142">
     <span class='ocr_line' id='line_1_72' title="bbox 141 4068 1804 4142; baseline 0 -15"><span class='ocrx_word' id='word_1_579' title='bbox 141 4070 343 4129; x_wconf 89' lang='lat' dir='ltr'>minus</span> <span class='ocrx_word' id='word_1_580' title='bbox 374 4073 675 4142; x_wconf 86' lang='lat' dir='ltr'>supponet</span> <span class='ocrx_word' id='word_1_581' title='bbox 694 4086 908 4126; x_wconf 90' lang='lat' dir='ltr'>manus</span> <span class='ocrx_word' id='word_1_582' title='bbox 939 4068 1203 4137; x_wconf 84' lang='lat' dir='ltr'>suas,»id</span> <span class='ocrx_word' id='word_1_583' title='bbox 1217 4074 1306 4126; x_wconf 90' lang='lat' dir='ltr'>est</span> <span class='ocrx_word' id='word_1_584' title='bbox 1321 4071 1606 4127; x_wconf 76' lang='lat' dir='ltr'>auxilium</span> <span class='ocrx_word' id='word_1_585' title='bbox 1627 4088 1804 4128; x_wconf 90' lang='lat' dir='ltr'>suum</span> 
     </span>
    </p>
   </div>
   <div class='ocr_carea' id='block_1_73' title="bbox 141 4157 1804 4232">
    <p class='ocr_par' dir='ltr' id='par_1_73' title="bbox 141 4157 1804 4232">
     <span class='ocr_line' id='line_1_73' title="bbox 141 4157 1804 4232; baseline -0.001 -15"><span class='ocrx_word' id='word_1_586' title='bbox 141 4176 256 4232; x_wconf 79' lang='lat' dir='ltr'>quo</span> <span class='ocrx_word' id='word_1_587' title='bbox 290 4159 689 4221; x_wconf 88' lang='lat' dir='ltr'>sustineatur.</span> <span class='ocrx_word' id='word_1_588' title='bbox 714 4158 900 4215; x_wconf 86' lang='lat' dir='ltr'>Habet</span> <span class='ocrx_word' id='word_1_589' title='bbox 929 4157 1044 4215; x_wconf 85' lang='lat' dir='ltr'>alia</span> <span class='ocrx_word' id='word_1_590' title='bbox 1071 4158 1411 4216; x_wconf 84' lang='lat' dir='ltr'>translatio:</span> <span class='ocrx_word' id='word_1_591' title='bbox 1432 4160 1573 4231; x_wconf 90' lang='lat' dir='ltr'>quia</span> <span class='ocrx_word' id='word_1_592' title='bbox 1599 4161 1804 4216; x_wconf 91' lang='lat' dir='ltr'>Domi-</span> 
     </span>
    </p>
   </div>
   <div class='ocr_carea' id='block_1_74' title="bbox 140 4248 1807 4321">
    <p class='ocr_par' dir='ltr' id='par_1_74' title="bbox 140 4248 1807 4321">
     <span class='ocr_line' id='line_1_74' title="bbox 140 4248 1807 4321; baseline 0 -16"><span class='ocrx_word' id='word_1_593' title='bbox 140 4266 254 4309; x_wconf 84' lang='lat' dir='ltr'>nus</span> <span class='ocrx_word' id='word_1_594' title='bbox 305 4250 629 4313; x_wconf 83' lang='lat' dir='ltr'>conﬁrmat</span> <span class='ocrx_word' id='word_1_595' title='bbox 676 4264 922 4305; x_wconf 90' lang='lat' dir='ltr'>manum</span> <span class='ocrx_word' id='word_1_596' title='bbox 951 4248 1080 4319; x_wconf 80' lang='lat' dir='ltr'>eius</span> <span class='ocrx_word' id='word_1_597' title='bbox 1114 4265 1127 4303; x_wconf 91' lang='lat'>:</span> <span class='ocrx_word' id='word_1_598' title='bbox 1158 4249 1485 4304; x_wconf 89' lang='lat' dir='ltr'>secundum</span> <span class='ocrx_word' id='word_1_599' title='bbox 1535 4250 1691 4321; x_wconf 92' lang='lat' dir='ltr'>quod</span> <span class='ocrx_word' id='word_1_600' title='bbox 1724 4250 1807 4305; x_wconf 89' lang='lat' dir='ltr'>ita</span> 
     </span>
    </p>
   </div>
   <div class='ocr_carea' id='block_1_75' title="bbox 139 4337 1805 4413">
    <p class='ocr_par' dir='ltr' id='par_1_75' title="bbox 139 4337 1805 4413">
     <span class='ocr_line' id='line_1_75' title="bbox 139 4337 1805 4413; baseline 0 -18"><span class='ocrx_word' id='word_1_601' title='bbox 139 4338 373 4413; x_wconf 87' lang='lat' dir='ltr'>legetur</span> <span class='ocrx_word' id='word_1_602' title='bbox 404 4338 616 4395; x_wconf 86' lang='lat' dir='ltr'>:«Cum</span> <span class='ocrx_word' id='word_1_603' title='bbox 647 4337 922 4395; x_wconf 89' lang='lat' dir='ltr'>ceciderit</span> <span class='ocrx_word' id='word_1_604' title='bbox 949 4360 977 4389; x_wconf 85' lang='lat'><strong>»</strong></span> <span class='ocrx_word' id='word_1_605' title='bbox 1012 4338 1393 4411; x_wconf 88' lang='lat' dir='ltr'>corporaliter</span> <span class='ocrx_word' id='word_1_606' title='bbox 1421 4337 1805 4407; x_wconf 87' lang='lat' dir='ltr'>scilicet,cum</span> 
     </span>
    </p>
   </div>
   <div class='ocr_carea' id='block_1_76' title="bbox 139 4425 1805 4500">
    <p class='ocr_par' dir='ltr' id='par_1_76' title="bbox 139 4425 1805 4500">
     <span class='ocr_line' id='line_1_76' title="bbox 139 4425 1805 4500; baseline -0.001 -15"><span class='ocrx_word' id='word_1_607' title='bbox 139 4429 449 4487; x_wconf 89' lang='lat' dir='ltr'>occidetur</span> <span class='ocrx_word' id='word_1_608' title='bbox 507 4430 566 4483; x_wconf 90' lang='lat' dir='ltr'>et</span> <span class='ocrx_word' id='word_1_609' title='bbox 621 4425 1018 4500; x_wconf 78' lang='lat' dir='ltr'>flagellabitur</span> <span class='ocrx_word' id='word_1_610' title='bbox 1049 4448 1079 4478; x_wconf 71' lang='grc' dir='ltr'>ς(</span> <span class='ocrx_word' id='word_1_611' title='bbox 1123 4444 1239 4483; x_wconf 90' lang='lat' dir='ltr'>non</span> <span class='ocrx_word' id='word_1_612' title='bbox 1299 4426 1623 4498; x_wconf 89' lang='lat' dir='ltr'>collidetur,</span> <span class='ocrx_word' id='word_1_613' title='bbox 1674 4450 1702 4480; x_wconf 84' lang='lat'>»</span> <span class='ocrx_word' id='word_1_614' title='bbox 1744 4428 1805 4483; x_wconf 91' lang='lat' dir='ltr'>in</span> 
     </span>
    </p>
   </div>
   <div class='ocr_carea' id='block_1_77' title="bbox 141 4516 1805 4590">
    <p class='ocr_par' dir='ltr' id='par_1_77' title="bbox 141 4516 1805 4590">
     <span class='ocr_line' id='line_1_77' title="bbox 141 4516 1805 4590; baseline 0 -16"><span class='ocrx_word' id='word_1_615' title='bbox 141 4518 364 4587; x_wconf 85' lang='lat' dir='ltr'>animo,</span> <span class='ocrx_word' id='word_1_616' title='bbox 401 4518 467 4575; x_wconf 86' lang='lat' dir='ltr'>id</span> <span class='ocrx_word' id='word_1_617' title='bbox 496 4522 611 4588; x_wconf 89' lang='lat' dir='ltr'>est,</span> <span class='ocrx_word' id='word_1_618' title='bbox 642 4534 760 4574; x_wconf 90' lang='lat' dir='ltr'>non</span> <span class='ocrx_word' id='word_1_619' title='bbox 791 4516 1056 4590; x_wconf 79' lang='lat' dir='ltr'>peccabit</span> <span class='ocrx_word' id='word_1_620' title='bbox 1083 4517 1143 4572; x_wconf 92' lang='lat' dir='ltr'>in</span> <span class='ocrx_word' id='word_1_621' title='bbox 1176 4517 1394 4585; x_wconf 90' lang='lat' dir='ltr'>animo,</span> <span class='ocrx_word' id='word_1_622' title='bbox 1432 4539 1461 4569; x_wconf 85' lang='lat'><strong><em>«</em></strong></span> <span class='ocrx_word' id='word_1_623' title='bbox 1502 4519 1643 4590; x_wconf 90' lang='lat' dir='ltr'>quia</span> <span class='ocrx_word' id='word_1_624' title='bbox 1689 4518 1805 4574; x_wconf 93' lang='lat' dir='ltr'>Do-</span> 
     </span>
    </p>
   </div>
   <div class='ocr_carea' id='block_1_78' title="bbox 141 4606 1807 4680">
    <p class='ocr_par' dir='ltr' id='par_1_78' title="bbox 141 4606 1807 4680">
     <span class='ocr_line' id='line_1_78' title="bbox 141 4606 1807 4680; baseline 0.001 -17"><span class='ocrx_word' id='word_1_625' title='bbox 141 4606 345 4665; x_wconf 91' lang='lat' dir='ltr'>minus</span> <span class='ocrx_word' id='word_1_626' title='bbox 394 4606 713 4664; x_wconf 81' lang='lat' dir='ltr'>conﬁrmat</span> <span class='ocrx_word' id='word_1_627' title='bbox 760 4623 1005 4662; x_wconf 90' lang='lat' dir='ltr'>manum</span> <span class='ocrx_word' id='word_1_628' title='bbox 1057 4606 1206 4677; x_wconf 87' lang='lat' dir='ltr'>ejus,</span> <span class='ocrx_word' id='word_1_629' title='bbox 1245 4629 1266 4656; x_wconf 75' lang='grc' dir='ltr'><strong><em>ι</em></strong></span> <span class='ocrx_word' id='word_1_630' title='bbox 1302 4607 1362 4662; x_wconf 91' lang='lat' dir='ltr'>id</span> <span class='ocrx_word' id='word_1_631' title='bbox 1393 4611 1483 4664; x_wconf 90' lang='lat' dir='ltr'>est</span> <span class='ocrx_word' id='word_1_632' title='bbox 1515 4609 1807 4680; x_wconf 85' lang='lat' dir='ltr'>operatio-</span> 
     </span>
    </p>
   </div>
   <div class='ocr_carea' id='block_1_79' title="bbox 142 4698 466 4770">
    <p class='ocr_par' dir='ltr' id='par_1_79' title="bbox 142 4698 466 4770">
     <span class='ocr_line' id='line_1_79' title="bbox 142 4698 466 4770; baseline 0 -17"><span class='ocrx_word' id='word_1_633' title='bbox 142 4712 277 4761; x_wconf 79' lang='lat' dir='ltr'>nem</span> <span class='ocrx_word' id='word_1_634' title='bbox 308 4698 466 4770; x_wconf 82' lang='lat' dir='ltr'>ejus.</span> 
     </span>
    </p>
   </div>
   <div class='ocr_carea' id='block_1_80' title="bbox 204 4785 1813 4860">
    <p class='ocr_par' dir='ltr' id='par_1_80' title="bbox 204 4785 1813 4860">
     <span class='ocr_line' id='line_1_80' title="bbox 204 4785 1813 4860; baseline 0.002 -17"><span class='ocrx_word' id='word_1_635' title='bbox 204 4786 361 4844; x_wconf 88' lang='lat' dir='ltr'>Bene</span> <span class='ocrx_word' id='word_1_636' title='bbox 375 4785 696 4858; x_wconf 91' lang='lat' dir='ltr'>dico,quod</span> <span class='ocrx_word' id='word_1_637' title='bbox 713 4801 829 4842; x_wconf 89' lang='lat' dir='ltr'>non</span> <span class='ocrx_word' id='word_1_638' title='bbox 842 4785 1152 4842; x_wconf 89' lang='lat' dir='ltr'>collidetur</span> <span class='ocrx_word' id='word_1_639' title='bbox 1163 4786 1303 4858; x_wconf 88' lang='lat' dir='ltr'>quia</span> <span class='ocrx_word' id='word_1_640' title='bbox 1313 4802 1418 4859; x_wconf 89' lang='lat' dir='ltr'>ego</span> <span class='ocrx_word' id='word_1_641' title='bbox 1430 4786 1570 4842; x_wconf 86' lang='lat' dir='ltr'>vidii</span> <span class='ocrx_word' id='word_1_642' title='bbox 1579 4789 1813 4860; x_wconf 91' lang='lat' dir='ltr'>justum</span> 
     </span>
    </p>
   </div>
   <div class='ocr_carea' id='block_1_81' title="bbox 141 4874 1815 4949">
    <p class='ocr_par' dir='ltr' id='par_1_81' title="bbox 141 4874 1815 4949">
     <span class='ocr_line' id='line_1_81' title="bbox 141 4874 1815 4949; baseline 0.002 -19"><span class='ocrx_word' id='word_1_643' title='bbox 141 4876 516 4937; x_wconf 85' lang='lat' dir='ltr'>custoditum</span> <span class='ocrx_word' id='word_1_644' title='bbox 537 4874 834 4933; x_wconf 90' lang='lat' dir='ltr'>aDomino</span> <span class='ocrx_word' id='word_1_645' title='bbox 851 4875 911 4930; x_wconf 91' lang='lat' dir='ltr'>in</span> <span class='ocrx_word' id='word_1_646' title='bbox 929 4874 1092 4932; x_wconf 90' lang='lat' dir='ltr'>omni</span> <span class='ocrx_word' id='word_1_647' title='bbox 1112 4879 1460 4948; x_wconf 90' lang='lat' dir='ltr'>tempore,et</span> <span class='ocrx_word' id='word_1_648' title='bbox 1482 4876 1623 4932; x_wconf 90' lang='lat' dir='ltr'>dum</span> <span class='ocrx_word' id='word_1_649' title='bbox 1642 4878 1815 4949; x_wconf 91' lang='lat' dir='ltr'>justi-</span> 
     </span>
    </p>
   </div>
   <div class='ocr_carea' id='block_1_82' title="bbox 141 4961 1816 5038">
    <p class='ocr_par' dir='ltr' id='par_1_82' title="bbox 141 4961 1816 5038">
     <span class='ocr_line' id='line_1_82' title="bbox 141 4961 1816 5038; baseline 0.004 -20"><span class='ocrx_word' id='word_1_650' title='bbox 141 4961 227 5029; x_wconf 79' lang='lat' dir='ltr'>tia</span> <span class='ocrx_word' id='word_1_651' title='bbox 246 4963 496 5035; x_wconf 82' lang='lat' dir='ltr'>juvenis</span> <span class='ocrx_word' id='word_1_652' title='bbox 528 4968 705 5033; x_wconf 87' lang='lat' dir='ltr'>esset,</span> <span class='ocrx_word' id='word_1_653' title='bbox 739 4968 796 5020; x_wconf 89' lang='lat' dir='ltr'>et</span> <span class='ocrx_word' id='word_1_654' title='bbox 842 4963 1106 5037; x_wconf 87' lang='lat' dir='ltr'>parvula,</span> <span class='ocrx_word' id='word_1_655' title='bbox 1152 4968 1209 5020; x_wconf 89' lang='lat' dir='ltr'>et</span> <span class='ocrx_word' id='word_1_656' title='bbox 1257 4964 1400 5020; x_wconf 90' lang='lat' dir='ltr'>dum</span> <span class='ocrx_word' id='word_1_657' title='bbox 1449 4966 1725 5038; x_wconf 88' lang='lat' dir='ltr'>perfecta,</span> <span class='ocrx_word' id='word_1_658' title='bbox 1758 4971 1816 5024; x_wconf 91' lang='lat' dir='ltr'>et</span> 
     </span>
    </p>
   </div>
   <div class='ocr_carea' id='block_1_83' title="bbox 144 5051 1810 5125">
    <p class='ocr_par' dir='ltr' id='par_1_83' title="bbox 144 5051 1810 5125">
     <span class='ocr_line' id='line_1_83' title="bbox 144 5051 1810 5125; baseline 0.002 -16"><span class='ocrx_word' id='word_1_659' title='bbox 144 5052 288 5109; x_wconf 85' lang='lat' dir='ltr'>dum</span> <span class='ocrx_word' id='word_1_660' title='bbox 318 5052 382 5109; x_wconf 90' lang='lat' dir='ltr'>in</span> <span class='ocrx_word' id='word_1_661' title='bbox 403 5051 570 5111; x_wconf 86' lang='lat' dir='ltr'>senio</span> <span class='ocrx_word' id='word_1_662' title='bbox 588 5069 601 5108; x_wconf 87' lang='lat'><strong>:</strong></span> <span class='ocrx_word' id='word_1_663' title='bbox 618 5052 667 5108; x_wconf 93' lang='lat' dir='ltr'>si</span> <span class='ocrx_word' id='word_1_664' title='bbox 690 5051 968 5124; x_wconf 90' lang='lat' dir='ltr'>loquatur</span> <span class='ocrx_word' id='word_1_665' title='bbox 984 5057 1175 5109; x_wconf 91' lang='lat' dir='ltr'>totum</span> <span class='ocrx_word' id='word_1_666' title='bbox 1198 5069 1411 5125; x_wconf 92' lang='lat' dir='ltr'>corpus</span> <span class='ocrx_word' id='word_1_667' title='bbox 1437 5058 1810 5113; x_wconf 88' lang='lat' dir='ltr'>sanctorum:</span> 
     </span>
    </p>
   </div>
   <div class='ocr_carea' id='block_1_84' title="bbox 143 5141 1815 5214">
    <p class='ocr_par' dir='ltr' id='par_1_84' title="bbox 143 5141 1815 5214">
     <span class='ocr_line' id='line_1_84' title="bbox 143 5141 1815 5214; baseline 0 -14"><span class='ocrx_word' id='word_1_668' title='bbox 143 5142 315 5214; x_wconf 84' lang='lat' dir='ltr'>quasi</span> <span class='ocrx_word' id='word_1_669' title='bbox 348 5141 578 5201; x_wconf 83' lang='lat' dir='ltr'>diceret</span> <span class='ocrx_word' id='word_1_670' title='bbox 611 5158 624 5196; x_wconf 91' lang='lat'><strong>:</strong></span> <span class='ocrx_word' id='word_1_671' title='bbox 665 5164 694 5193; x_wconf 81' lang='lat'><strong>«</strong></span> <span class='ocrx_word' id='word_1_672' title='bbox 724 5141 936 5198; x_wconf 84' lang='lat' dir='ltr'>Junior</span> <span class='ocrx_word' id='word_1_673' title='bbox 982 5141 1088 5211; x_wconf 87' lang='lat' dir='ltr'>fui,</span> <span class='ocrx_word' id='word_1_674' title='bbox 1140 5164 1168 5193; x_wconf 83' lang='lat'><strong>»</strong></span> <span class='ocrx_word' id='word_1_675' title='bbox 1224 5142 1285 5198; x_wconf 91' lang='lat' dir='ltr'>id</span> <span class='ocrx_word' id='word_1_676' title='bbox 1336 5146 1427 5199; x_wconf 92' lang='lat' dir='ltr'>est</span> <span class='ocrx_word' id='word_1_677' title='bbox 1450 5143 1707 5214; x_wconf 88' lang='lat' dir='ltr'>juvenis,</span> <span class='ocrx_word' id='word_1_678' title='bbox 1750 5149 1815 5200; x_wconf 90' lang='lat' dir='ltr'>ut</span> 
     </span>
    </p>
   </div>
   <div class='ocr_carea' id='block_1_85' title="bbox 143 5229 1817 5305">
    <p class='ocr_par' dir='ltr' id='par_1_85' title="bbox 143 5229 1817 5305">
     <span class='ocr_line' id='line_1_85' title="bbox 143 5229 1817 5305; baseline 0.001 -18"><span class='ocrx_word' id='word_1_679' title='bbox 143 5229 209 5287; x_wconf 89' lang='lat' dir='ltr'>in</span> <span class='ocrx_word' id='word_1_680' title='bbox 254 5235 529 5304; x_wconf 77' lang='lat' dir='ltr'>tempore</span> <span class='ocrx_word' id='word_1_681' title='bbox 572 5230 717 5288; x_wconf 88' lang='lat' dir='ltr'>Abel</span> <span class='ocrx_word' id='word_1_682' title='bbox 766 5235 825 5287; x_wconf 92' lang='lat' dir='ltr'>et</span> <span class='ocrx_word' id='word_1_683' title='bbox 872 5231 1143 5301; x_wconf 87' lang='lat' dir='ltr'>aliorum,</span> <span class='ocrx_word' id='word_1_684' title='bbox 1180 5233 1416 5304; x_wconf 90' lang='lat' dir='ltr'>quando</span> <span class='ocrx_word' id='word_1_685' title='bbox 1448 5232 1683 5304; x_wconf 90' lang='lat' dir='ltr'>justitia</span> <span class='ocrx_word' id='word_1_686' title='bbox 1712 5249 1817 5305; x_wconf 92' lang='lat' dir='ltr'>per</span> 
     </span>
    </p>
   </div>
   <div class='ocr_carea' id='block_1_86' title="bbox 144 5318 1809 5394">
    <p class='ocr_par' dir='ltr' id='par_1_86' title="bbox 144 5318 1809 5394">
     <span class='ocr_line' id='line_1_86' title="bbox 144 5318 1809 5394; baseline 0.001 -18"><span class='ocrx_word' id='word_1_687' title='bbox 144 5318 335 5389; x_wconf 81' lang='lat' dir='ltr'>solam</span> <span class='ocrx_word' id='word_1_688' title='bbox 382 5320 579 5392; x_wconf 82' lang='lat' dir='ltr'>legem</span> <span class='ocrx_word' id='word_1_689' title='bbox 628 5320 958 5378; x_wconf 86' lang='lat' dir='ltr'>naturalem</span> <span class='ocrx_word' id='word_1_690' title='bbox 1007 5320 1309 5378; x_wconf 84' lang='lat' dir='ltr'>colebatur</span> <span class='ocrx_word' id='word_1_691' title='bbox 1351 5321 1809 5394; x_wconf 88' lang='lat' dir='ltr'>aliquantulum,</span> 
     </span>
    </p>
   </div>
   <div class='ocr_carea' id='block_1_87' title="bbox 146 5408 1814 5485">
    <p class='ocr_par' dir='ltr' id='par_1_87' title="bbox 146 5408 1814 5485">
     <span class='ocr_line' id='line_1_87' title="bbox 146 5408 1814 5485; baseline 0.002 -21"><span class='ocrx_word' id='word_1_692' title='bbox 146 5408 354 5471; x_wconf 83' lang='lat' dir='ltr'>adulta</span> <span class='ocrx_word' id='word_1_693' title='bbox 386 5408 666 5479; x_wconf 88' lang='lat' dir='ltr'>fuit,cum</span> <span class='ocrx_word' id='word_1_694' title='bbox 695 5409 1197 5485; x_wconf 73' lang='lat' dir='ltr'>legem-scriptam</span> <span class='ocrx_word' id='word_1_695' title='bbox 1229 5410 1466 5484; x_wconf 90' lang='lat' dir='ltr'>recepit,</span> <span class='ocrx_word' id='word_1_696' title='bbox 1497 5416 1556 5468; x_wconf 89' lang='lat' dir='ltr'>et</span> <span class='ocrx_word' id='word_1_697' title='bbox 1578 5412 1639 5468; x_wconf 92' lang='lat' dir='ltr'>in</span> <span class='ocrx_word' id='word_1_698' title='bbox 1668 5416 1814 5468; x_wconf 89' lang='lat' dir='ltr'>tem-</span> 
     </span>
    </p>
   </div>
   <div class='ocr_carea' id='block_1_88' title="bbox 144 5497 1810 5574">
    <p class='ocr_par' dir='ltr' id='par_1_88' title="bbox 144 5497 1810 5574">
     <span class='ocr_line' id='line_1_88' title="bbox 144 5497 1810 5574; baseline 0.002 -20"><span class='ocrx_word' id='word_1_699' title='bbox 144 5513 286 5569; x_wconf 82' lang='lat' dir='ltr'>pore</span> <span class='ocrx_word' id='word_1_700' title='bbox 300 5497 517 5574; x_wconf 67' lang='lat' dir='ltr'>gratias</span> <span class='ocrx_word' id='word_1_701' title='bbox 531 5500 788 5571; x_wconf 85' lang='lat' dir='ltr'>perfecta</span> <span class='ocrx_word' id='word_1_702' title='bbox 808 5499 920 5557; x_wconf 92' lang='lat' dir='ltr'>fuit</span> <span class='ocrx_word' id='word_1_703' title='bbox 940 5518 953 5556; x_wconf 91' lang='lat'><strong>:</strong></span> <span class='ocrx_word' id='word_1_704' title='bbox 970 5499 1180 5573; x_wconf 91' lang='lat' dir='ltr'>probat</span> <span class='ocrx_word' id='word_1_705' title='bbox 1202 5499 1339 5572; x_wconf 89' lang='lat' dir='ltr'>quia</span> <span class='ocrx_word' id='word_1_706' title='bbox 1357 5500 1563 5571; x_wconf 90' lang='lat' dir='ltr'>junior</span> <span class='ocrx_word' id='word_1_707' title='bbox 1582 5501 1810 5570; x_wconf 87' lang='lat' dir='ltr'>fuisset,</span> 
     </span>
    </p>
   </div>
   <div class='ocr_carea' id='block_1_89' title="bbox 145 5587 1814 5661">
    <p class='ocr_par' dir='ltr' id='par_1_89' title="bbox 145 5587 1814 5661">
     <span class='ocr_line' id='line_1_89' title="bbox 145 5587 1814 5661; baseline -0.004 -10"><span class='ocrx_word' id='word_1_708' title='bbox 145 5587 349 5652; x_wconf 77' lang='lat' dir='ltr'>dicens</span> <span class='ocrx_word' id='word_1_709' title='bbox 382 5605 397 5646; x_wconf 90' lang='lat'><strong>:</strong></span> <span class='ocrx_word' id='word_1_710' title='bbox 438 5608 472 5646; x_wconf 70' lang='grc' dir='ltr'><strong><em>ις</em></strong></span> <span class='ocrx_word' id='word_1_711' title='bbox 501 5589 721 5646; x_wconf 88' lang='lat' dir='ltr'>etenim</span> <span class='ocrx_word' id='word_1_712' title='bbox 751 5588 944 5661; x_wconf 85' lang='lat' dir='ltr'>senui,</span> <span class='ocrx_word' id='word_1_713' title='bbox 989 5612 1012 5640; x_wconf 75' lang='grc' dir='ltr'>ι)</span> <span class='ocrx_word' id='word_1_714' title='bbox 1048 5589 1106 5645; x_wconf 91' lang='lat' dir='ltr'>id</span> <span class='ocrx_word' id='word_1_715' title='bbox 1156 5593 1267 5658; x_wconf 86' lang='lat' dir='ltr'>est,</span> <span class='ocrx_word' id='word_1_716' title='bbox 1314 5589 1388 5645; x_wconf 89' lang='lat' dir='ltr'>ad</span> <span class='ocrx_word' id='word_1_717' title='bbox 1438 5591 1814 5647; x_wconf 86' lang='lat' dir='ltr'>reverendam</span> 
     </span>
    </p>
   </div>
   <div class='ocr_carea' id='block_1_90' title="bbox 145 5676 1818 5751">
    <p class='ocr_par' dir='ltr' id='par_1_90' title="bbox 145 5676 1818 5751">
     <span class='ocr_line' id='line_1_90' title="bbox 145 5676 1818 5751; baseline -0.004 -10"><span class='ocrx_word' id='word_1_718' title='bbox 145 5680 381 5740; x_wconf 68' lang='lat' dir='ltr'>etatem</span> <span class='ocrx_word' id='word_1_719' title='bbox 411 5676 636 5747; x_wconf 74' lang='lat' dir='ltr'>veni,id</span> <span class='ocrx_word' id='word_1_720' title='bbox 656 5678 859 5748; x_wconf 46' lang='grc' dir='ltr'>θειάξά</span> <span class='ocrx_word' id='word_1_721' title='bbox 880 5682 1116 5751; x_wconf 89' lang='lat' dir='ltr'>tempus</span> <span class='ocrx_word' id='word_1_722' title='bbox 1126 5677 1278 5733; x_wconf 89' lang='lat' dir='ltr'>illud</span> <span class='ocrx_word' id='word_1_723' title='bbox 1296 5678 1357 5733; x_wconf 89' lang='lat' dir='ltr'>in</span> <span class='ocrx_word' id='word_1_724' title='bbox 1374 5679 1532 5751; x_wconf 90' lang='lat' dir='ltr'>quod</span> <span class='ocrx_word' id='word_1_725' title='bbox 1554 5677 1818 5751; x_wconf 81' lang='lat' dir='ltr'>frigescit</span> 
     </span>
    </p>
   </div>
   <div class='ocr_carea' id='block_1_91' title="bbox 144 5764 1843 5845">
    <p class='ocr_par' dir='ltr' id='par_1_91' title="bbox 144 5764 1843 5845">
     <span class='ocr_line' id='line_1_91' title="bbox 144 5764 1843 5845; baseline 0.002 -20"><span class='ocrx_word' id='word_1_726' title='bbox 144 5764 796 5843; x_wconf 45' lang='lat' dir='ltr'>charitaazmultonum,</span> <span class='ocrx_word' id='word_1_727' title='bbox 829 5767 987 5828; x_wconf 81' lang='lat' dir='ltr'>sicut</span> <span class='ocrx_word' id='word_1_728' title='bbox 1032 5767 1302 5828; x_wconf 80' lang='lat' dir='ltr'>futurum</span> <span class='ocrx_word' id='word_1_729' title='bbox 1335 5770 1427 5828; x_wconf 78' lang='lat' dir='ltr'>est</span> <span class='ocrx_word' id='word_1_730' title='bbox 1462 5767 1525 5828; x_wconf 86' lang='lat' dir='ltr'>in</span> <span class='ocrx_word' id='word_1_731' title='bbox 1553 5770 1843 5845; x_wconf 56' lang='lat' dir='ltr'>tempore»</span> 
     </span>
    </p>
   </div>
   <div class='ocr_carea' id='block_1_92' title="bbox 1914 3442 3563 3517">
    <p class='ocr_par' dir='ltr' id='par_1_92' title="bbox 1914 3442 3563 3517">
     <span class='ocr_line' id='line_1_92' title="bbox 1914 3442 3563 3517; baseline -0.001 -17"><span class='ocrx_word' id='word_1_732' title='bbox 1914 3445 2182 3517; x_wconf 88' lang='lat' dir='ltr'>simplex,</span> <span class='ocrx_word' id='word_1_733' title='bbox 2220 3468 2247 3495; x_wconf 87' lang='grc'><em>‹‹</em></span> <span class='ocrx_word' id='word_1_734' title='bbox 2276 3444 2505 3500; x_wconf 90' lang='lat' dir='ltr'>declina</span> <span class='ocrx_word' id='word_1_735' title='bbox 2536 3461 2568 3500; x_wconf 91' lang='lat' dir='ltr'>a</span> <span class='ocrx_word' id='word_1_736' title='bbox 2600 3443 2777 3510; x_wconf 89' lang='lat' dir='ltr'>malo,</span> <span class='ocrx_word' id='word_1_737' title='bbox 2805 3467 2825 3494; x_wconf 76' lang='grc' dir='ltr'>ιι</span> <span class='ocrx_word' id='word_1_738' title='bbox 2863 3448 2919 3499; x_wconf 92' lang='lat' dir='ltr'>et</span> <span class='ocrx_word' id='word_1_739' title='bbox 2949 3442 3089 3516; x_wconf 88' lang='lat' dir='ltr'>quia</span> <span class='ocrx_word' id='word_1_740' title='bbox 3116 3461 3234 3499; x_wconf 92' lang='lat' dir='ltr'>non</span> <span class='ocrx_word' id='word_1_741' title='bbox 3265 3444 3563 3499; x_wconf 81' lang='lat' dir='ltr'>sufﬁceret</span> 
     </span>
    </p>
   </div>
   <div class='ocr_carea' id='block_1_93' title="bbox 1913 3532 3563 3602">
    <p class='ocr_par' dir='ltr' id='par_1_93' title="bbox 1913 3532 3563 3602">
     <span class='ocr_line' id='line_1_93' title="bbox 1913 3532 3563 3602; baseline -0.002 -12"><span class='ocrx_word' id='word_1_742' title='bbox 1913 3552 2142 3591; x_wconf 89' lang='lat' dir='ltr'>cessare</span> <span class='ocrx_word' id='word_1_743' title='bbox 2168 3551 2201 3590; x_wconf 87' lang='lat' dir='ltr'>a</span> <span class='ocrx_word' id='word_1_744' title='bbox 2230 3533 2406 3602; x_wconf 81' lang='lat' dir='ltr'>malo,</span> <span class='ocrx_word' id='word_1_745' title='bbox 2440 3533 2553 3590; x_wconf 90' lang='lat' dir='ltr'>nisi</span> <span class='ocrx_word' id='word_1_746' title='bbox 2582 3534 2745 3589; x_wconf 83' lang='lat' dir='ltr'>ﬁeret</span> <span class='ocrx_word' id='word_1_747' title='bbox 2771 3533 3015 3602; x_wconf 89' lang='lat' dir='ltr'>bonum,</span> <span class='ocrx_word' id='word_1_748' title='bbox 3049 3534 3249 3589; x_wconf 89' lang='lat' dir='ltr'>subdit</span> <span class='ocrx_word' id='word_1_749' title='bbox 3281 3549 3295 3588; x_wconf 89' lang='lat'><strong>:</strong></span> <span class='ocrx_word' id='word_1_750' title='bbox 3326 3555 3355 3585; x_wconf 84' lang='lat'>«</span> <span class='ocrx_word' id='word_1_751' title='bbox 3386 3537 3445 3589; x_wconf 91' lang='lat' dir='ltr'>et</span> <span class='ocrx_word' id='word_1_752' title='bbox 3474 3532 3563 3588; x_wconf 87' lang='lat' dir='ltr'>fac</span> 
     </span>
    </p>
   </div>
   <div class='ocr_carea' id='block_1_94' title="bbox 1912 3621 3563 3692">
    <p class='ocr_par' dir='ltr' id='par_1_94' title="bbox 1912 3621 3563 3692">
     <span class='ocr_line' id='line_1_94' title="bbox 1912 3621 3563 3692; baseline -0.002 -11"><span class='ocrx_word' id='word_1_753' title='bbox 1912 3625 2155 3692; x_wconf 88' lang='lat' dir='ltr'>bonum,</span> <span class='ocrx_word' id='word_1_754' title='bbox 2181 3646 2210 3675; x_wconf 89' lang='grc'><strong>››</strong></span> <span class='ocrx_word' id='word_1_755' title='bbox 2246 3628 2305 3679; x_wconf 90' lang='lat' dir='ltr'>et</span> <span class='ocrx_word' id='word_1_756' title='bbox 2333 3623 2418 3680; x_wconf 89' lang='lat' dir='ltr'>sic</span> <span class='ocrx_word' id='word_1_757' title='bbox 2449 3646 2471 3673; x_wconf 77' lang='grc' dir='ltr'><strong><em>α</em></strong></span> <span class='ocrx_word' id='word_1_758' title='bbox 2505 3622 2771 3678; x_wconf 89' lang='lat' dir='ltr'>inhabita</span> <span class='ocrx_word' id='word_1_759' title='bbox 2800 3644 2828 3674; x_wconf 73' lang='lat' dir='ltr'>n</span> <span class='ocrx_word' id='word_1_760' title='bbox 2863 3622 3077 3679; x_wconf 73' lang='lat' dir='ltr'>caelum</span> <span class='ocrx_word' id='word_1_761' title='bbox 3114 3643 3136 3673; x_wconf 74' lang='grc' dir='ltr'>ι</span> <span class='ocrx_word' id='word_1_762' title='bbox 3169 3623 3230 3678; x_wconf 92' lang='lat' dir='ltr'>in</span> <span class='ocrx_word' id='word_1_763' title='bbox 3281 3621 3563 3679; x_wconf 65' lang='lat' dir='ltr'>saeculum</span> 
     </span>
    </p>
   </div>
   <div class='ocr_carea' id='block_1_95' title="bbox 1914 3711 3577 3791">
    <p class='ocr_par' dir='ltr' id='par_1_95' title="bbox 1914 3711 3577 3791">
     <span class='ocr_line' id='line_1_95' title="bbox 1914 3711 3577 3791; baseline -0.002 -21"><span class='ocrx_word' id='word_1_764' title='bbox 1914 3714 2172 3781; x_wconf 70' lang='lat' dir='ltr'>seaculi,»</span> <span class='ocrx_word' id='word_1_765' title='bbox 2206 3713 2267 3768; x_wconf 93' lang='lat' dir='ltr'>id</span> <span class='ocrx_word' id='word_1_766' title='bbox 2301 3716 2390 3769; x_wconf 90' lang='lat' dir='ltr'>est</span> <span class='ocrx_word' id='word_1_767' title='bbox 2418 3712 2478 3769; x_wconf 91' lang='lat' dir='ltr'>in</span> <span class='ocrx_word' id='word_1_768' title='bbox 2511 3717 2815 3768; x_wconf 62' lang='lat' dir='ltr'>internum.</span> <span class='ocrx_word' id='word_1_769' title='bbox 2849 3712 3129 3769; x_wconf 88' lang='lat' dir='ltr'>Habitant</span> <span class='ocrx_word' id='word_1_770' title='bbox 3158 3711 3577 3791; x_wconf 32' lang='lat' dir='ltr'>quidemjusti‘</span> 
     </span>
    </p>
   </div>
   <div class='ocr_carea' id='block_1_96' title="bbox 1912 3799 3577 3875">
    <p class='ocr_par' dir='ltr' id='par_1_96' title="bbox 1912 3799 3577 3875">
     <span class='ocr_line' id='line_1_96' title="bbox 1912 3799 3577 3875; baseline -0.001 -17"><span class='ocrx_word' id='word_1_771' title='bbox 1912 3803 1973 3858; x_wconf 89' lang='lat' dir='ltr'>in</span> <span class='ocrx_word' id='word_1_772' title='bbox 2022 3802 2133 3859; x_wconf 88' lang='lat' dir='ltr'>hac</span> <span class='ocrx_word' id='word_1_773' title='bbox 2177 3803 2297 3859; x_wconf 89' lang='lat' dir='ltr'>vita</span> <span class='ocrx_word' id='word_1_774' title='bbox 2341 3819 2444 3875; x_wconf 91' lang='lat' dir='ltr'>spe</span> <span class='ocrx_word' id='word_1_775' title='bbox 2488 3801 2721 3873; x_wconf 81' lang='lat' dir='ltr'>cmlum,</span> <span class='ocrx_word' id='word_1_776' title='bbox 2754 3802 2909 3873; x_wconf 92' lang='lat' dir='ltr'>quod</span> <span class='ocrx_word' id='word_1_777' title='bbox 2941 3800 3331 3874; x_wconf 90' lang='lat' dir='ltr'>possidebunt</span> <span class='ocrx_word' id='word_1_778' title='bbox 3358 3800 3419 3854; x_wconf 92' lang='lat' dir='ltr'>in</span> <span class='ocrx_word' id='word_1_779' title='bbox 3450 3799 3577 3857; x_wconf 73' lang='lat' dir='ltr'>alia</span> 
     </span>
    </p>
   </div>
   <div class='ocr_carea' id='block_1_97' title="bbox 1911 3890 2234 3946">
    <p class='ocr_par' dir='ltr' id='par_1_97' title="bbox 1911 3890 2234 3946">
     <span class='ocr_line' id='line_1_97' title="bbox 1911 3890 2234 3946; baseline -0.003 -1"><span class='ocrx_word' id='word_1_780' title='bbox 1911 3890 2031 3946; x_wconf 89' lang='lat' dir='ltr'>vita</span> <span class='ocrx_word' id='word_1_781' title='bbox 2061 3890 2121 3945; x_wconf 90' lang='lat' dir='ltr'>in</span> <span class='ocrx_word' id='word_1_782' title='bbox 2152 3907 2234 3945; x_wconf 89' lang='lat' dir='ltr'>re.</span> 
     </span>
    </p>
   </div>
   <div class='ocr_carea' id='block_1_98' title="bbox 1984 3972 3564 4049">
    <p class='ocr_par' dir='ltr' id='par_1_98' title="bbox 1984 3972 3564 4049">
     <span class='ocr_line' id='line_1_98' title="bbox 1984 3972 3564 4049; baseline -0.003 -14"><span class='ocrx_word' id='word_1_783' title='bbox 1984 3979 2123 4036; x_wconf 92' lang='lat' dir='ltr'>Dico</span> <span class='ocrx_word' id='word_1_784' title='bbox 2154 3978 2244 4034; x_wconf 87' lang='lat' dir='ltr'>fac</span> <span class='ocrx_word' id='word_1_785' title='bbox 2264 3978 2574 4049; x_wconf 89' lang='lat' dir='ltr'>honum,et</span> <span class='ocrx_word' id='word_1_786' title='bbox 2605 3976 2792 4033; x_wconf 85' lang='lat' dir='ltr'>facere</span> <span class='ocrx_word' id='word_1_787' title='bbox 2822 3975 3022 4046; x_wconf 89' lang='lat' dir='ltr'>debes,</span> <span class='ocrx_word' id='word_1_788' title='bbox 3045 3996 3073 4025; x_wconf 87' lang='grc'><strong>‹‹</strong></span> <span class='ocrx_word' id='word_1_789' title='bbox 3105 3975 3245 4046; x_wconf 90' lang='lat' dir='ltr'>quia</span> <span class='ocrx_word' id='word_1_790' title='bbox 3275 3972 3564 4031; x_wconf 88' lang='lat' dir='ltr'>Dominus</span> 
     </span>
    </p>
   </div>
   <div class='ocr_carea' id='block_1_99' title="bbox 1914 4063 3566 4139">
    <p class='ocr_par' dir='ltr' id='par_1_99' title="bbox 1914 4063 3566 4139">
     <span class='ocr_line' id='line_1_99' title="bbox 1914 4063 3566 4139; baseline -0.004 -16"><span class='ocrx_word' id='word_1_791' title='bbox 1914 4072 2077 4124; x_wconf 90' lang='lat' dir='ltr'>amat</span> <span class='ocrx_word' id='word_1_792' title='bbox 2091 4066 2411 4139; x_wconf 90' lang='lat' dir='ltr'>judicium,</span> <span class='ocrx_word' id='word_1_793' title='bbox 2445 4087 2467 4115; x_wconf 71' lang='grc' dir='ltr'><strong><em>ι</em></strong></span> <span class='ocrx_word' id='word_1_794' title='bbox 2490 4066 2548 4121; x_wconf 90' lang='lat' dir='ltr'>id</span> <span class='ocrx_word' id='word_1_795' title='bbox 2580 4068 2669 4120; x_wconf 90' lang='lat' dir='ltr'>est</span> <span class='ocrx_word' id='word_1_796' title='bbox 2697 4063 3261 4134; x_wconf 89' lang='lat' dir='ltr'>discretionem,qua</span> <span class='ocrx_word' id='word_1_797' title='bbox 3291 4066 3566 4134; x_wconf 88' lang='lat' dir='ltr'>separent</span> 
     </span>
    </p>
   </div>
   <div class='ocr_carea' id='block_1_100' title="bbox 1903 4150 3565 4229">
    <p class='ocr_par' dir='ltr' id='par_1_100' title="bbox 1903 4150 3565 4229">
     <span class='ocr_line' id='line_1_100' title="bbox 1903 4150 3565 4229; baseline -0.003 -17"><span class='ocrx_word' id='word_1_798' title='bbox 1903 4156 2053 4229; x_wconf 90' lang='lat' dir='ltr'>justi</span> <span class='ocrx_word' id='word_1_799' title='bbox 2084 4156 2238 4210; x_wconf 93' lang='lat' dir='ltr'>bona</span> <span class='ocrx_word' id='word_1_800' title='bbox 2266 4171 2302 4210; x_wconf 91' lang='lat' dir='ltr'>a</span> <span class='ocrx_word' id='word_1_801' title='bbox 2331 4153 2503 4209; x_wconf 89' lang='lat' dir='ltr'>malis</span> <span class='ocrx_word' id='word_1_802' title='bbox 2536 4170 2550 4209; x_wconf 88' lang='lat'><strong>:</strong></span> <span class='ocrx_word' id='word_1_803' title='bbox 2585 4157 2642 4210; x_wconf 91' lang='lat' dir='ltr'>et</span> <span class='ocrx_word' id='word_1_804' title='bbox 2670 4153 2796 4225; x_wconf 90' lang='lat' dir='ltr'>ipse</span> <span class='ocrx_word' id='word_1_805' title='bbox 2824 4151 3152 4208; x_wconf 88' lang='lat' dir='ltr'>Dominus»</span> <span class='ocrx_word' id='word_1_806' title='bbox 3168 4168 3285 4207; x_wconf 88' lang='lat' dir='ltr'>non</span> <span class='ocrx_word' id='word_1_807' title='bbox 3317 4150 3565 4207; x_wconf 89' lang='lat' dir='ltr'>derelin-</span> 
     </span>
    </p>
   </div>
   <div class='ocr_carea' id='block_1_101' title="bbox 1915 4241 3563 4318">
    <p class='ocr_par' dir='ltr' id='par_1_101' title="bbox 1915 4241 3563 4318">
     <span class='ocr_line' id='line_1_101' title="bbox 1915 4241 3563 4318; baseline -0.003 -17"><span class='ocrx_word' id='word_1_808' title='bbox 1915 4249 2054 4318; x_wconf 89' lang='lat' dir='ltr'>quet</span> <span class='ocrx_word' id='word_1_809' title='bbox 2080 4266 2108 4295; x_wconf 84' lang='grc'><strong>››</strong></span> <span class='ocrx_word' id='word_1_810' title='bbox 2144 4242 2206 4298; x_wconf 92' lang='lat' dir='ltr'>in</span> <span class='ocrx_word' id='word_1_811' title='bbox 2238 4242 2349 4301; x_wconf 89' lang='lat' dir='ltr'>hac</span> <span class='ocrx_word' id='word_1_812' title='bbox 2375 4243 2498 4299; x_wconf 88' lang='lat' dir='ltr'>vita</span> <span class='ocrx_word' id='word_1_813' title='bbox 2530 4265 2551 4292; x_wconf 75' lang='grc' dir='ltr'>ι</span> <span class='ocrx_word' id='word_1_814' title='bbox 2587 4246 2821 4298; x_wconf 90' lang='lat' dir='ltr'>sanctos</span> <span class='ocrx_word' id='word_1_815' title='bbox 2852 4258 3012 4311; x_wconf 89' lang='lat' dir='ltr'>suos,</span> <span class='ocrx_word' id='word_1_816' title='bbox 3042 4263 3070 4293; x_wconf 71' lang='grc' dir='ltr'><strong>η</strong></span> <span class='ocrx_word' id='word_1_817' title='bbox 3106 4241 3224 4298; x_wconf 93' lang='lat' dir='ltr'>imo</span> <span class='ocrx_word' id='word_1_818' title='bbox 3260 4263 3289 4291; x_wconf 72' lang='grc' dir='ltr'>ι(</span> <span class='ocrx_word' id='word_1_819' title='bbox 3327 4256 3563 4296; x_wconf 85' lang='lat' dir='ltr'>conser-</span> 
     </span>
    </p>
   </div>
   <div class='ocr_carea' id='block_1_102' title="bbox 1912 4331 3131 4401">
    <p class='ocr_par' dir='ltr' id='par_1_102' title="bbox 1912 4331 3131 4401">
     <span class='ocr_line' id='line_1_102' title="bbox 1912 4331 3131 4401; baseline -0.007 -10"><span class='ocrx_word' id='word_1_820' title='bbox 1912 4335 2226 4401; x_wconf 90' lang='lat' dir='ltr'>vabuntur,</span> <span class='ocrx_word' id='word_1_821' title='bbox 2260 4354 2288 4383; x_wconf 87' lang='lat'>»</span> <span class='ocrx_word' id='word_1_822' title='bbox 2325 4332 2591 4388; x_wconf 84' lang='lat' dir='ltr'>ducendo</span> <span class='ocrx_word' id='word_1_823' title='bbox 2625 4354 2654 4382; x_wconf 87' lang='grc'>‹‹</span> <span class='ocrx_word' id='word_1_824' title='bbox 2686 4331 2746 4387; x_wconf 92' lang='lat' dir='ltr'>in</span> <span class='ocrx_word' id='word_1_825' title='bbox 2780 4336 3131 4388; x_wconf 68' lang='lat' dir='ltr'>aeternum.»</span> 
     </span>
    </p>
   </div>
   <div class='ocr_carea' id='block_1_103' title="bbox 1986 4418 3561 4495">
    <p class='ocr_par' dir='ltr' id='par_1_103' title="bbox 1986 4418 3561 4495">
     <span class='ocr_line' id='line_1_103' title="bbox 1986 4418 3561 4495; baseline -0.004 -17"><span class='ocrx_word' id='word_1_826' title='bbox 1986 4424 2067 4479; x_wconf 84' lang='lat' dir='ltr'><strong>Ex</strong></span> <span class='ocrx_word' id='word_1_827' title='bbox 2098 4439 2213 4495; x_wconf 91' lang='lat' dir='ltr'>quo</span> <span class='ocrx_word' id='word_1_828' title='bbox 2243 4421 2361 4477; x_wconf 87' lang='lat' dir='ltr'>dixi</span> <span class='ocrx_word' id='word_1_829' title='bbox 2384 4420 2589 4492; x_wconf 89' lang='lat' dir='ltr'>junior</span> <span class='ocrx_word' id='word_1_830' title='bbox 2617 4420 2721 4489; x_wconf 86' lang='lat' dir='ltr'>fui,</span> <span class='ocrx_word' id='word_1_831' title='bbox 2752 4419 2958 4492; x_wconf 90' lang='lat' dir='ltr'>incipit</span> <span class='ocrx_word' id='word_1_832' title='bbox 2997 4436 3135 4493; x_wconf 88' lang='lat' dir='ltr'>pars</span> <span class='ocrx_word' id='word_1_833' title='bbox 3173 4420 3365 4475; x_wconf 88' lang='lat' dir='ltr'>tertia.</span> <span class='ocrx_word' id='word_1_834' title='bbox 3400 4418 3561 4486; x_wconf 90' lang='lat' dir='ltr'>Dico,</span> 
     </span>
    </p>
   </div>
   <div class='ocr_carea' id='block_1_104' title="bbox 1917 4506 3587 4571">
    <p class='ocr_par' dir='ltr' id='par_1_104' title="bbox 1917 4506 3587 4571">
     <span class='ocr_line' id='line_1_104' title="bbox 1917 4506 3587 4571; baseline -0.006 0"><span class='ocrx_word' id='word_1_835' title='bbox 1917 4513 2422 4571; x_wconf 89' lang='lat' dir='ltr'>conservabuntur</span> <span class='ocrx_word' id='word_1_836' title='bbox 2440 4515 2497 4566; x_wconf 91' lang='lat' dir='ltr'>et</span> <span class='ocrx_word' id='word_1_837' title='bbox 2517 4509 2869 4567; x_wconf 89' lang='lat' dir='ltr'>obtinebunt</span> <span class='ocrx_word' id='word_1_838' title='bbox 2889 4509 3051 4565; x_wconf 91' lang='lat' dir='ltr'>illam</span> <span class='ocrx_word' id='word_1_839' title='bbox 3073 4506 3467 4564; x_wconf 76' lang='lat' dir='ltr'>haereditatem</span> <span class='ocrx_word' id='word_1_840' title='bbox 3489 4507 3563 4562; x_wconf 89' lang='lat' dir='ltr'>ad</span> <span class='ocrx_word' id='word_1_841' title='bbox 3582 4538 3587 4541; x_wconf 97' lang='lat'><em>-</em></span> 
     </span>
    </p>
   </div>
   <div class='ocr_carea' id='block_1_105' title="bbox 1917 4595 3565 4677">
    <p class='ocr_par' dir='ltr' id='par_1_105' title="bbox 1917 4595 3565 4677">
     <span class='ocr_line' id='line_1_105' title="bbox 1917 4595 3565 4677; baseline -0.005 -17"><span class='ocrx_word' id='word_1_842' title='bbox 1917 4620 2095 4677; x_wconf 86' lang='lat' dir='ltr'>quam</span> <span class='ocrx_word' id='word_1_843' title='bbox 2121 4601 2656 4667; x_wconf 87' lang='lat' dir='ltr'>conservabuntur;</span> <span class='ocrx_word' id='word_1_844' title='bbox 2690 4602 2749 4654; x_wconf 90' lang='lat' dir='ltr'>et</span> <span class='ocrx_word' id='word_1_845' title='bbox 2777 4598 2888 4655; x_wconf 92' lang='lat' dir='ltr'>hoc</span> <span class='ocrx_word' id='word_1_846' title='bbox 2908 4597 3196 4653; x_wconf 82' lang='lat' dir='ltr'>habemus</span> <span class='ocrx_word' id='word_1_847' title='bbox 3218 4595 3565 4667; x_wconf 90' lang='lat' dir='ltr'>interposito</span> 
     </span>
    </p>
   </div>
   <div class='ocr_carea' id='block_1_106' title="bbox 1832 4685 3566 4770">
    <p class='ocr_par' dir='ltr' id='par_1_106' title="bbox 1832 4685 3566 4770">
     <span class='ocr_line' id='line_1_106' title="bbox 1832 4685 3566 4770; baseline -0.006 -20"><span class='ocrx_word' id='word_1_848' title='bbox 1832 4704 1881 4770; x_wconf 82' lang='lat' dir='ltr'><strong>D</strong></span> <span class='ocrx_word' id='word_1_849' title='bbox 1917 4710 2089 4750; x_wconf 89' lang='lat' dir='ltr'>versu</span> <span class='ocrx_word' id='word_1_850' title='bbox 2121 4691 2223 4747; x_wconf 89' lang='lat' dir='ltr'>ubi</span> <span class='ocrx_word' id='word_1_851' title='bbox 2251 4688 2659 4747; x_wconf 77' lang='lat' dir='ltr'>dicituerusti</span> <span class='ocrx_word' id='word_1_852' title='bbox 2685 4692 2881 4743; x_wconf 83' lang='lat' dir='ltr'>autem</span> <span class='ocrx_word' id='word_1_853' title='bbox 2902 4685 3331 4742; x_wconf 65' lang='lat' dir='ltr'>haereditabunt</span> <span class='ocrx_word' id='word_1_854' title='bbox 3350 4688 3566 4740; x_wconf 88' lang='lat' dir='ltr'>terram</span> 
     </span>
    </p>
   </div>
   <div class='ocr_carea' id='block_1_107' title="bbox 1921 4772 3561 4852">
    <p class='ocr_par' dir='ltr' id='par_1_107' title="bbox 1921 4772 3561 4852">
     <span class='ocr_line' id='line_1_107' title="bbox 1921 4772 3561 4852; baseline -0.006 -13"><span class='ocrx_word' id='word_1_855' title='bbox 1921 4782 2263 4852; x_wconf 88' lang='lat' dir='ltr'>viventium,</span> <span class='ocrx_word' id='word_1_856' title='bbox 2296 4784 2353 4836; x_wconf 88' lang='lat' dir='ltr'>et</span> <span class='ocrx_word' id='word_1_857' title='bbox 2380 4779 2490 4835; x_wconf 89' lang='lat' dir='ltr'>hoc</span> <span class='ocrx_word' id='word_1_858' title='bbox 2520 4794 2637 4832; x_wconf 89' lang='lat' dir='ltr'>non</span> <span class='ocrx_word' id='word_1_859' title='bbox 2670 4778 2742 4832; x_wconf 90' lang='lat' dir='ltr'>ad</span> <span class='ocrx_word' id='word_1_860' title='bbox 2771 4781 3026 4848; x_wconf 89' lang='lat' dir='ltr'>tempus,</span> <span class='ocrx_word' id='word_1_861' title='bbox 3060 4774 3162 4831; x_wconf 88' lang='lat' dir='ltr'>sed</span> <span class='ocrx_word' id='word_1_862' title='bbox 3191 4772 3561 4830; x_wconf 67' lang='lat' dir='ltr'>aeternaliter.</span> 
     </span>
    </p>
   </div>
   <div class='ocr_carea' id='block_1_108' title="bbox 1922 4860 3570 4938">
    <p class='ocr_par' dir='ltr' id='par_1_108' title="bbox 1922 4860 3570 4938">
     <span class='ocr_line' id='line_1_108' title="bbox 1922 4860 3570 4938; baseline -0.006 -11"><span class='ocrx_word' id='word_1_863' title='bbox 1922 4871 2084 4938; x_wconf 87' lang='lat' dir='ltr'>Quod</span> <span class='ocrx_word' id='word_1_864' title='bbox 2116 4868 2275 4938; x_wconf 90' lang='lat' dir='ltr'>dicit,</span> <span class='ocrx_word' id='word_1_865' title='bbox 2297 4873 2356 4924; x_wconf 91' lang='lat' dir='ltr'>et</span> <span class='ocrx_word' id='word_1_866' title='bbox 2384 4866 2734 4924; x_wconf 80' lang='lat' dir='ltr'>habitabant</span> <span class='ocrx_word' id='word_1_867' title='bbox 2762 4865 2820 4920; x_wconf 93' lang='lat' dir='ltr'>in</span> <span class='ocrx_word' id='word_1_868' title='bbox 2852 4863 3133 4921; x_wconf 78' lang='lat' dir='ltr'>szeculum</span> <span class='ocrx_word' id='word_1_869' title='bbox 3164 4860 3363 4919; x_wconf 66' lang='lat' dir='ltr'>saeculi</span> <span class='ocrx_word' id='word_1_870' title='bbox 3390 4878 3570 4934; x_wconf 87' lang='lat' dir='ltr'>super</span> 
     </span>
    </p>
   </div>
   <div class='ocr_carea' id='block_1_109' title="bbox 1921 4948 3566 5031">
    <p class='ocr_par' dir='ltr' id='par_1_109' title="bbox 1921 4948 3566 5031">
     <span class='ocr_line' id='line_1_109' title="bbox 1921 4948 3566 5031; baseline -0.007 -15"><span class='ocrx_word' id='word_1_871' title='bbox 1921 4957 2359 5031; x_wconf 87' lang='lat' dir='ltr'>eam,superius</span> <span class='ocrx_word' id='word_1_872' title='bbox 2387 4953 2700 5022; x_wconf 85' lang='lat' dir='ltr'>benedixit,</span> <span class='ocrx_word' id='word_1_873' title='bbox 2726 4954 2868 5026; x_wconf 90' lang='lat' dir='ltr'>quia</span> <span class='ocrx_word' id='word_1_874' title='bbox 2894 4968 3264 5026; x_wconf 89' lang='lat' dir='ltr'>possessores</span> <span class='ocrx_word' id='word_1_875' title='bbox 3293 4955 3353 5007; x_wconf 90' lang='lat' dir='ltr'>et</span> <span class='ocrx_word' id='word_1_876' title='bbox 3369 4948 3566 5008; x_wconf 88' lang='lat' dir='ltr'>Domi-</span> 
     </span>
    </p>
   </div>
   <div class='ocr_carea' id='block_1_110' title="bbox 1922 5044 2593 5105">
    <p class='ocr_par' dir='ltr' id='par_1_110' title="bbox 1922 5044 2593 5105">
     <span class='ocr_line' id='line_1_110' title="bbox 1922 5044 2593 5105; baseline -0.01 0"><span class='ocrx_word' id='word_1_877' title='bbox 1922 5049 1981 5105; x_wconf 91' lang='lat' dir='ltr'>ni</span> <span class='ocrx_word' id='word_1_878' title='bbox 2011 5053 2185 5104; x_wconf 90' lang='lat' dir='ltr'>erunt</span> <span class='ocrx_word' id='word_1_879' title='bbox 2216 5051 2382 5101; x_wconf 69' lang='lat' dir='ltr'>terra:</span> <span class='ocrx_word' id='word_1_880' title='bbox 2411 5044 2593 5100; x_wconf 90' lang='lat' dir='ltr'>illius.</span> 
     </span>
    </p>
   </div>
   <div class='ocr_carea' id='block_1_111' title="bbox 1994 5130 3568 5210">
    <p class='ocr_par' dir='ltr' id='par_1_111' title="bbox 1994 5130 3568 5210">
     <span class='ocr_line' id='line_1_111' title="bbox 1994 5130 3568 5210; baseline -0.006 -16"><span class='ocrx_word' id='word_1_881' title='bbox 1994 5134 2350 5210; x_wconf 86' lang='lat' dir='ltr'>Interposuit</span> <span class='ocrx_word' id='word_1_882' title='bbox 2368 5135 2441 5190; x_wconf 93' lang='lat' dir='ltr'>de</span> <span class='ocrx_word' id='word_1_883' title='bbox 2461 5132 2754 5206; x_wconf 90' lang='lat' dir='ltr'>impiis,ut</span> <span class='ocrx_word' id='word_1_884' title='bbox 2774 5149 2876 5204; x_wconf 91' lang='lat' dir='ltr'>per</span> <span class='ocrx_word' id='word_1_885' title='bbox 2895 5148 3127 5205; x_wconf 87' lang='lat' dir='ltr'>poenam</span> <span class='ocrx_word' id='word_1_886' title='bbox 3149 5147 3353 5189; x_wconf 89' lang='lat' dir='ltr'>eorum</span> <span class='ocrx_word' id='word_1_887' title='bbox 3379 5130 3568 5185; x_wconf 89' lang='lat' dir='ltr'>detor-</span> 
     </span>
    </p>
   </div>
   <div class='ocr_carea' id='block_1_112' title="bbox 1923 5218 3567 5298">
    <p class='ocr_par' dir='ltr' id='par_1_112' title="bbox 1923 5218 3567 5298">
     <span class='ocr_line' id='line_1_112' title="bbox 1923 5218 3567 5298; baseline -0.006 -14"><span class='ocrx_word' id='word_1_888' title='bbox 1923 5232 2046 5285; x_wconf 88' lang='lat' dir='ltr'>reat</span> <span class='ocrx_word' id='word_1_889' title='bbox 2066 5228 2287 5298; x_wconf 90' lang='lat' dir='ltr'>justos.</span> <span class='ocrx_word' id='word_1_890' title='bbox 2320 5222 2694 5280; x_wconf 90' lang='lat' dir='ltr'>Continuatio</span> <span class='ocrx_word' id='word_1_891' title='bbox 2726 5239 2739 5276; x_wconf 89' lang='lat'><strong>:</strong></span> <span class='ocrx_word' id='word_1_892' title='bbox 2770 5221 2925 5278; x_wconf 84' lang='lat' dir='ltr'>Justi</span> <span class='ocrx_word' id='word_1_893' title='bbox 2968 5220 3471 5277; x_wconf 84' lang='lat' dir='ltr'>conservabuntur</span> <span class='ocrx_word' id='word_1_894' title='bbox 3508 5218 3567 5274; x_wconf 90' lang='lat' dir='ltr'>in</span> 
     </span>
    </p>
   </div>
   <div class='ocr_carea' id='block_1_113' title="bbox 1921 5310 3623 5385">
    <p class='ocr_par' dir='ltr' id='par_1_113' title="bbox 1921 5310 3623 5385">
     <span class='ocr_line' id='line_1_113' title="bbox 1921 5310 3623 5385; baseline -0.004 -12"><span class='ocrx_word' id='word_1_895' title='bbox 1921 5322 2226 5384; x_wconf 64' lang='lat' dir='ltr'>aeternum,</span> <span class='ocrx_word' id='word_1_896' title='bbox 2261 5314 2363 5371; x_wconf 90' lang='lat' dir='ltr'>sed</span> <span class='ocrx_word' id='word_1_897' title='bbox 2394 5312 2561 5385; x_wconf 92' lang='lat' dir='ltr'>impii</span> <span class='ocrx_word' id='word_1_898' title='bbox 2585 5311 2904 5384; x_wconf 88' lang='lat' dir='ltr'>punientur</span> <span class='ocrx_word' id='word_1_899' title='bbox 2924 5310 2983 5365; x_wconf 92' lang='lat' dir='ltr'>in</span> <span class='ocrx_word' id='word_1_900' title='bbox 3005 5314 3311 5377; x_wconf 68' lang='lat' dir='ltr'>aeternum,</span> <span class='ocrx_word' id='word_1_901' title='bbox 3352 5332 3372 5360; x_wconf 79' lang='grc' dir='ltr'>ι</span> <span class='ocrx_word' id='word_1_902' title='bbox 3398 5312 3456 5365; x_wconf 91' lang='lat' dir='ltr'>et</span> <span class='ocrx_word' id='word_1_903' title='bbox 3485 5323 3573 5364; x_wconf 84' lang='lat' dir='ltr'>se-</span> <span class='ocrx_word' id='word_1_904' title='bbox 3614 5360 3623 5367; x_wconf 94' lang='lat'>.</span> 
     </span>
    </p>
   </div>
   <div class='ocr_carea' id='block_1_114' title="bbox 1922 5395 3569 5479">
    <p class='ocr_par' dir='ltr' id='par_1_114' title="bbox 1922 5395 3569 5479">
     <span class='ocr_line' id='line_1_114' title="bbox 1922 5395 3569 5479; baseline -0.007 -16"><span class='ocrx_word' id='word_1_905' title='bbox 1922 5425 2080 5479; x_wconf 89' lang='lat' dir='ltr'>men,</span> <span class='ocrx_word' id='word_1_906' title='bbox 2116 5429 2142 5455; x_wconf 84' lang='lat'>»</span> <span class='ocrx_word' id='word_1_907' title='bbox 2174 5406 2234 5460; x_wconf 90' lang='lat' dir='ltr'>id</span> <span class='ocrx_word' id='word_1_908' title='bbox 2264 5408 2354 5460; x_wconf 90' lang='lat' dir='ltr'>est</span> <span class='ocrx_word' id='word_1_909' title='bbox 2383 5419 2623 5476; x_wconf 86' lang='lat' dir='ltr'>opera,«</span> <span class='ocrx_word' id='word_1_910' title='bbox 2645 5400 2961 5473; x_wconf 90' lang='lat' dir='ltr'>impiorum</span> <span class='ocrx_word' id='word_1_911' title='bbox 2994 5399 3261 5472; x_wconf 86' lang='lat' dir='ltr'>peribit,»</span> <span class='ocrx_word' id='word_1_912' title='bbox 3278 5398 3417 5471; x_wconf 85' lang='lat' dir='ltr'>quia</span> <span class='ocrx_word' id='word_1_913' title='bbox 3438 5395 3569 5452; x_wconf 84' lang='lat' dir='ltr'>nul-</span> 
     </span>
    </p>
   </div>
   <div class='ocr_carea' id='block_1_115' title="bbox 1921 5487 3573 5553">
    <p class='ocr_par' dir='ltr' id='par_1_115' title="bbox 1921 5487 3573 5553">
     <span class='ocr_line' id='line_1_115' title="bbox 1921 5487 3573 5553; baseline -0.007 0"><span class='ocrx_word' id='word_1_914' title='bbox 1921 5497 2041 5553; x_wconf 90' lang='lat' dir='ltr'>lam</span> <span class='ocrx_word' id='word_1_915' title='bbox 2072 5495 2329 5551; x_wconf 89' lang='lat' dir='ltr'>conferet</span> <span class='ocrx_word' id='word_1_916' title='bbox 2360 5492 2694 5548; x_wconf 89' lang='lat' dir='ltr'>utilitatem.</span> <span class='ocrx_word' id='word_1_917' title='bbox 2728 5491 2760 5547; x_wconf 87' lang='lat' dir='ltr'><strong>J</strong></span> <span class='ocrx_word' id='word_1_918' title='bbox 2767 5489 2882 5546; x_wconf 89' lang='lat' dir='ltr'>usti</span> <span class='ocrx_word' id='word_1_919' title='bbox 2913 5493 3109 5546; x_wconf 90' lang='lat' dir='ltr'>autem</span> <span class='ocrx_word' id='word_1_920' title='bbox 3140 5487 3573 5544; x_wconf 73' lang='lat' dir='ltr'>bzereditabunt</span> 
     </span>
    </p>
   </div>
   <div class='ocr_carea' id='block_1_116' title="bbox 1922 5577 3572 5653">
    <p class='ocr_par' dir='ltr' id='par_1_116' title="bbox 1922 5577 3572 5653">
     <span class='ocr_line' id='line_1_116' title="bbox 1922 5577 3572 5653; baseline -0.006 -11"><span class='ocrx_word' id='word_1_921' title='bbox 1922 5587 2276 5653; x_wconf 89' lang='lat' dir='ltr'>terram,etc.</span> <span class='ocrx_word' id='word_1_922' title='bbox 2296 5582 2453 5638; x_wconf 83' lang='lat' dir='ltr'>Dixit</span> <span class='ocrx_word' id='word_1_923' title='bbox 2481 5581 2637 5653; x_wconf 90' lang='lat' dir='ltr'>quod</span> <span class='ocrx_word' id='word_1_924' title='bbox 2668 5579 2952 5636; x_wconf 91' lang='lat' dir='ltr'>Dominus</span> <span class='ocrx_word' id='word_1_925' title='bbox 2981 5578 3143 5634; x_wconf 91' lang='lat' dir='ltr'>illam</span> <span class='ocrx_word' id='word_1_926' title='bbox 3173 5577 3572 5633; x_wconf 60' lang='lat' dir='ltr'>hereditatem</span> 
     </span>
    </p>
   </div>
   <div class='ocr_carea' id='block_1_117' title="bbox 1924 5667 3572 5743">
    <p class='ocr_par' dir='ltr' id='par_1_117' title="bbox 1924 5667 3572 5743">
     <span class='ocr_line' id='line_1_117' title="bbox 1924 5667 3572 5743; baseline -0.005 -13"><span class='ocrx_word' id='word_1_927' title='bbox 1924 5675 2025 5731; x_wconf 86' lang='lat' dir='ltr'>dat</span> <span class='ocrx_word' id='word_1_928' title='bbox 2045 5672 2270 5730; x_wconf 88' lang='lat' dir='ltr'>sanctis</span> <span class='ocrx_word' id='word_1_929' title='bbox 2280 5670 2608 5743; x_wconf 77' lang='lat' dir='ltr'>suis,modo</span> <span class='ocrx_word' id='word_1_930' title='bbox 2624 5686 2696 5725; x_wconf 92' lang='lat' dir='ltr'>ne</span> <span class='ocrx_word' id='word_1_931' title='bbox 2717 5668 2931 5743; x_wconf 89' lang='lat' dir='ltr'>aliquis</span> <span class='ocrx_word' id='word_1_932' title='bbox 2952 5667 3397 5741; x_wconf 86' lang='lat' dir='ltr'>parvipenderet</span> <span class='ocrx_word' id='word_1_933' title='bbox 3417 5681 3572 5742; x_wconf 88' lang='lat' dir='ltr'>eam,</span> 
     </span>
    </p>
   </div>
   <div class='ocr_carea' id='block_1_118' title="bbox 1925 5757 3480 5839">
    <p class='ocr_par' dir='ltr' id='par_1_118' title="bbox 1925 5757 3480 5839">
     <span class='ocr_line' id='line_1_118' title="bbox 1925 5757 3480 5839; baseline -0.004 -13"><span class='ocrx_word' id='word_1_934' title='bbox 1925 5761 2205 5826; x_wconf 78' lang='lat' dir='ltr'>describit</span> <span class='ocrx_word' id='word_1_935' title='bbox 2232 5778 2364 5824; x_wconf 84' lang='lat' dir='ltr'>eam</span> <span class='ocrx_word' id='word_1_936' title='bbox 2393 5764 2454 5822; x_wconf 83' lang='lat' dir='ltr'>et</span> <span class='ocrx_word' id='word_1_937' title='bbox 2480 5760 2722 5839; x_wconf 82' lang='lat' dir='ltr'>dignam</span> <span class='ocrx_word' id='word_1_938' title='bbox 2750 5758 3028 5820; x_wconf 78' lang='lat' dir='ltr'>ostendit.</span> <span class='ocrx_word' id='word_1_939' title='bbox 3061 5757 3434 5818; x_wconf 77' lang='lat' dir='ltr'>Continuatio</span> <span class='ocrx_word' id='word_1_940' title='bbox 3464 5773 3480 5820; x_wconf 84' lang='lat'><strong>:</strong></span> 
     </span>
    </p>
   </div>
  </div>
