3914 6438
121 493 233 555 325

1304 489 1807 554 EXPLANA'I‘IO
1850 492 1927 551 lN
1976 488 2359 552 PSALMOS.

3425 496 3540 559 326

122 642 417 699 nunquam
450 621 638 681 Deum
661 625 814 681 inter
838 626 921 681 tot
941 624 1097 679 mala
1127 625 1480 689 deseruisse,
1504 626 1602 679 sed
1628 641 1777 679 sem-
1807 627 1862 692 Α
1891 624 2221 696 exemplum
2269 625 2567 697 peccandi,
2602 623 2751 679 sicut
2799 624 3041 681 vulnera
3086 636 3546 701 corrumpuntur

121 734 219 790 per
248 716 305 771 in
337 732 404 772 eo
437 719 795 787 sperasse,et
823 716 895 769 ad
927 714 1194 787 graviora
1226 714 1565 785 patiendum
1598 732 1657 768 se
1686 731 1781 785 pa-

124 810 307 862 ratum
338 822 487 861 esse.
523 804 587 860 In
620 804 733 859 ﬁne
764 804 931 875 ponit
960 802 1018 857 in
1051 802 1428 858 conclusione
1459 802 1779 873 quamdam

122 893 563 952 exsultationem
583 892 653 947 de
672 891 985 964 impetrata
1005 890 1455 947 venia.1ntendit
1468 907 1573 945 nos
1587 890 1783 945 admo-

124 1000 274 1052 nere,
308 1000 425 1038 non
459 986 525 1037 ut
552 981 892 1048 timeamus,
928 981 1082 1036 sicut
1103 980 1239 1035 fecit
1270 981 1329 1034 in
1362 979 1474 1035 alio
1495 979 1780 1051 poeniten-

122 1071 241 1128 tiali
262 1071 620 1145 psalmo,sed
645 1074 710 1125 ut
723 1071 850 1140 jam
885 1070 1173 1141 patienter
1202 1069 1603 1125 sustineamus
1625 1084 1782 1139 quae-

126 1177 349 1234 cunque
379 1159 538 1216 mala
568 1160 639 1215 ad
673 1158 1086 1231 purgationem
1120 1161 1590 1231 peccatorum,ac
1622 1155 1671 1212 si
1701 1157 1785 1213 ita
1821 1205 1825 1209 .

124 1253 383 1306 moneret
414 1248 703 1321 pmnitens
736 1247 834 1319 qui
867 1246 1147 1318 loquitur.

192 1338 340 1407 Noli,
373 1339 788 1409 frater,rogare
818 1335 1025 1404 Deum,
1061 1339 1127 1391 ut
1157 1335 1312 1391 mala
1341 1335 1522 1406 hujus
1553 1335 1682 1389 vitae
1704 1351 1789 1391 re.

124 1432 350 1485 moveat
382 1444 418 1486 a
448 1429 523 1495 te,
560 1426 661 1481 sed
695 1441 799 1498 per
828 1424 972 1491 haec,
1005 1429 1220 1480 aeterna
1253 1428 1545 1480 removeat
1597 1440 1788 1479 exem-

125 1517 217 1591 plo
238 1514 490 1588 mei,qui
512 1532 629 1571 non
661 1515 731 1569 de
760 1513 891 1569 istis
923 1530 1043 1582 oro,
1071 1514 1174 1569 sed
1207 1514 1277 1568 de
1310 1513 1539 1580 illis,sic
1575 1529 1587 1567 :
1625 1534 1652 1563 ‹‹
1682 1512 1789 1570 Do-

123 1607 299 1674 mine,
336 1622 411 1661 ne
442 1604 503 1658 in
536 1604 730 1659 furore
760 1607 861 1658 tuo
893 1620 1108 1675 arguas
1139 1619 1252 1657 me.
1278 1624 1306 1652 »
1342 1603 1598 1674 Legatur
1627 1601 1788 1656 istud

126 1697 277 1752 sicut
302 1694 364 1750 in
397 1693 514 1750 alio
546 1691 775 1765 psalmo
814 1692 1146 1764 expositum
1176 1695 1287 1747 est.

194 1785 308 1841 Nec
340 1783 520 1839 debes
551 1785 684 1855 post
714 1780 867 1836 hanc
895 1781 1076 1836 vitam
1118 1796 1381 1852 arguere,
1416 1779 1695 1851 quoniam
1728 1778 1789 1833 in

124 1875 232 1930 hac
250 1873 372 1929 vita
393 1870 586 1928 multa
615 1870 771 1926 mala
801 1870 1217 1927 sustineo.Hoc
1250 1868 1411 1938 dicit,
1451 1889 1477 1921 α
1508 1870 1788 1941 quoniam

127 1961 350 2036 sagittae
382 1960 641 2059 tute,s.id
664 1964 755 2015 est
780 1977 964 2033 poenae
988 1958 1098 2013 illae
1131 1962 1504 2030 peccatorum
1529 1974 1676 2029 quas
1710 1957 1792 2011 in-
1820 2000 1868 2065 Β

125 2050 302 2107 ﬁxisti
325 2048 760 2106 Adae.Minatus
792 2052 881 2103 est
911 2047 1068 2103 enim
1102 2047 1256 2103 Deus
1284 2046 1616 2117 Adm,quasi
1649 2062 1788 2101 arcu

126 2141 357 2197 intenso
393 2156 407 2194 :
443 2160 471 2189 ‹‹
505 2138 569 2194 In
600 2153 954 2210 quacunque
1004 2136 1097 2192 die
1143 2136 1467 2191 comederis
1513 2135 1583 2189 de
1628 2134 1790 2207 ligno

125 2228 385 2285 scientiae
427 2226 567 2283 boni
614 2231 672 2282 et
721 2224 884 2294 mali,
919 2229 1105 2280 morte
1155 2224 1425 2280 morieris
1456 2224 1606 2295 (Gen.
1640 2226 1724 2292 Il).
1755 2241 1784 2274 ιι

126 2317 204 2373 Eo
236 2319 442 2373 autem
491 2314 847 2387 infringente
894 2312 1312 2379 obedientiam,
1346 2316 1485 2368 sunt
1520 2311 1571 2367 ei
1602 2311 1791 2366 infixae

127 2406 359 2478 sagitta:
392 2404 518 2471 Dei,
548 2403 790 2472 scilicet,
826 2404 1016 2459 factus
1048 2406 1136 2458 est
1179 2400 1446 2456 mortalis
1475 2404 1532 2455 et
1562 2400 1793 2472 patiens

128 2494 519 2567 peccati,quaa
550 2495 792 2548 manent
822 2491 1080 2547 ecclesize
1112 2490 1171 2546 in
1196 2490 1342 2546 ‘ﬁliis
1369 2491 1525 2557 Adae,
1561 2490 1631 2544 de
1663 2488 1792 2560 qui-

127 2583 237 2639 bus
260 2582 560 2657 poenitens
591 2581 686 2637 hic
717 2579 880 2648 dicit,
906 2580 1095 2634 infixa:
1128 2582 1268 2635 sunt
1292 2579 1458 2646 mihi,
1484 2583 1541 2633 et
1571 2582 1658 2645 tu,
1690 2578 1797 2633 Do-

128 2672 309 2739 mine,
335 2688 458 2727 non
485 2668 787 2726 extraxisti
811 2686 845 2724 a
865 2685 958 2725 me
980 2667 1226 2741 sagittas
1246 2666 1402 2735 illas,
1422 2684 1527 2722 nec
1568 2666 1794 2722 allevia-

127 2761 340 2829 sti,sed
380 2783 402 2811 σ
431 2759 796 2816 confirmasti
822 2781 844 2809 ι
874 2758 1043 2829 quasi
1078 2757 1360 2829 magister
1387 2773 1566 2828 supra
1594 2756 1653 2810 in
1678 2772 1800 2811 cor-

128 2854 363 2905 rectum
396 2846 761 2920 discipulum
794 2868 822 2897 «
855 2861 1098 2900 manum
1132 2849 1317 2912 tuam,
1342 2863 1369 2895 io
1409 2844 1468 2898 id
1498 2848 1588 2899 est
1613 2843 1796 2898 vindi-

125 2943 281 2995 ctam
312 2943 488 2995 tuam
521 2958 550 2988 ‹‹
581 2952 761 3009 super
787 2951 901 3003 me,
937 2953 964 2986 υ
998 2933 1058 2989 id
1090 2936 1309 3005 est,per
1331 2932 1434 2987 illa
1461 2931 1616 2988 mala
1644 2948 1798 2987 com-

126 3029 400 3100 primens
430 3042 546 3081 me.

190 3113 526 3173 Etinterim
538 3111 899 3169 conﬁrmasti
921 3126 1165 3166 manum
1188 3126 1366 3182 super
1386 3109 1663 3181 me,quod
1668 3110 1797 3180 jam

129 3227 155 3260 ι
178 3222 302 3263 non
337 3207 436 3259 est
464 3201 687 3258 sanitas
707 3199 768 3255 in
790 3215 964 3256 carne
995 3215 1180 3270 mea;
1207 3199 1345 3271 quia
1372 3198 1649 3254 omnibus
1680 3214 1800 3252 ma-

126 3294 197 3352 lis
236 3297 334 3350 est
367 3306 510 3347 caro
540 3305 673 3345 mea
714 3304 1007 3361 possessa,
1038 3291 1103 3343 ut
1135 3288 1307 3354 fame,
1340 3290 1398 3343 et
1424 3285 1793 3355 lassitudine,

1889 714 2073 785 prius,
2124 713 2331 768 deinde
2381 714 2659 769 emittunt
2708 715 2971 771 fetorem.
3010 716 3369 774 Putrucrunt
3415 720 3543 776 dico

1893 822 1921 853 ‹‹
1954 820 1987 857 a
2008 802 2513 873 facieinsipientize
2532 819 2728 871 meae,»
2745 804 2804 857 id
2826 807 2915 859 est
2936 809 3173 876 propter
3193 807 3544 880 sapientiam

1891 890 2334 964 (insipientiam)
2356 909 2567 960 meam,
2585 910 2709 964 quae
2735 893 2875 947 mihi
2902 911 3135 966 semper
3154 912 3412 968 praesens
3434 902 3543 955 est.

1963 982 2031 1036 Et
2063 982 2121 1035 in
2146 984 2377 1035 tantum
2404 985 2777 1053 putruerunt,
2794 983 2949 1054 quod
2972 1000 3075 1057 ego
3103 1006 3131 1033 «
3154 985 3335 1041 miser
3355 987 3546 1043 factus

1894 1086 2082 1137 sum,»
2112 1070 2168 1124 id
2201 1074 2289 1124 est
2321 1069 2605 1124 miserum
2638 1087 2730 1125 me
2762 1075 3040 1143 reputans
3070 1095 3096 1121 ‹‹
3118 1078 3174 1129 et
3203 1080 3545 1146 curvatus,»

1893 1158 1951 1214 id
1983 1164 2071 1213 est
2093 1159 2220 1230 jam
2250 1176 2363 1213 non
2398 1158 2716 1231 respiciens
2739 1160 2948 1215 cmlum
2972 1162 3123 1217 sicut
3144 1164 3545 1233 deberem,sed

1896 1247 2021 1303 sola
2036 1248 2399 1303 hzecterrena
2419 1247 2573 1303 sicut
2595 1248 2837 1304 brutum
2859 1249 3101 1318 animal,
3120 1256 3395 1309 curvatus
3417 1254 3547 1311 dico

1897 1353 2028 1391 mea
2048 1336 2412 1408 reputatione
2434 1360 2460 1386 ‹‹
2490 1337 2749 1409 usquein
2764 1338 3000 1402 finem,»
3022 1338 3081 1395 id
3103 1345 3193 1396 est
3211 1340 3271 1396 in
3292 1345 3548 1415 tantum,

1898 1426 2052 1499 quod
2084 1425 2246 1480 nulla
2276 1424 2465 1481 bestia
2494 1426 2571 1481 sit
2601 1426 2791 1497 magis
2824 1428 3264 1500 turbata,quam
3292 1448 3396 1503 ego
3418 1448 3551 1489 mea

1897 1514 2286 1588 reputatione.
2311 1513 2413 1569 Vel
2445 1514 2527 1569 ita
2552 1532 2565 1570 :
2589 1515 2735 1581 Quia
2765 1515 2847 1570 sic
2879 1520 3235 1589 putruerunt
3255 1520 3553 1579 cicatrices

1898 1622 2061 1672 mea},
2093 1604 2222 1659 ideo
2254 1603 2434 1657 miser
2465 1603 2656 1658 factus
2683 1621 2815 1659 sum
2850 1604 3003 1659 sicut
3044 1611 3285 1678 portans
3334 1609 3555 1666 multas

1898 1693 2189 1759 miserias,
2223 1692 2341 1747 sive
2371 1709 2476 1765 ego
2517 1692 2661 1747 mihi
2710 1693 2835 1764 ipse
2882 1694 3114 1763 faciam,
3148 1695 3268 1753 sive
3318 1696 3556 1756 aliunde

1900 1781 2046 1836 mihi
2077 1781 2422 1847 inferantur,
2448 1785 2505 1835 et
2532 1780 2593 1835 in
2624 1785 2857 1836 tantum
2890 1782 3089 1853 miser,
3114 1785 3271 1856 quod
3294 1801 3399 1857 ego
3422 1802 3553 1842 cur-

1897 1874 2066 1926 vatus
2097 1887 2251 1938 sum,
2285 1870 2343 1925 id
2375 1874 2483 1937 est,
2520 1871 2835 1941 depressus
2882 1873 3136 1942 pondere
3178 1873 3553 1932 miseriarum

1899 1976 2087 2030 usque
2121 1960 2179 2013 in
2214 1960 2389 2014 ﬁnem
2412 1959 2540 2014 vitae
2564 1976 2726 2028 mea),
2751 1959 2840 2015 vel
2865 1977 3050 2031 usque
3072 1960 3131 2016 in
3155 1962 3417 2033 ﬁnem,id
3441 1968 3552 2033 est,

1898 2047 1958 2103 in
1989 2052 2223 2103 tantum
2256 2048 2410 2120 quod
2438 2046 2636 2103 nullus
2650 2049 2779 2119 jam
2802 2053 2994 2121 potest
3014 2049 3263 2122 deprimi
3287 2051 3441 2108 ultra
3460 2069 3555 2109 me

1899 2136 2198 2210 aliquibus
2230 2136 2503 2204 miseriis,
2538 2141 2594 2192 et
2626 2136 2763 2209 quia
2788 2138 2874 2193 sic
2907 2155 3039 2193 sum
3073 2138 3260 2195 factus
3290 2141 3471 2197 miser
3498 2146 3558 2198 et

1901 2230 2194 2294 curvatus,
2240 2225 2369 2280 ideo
2400 2246 2428 2275 «
2462 2228 2585 2280 tota
2623 2224 2738 2292 die,
2774 2248 2801 2274 »
2834 2226 2891 2281 id
2945 2231 3052 2296 est,
3088 2227 3325 2284 assidue
3355 2252 3383 2278 «
3417 2246 3556 2285 con-

1901 2316 2170 2372 tristatus
2199 2313 2571 2386 ingrediebar
2602 2336 2630 2362 υ
2657 2315 2727 2369 de
2760 2313 3001 2370 tristitia
3030 2316 3090 2371 in
3121 2316 3556 2373 tristitiam.Vel

1902 2428 1929 2455 ‹‹
1964 2404 2357 2476 ingrediebar,
2392 2426 2418 2451 ››
2449 2403 2507 2458 id
2538 2407 2646 2471 est,
2679 2404 3066 2458 conversabar
3094 2404 3246 2460 inter
3282 2405 3555 2465 homines

1903 2492 2305 2547 contristatus.

1974 2580 2107 2635 Ideo
2130 2579 2368 2652 quidem
2391 2579 2774 2635 contristatus
2796 2579 3311 2652 ingrediebar,non
3335 2601 3436 2656 pro
3454 2583 3556 2640 ali-

1903 2687 2019 2742 quo
2052 2669 2267 2724 damno
2309 2668 2649 2740 temporalis
2702 2669 2805 2736 rei,
2842 2670 2944 2725 sed
2979 2694 3007 2719 ‹‹
3042 2672 3322 2743 quoniam
3369 2672 3558 2730 lumbi

1904 2758 2039 2827 mei,
2068 2781 2095 2807 »
2127 2758 2183 2812 id
2216 2762 2325 2828 est,
2360 2757 2648 2831 fragilitas
2677 2775 2818 2813 meae
2850 2759 3233 2827 carnalitatis,
3269 2784 3296 2810 «
3332 2761 3559 2835 impleti

1903 2851 2043 2903 sunt
2062 2846 2496 2911 illusionibus,»
2518 2846 2575 2900 id
2601 2849 2709 2913 est,
2732 2846 3174 2923 deceptionjbus
3201 2848 3557 2906 diaboli.Per

1901 2935 2156 3003 lumbos,
2189 2935 2289 2989 ubi
2322 2934 2490 2988 sedes
2537 2933 2820 3002 libidinis,
2856 2934 2914 2990 id
2945 2940 3055 3001 est,
3086 2936 3338 2992 carnalis
3383 2935 3550 2994 volu-

1904 3023 2104 3096 ptatis,
2137 3022 2461 3093 accipimus
2492 3038 2909 3094 quamcunque
2935 3022 3127 3079 carnis
3173 3023 3554 3098 voluptatem,

1905 3116 1961 3167 et
1993 3112 2053 3166 in
2083 3115 2317 3165 tantum
2350 3115 2491 3166 sunt
2515 3110 2701 3165 lumbi
2732 3110 2847 3165 mei
2877 3110 3103 3183 impleti
3151 3111 3551 3187 illusionibus,

1906 3198 2061 3271 quod
2085 3198 2212 3269 jam
2240 3220 2267 3247 ‹‹
2303 3214 2419 3253 non
2449 3201 2540 3253 est
2569 3197 2794 3253 sanitas
2821 3197 2881 3253 in
2914 3214 3087 3254 carne
3127 3217 3277 3268 mea,
3313 3222 3341 3250 »
3374 3202 3433 3258 id
3464 3207 3556 3259 est

1905 3285 2137 3343 nullum
2167 3302 2354 3359 genus
2382 3285 2698 3357 voluptatis
2720 3290 2808 3342 est
2825 3286 2886 3342 in
2909 3304 3024 3360 quo
3048 3305 3165 3344 non
3188 3290 3300 3345 sim
3320 3290 3555 3349 illusus.

127 3389 185 3440 et
202 3382 341 3440 aliis
363 3378 735 3452 hujusmodi,
752 3394 869 3433 non
897 3380 987 3433 est
1016 3376 1237 3432 sanitas
1267 3375 1414 3431 mihi
1445 3375 1798 3444 dico,etheec
1829 3362 1871 3430 C
1980 3378 2051 3432 Et
2081 3377 2221 3448 quia
2247 3376 2331 3431 ita
2361 3392 2494 3431 sum
2525 3374 2757 3446 illusus,
2790 3375 2918 3431 ideo
2943 3399 2969 3426 ‹‹
2995 3376 3248 3434 afflictus
3279 3396 3411 3434 sum
3438 3402 3465 3429 »
3495 3380 3557 3437 in

137 3495 163 3528 ι
192 3490 228 3529 a
257 3470 435 3539 facie,
468 3488 497 3521 ιο
534 3468 593 3523 id
623 3471 733 3535 est,
768 3484 802 3523 a
830 3465 1139 3538 praesentia
1177 3486 1204 3518 ι
1234 3464 1351 3534 iraa,
1374 3483 1400 3516 ιο
1440 3465 1498 3519 id
1532 3469 1639 3534 est,
1671 3464 1797 3520 vin-

131 3563 301 3618 dictae
335 3583 365 3612 ‹‹
403 3563 591 3626 tum,»
626 3557 851 3612 habens
882 3555 1121 3627 quidem
1148 3553 1209 3609 in
1240 3552 1510 3626 przesenti
1540 3554 1801 3610 conside-

128 3651 357 3708 ratione
397 3645 743 3714 vindietam,
779 3661 957 3718 quam
1006 3644 1268 3699 facturus
1299 3647 1389 3699 est
1419 3644 1489 3699 de
1520 3644 1798 3716 peccatis,

125 3740 356 3797 nullam
389 3734 560 3795 carni
590 3751 731 3790 mea:
780 3750 976 3806 quaero
1029 3732 1284 3805 quietem
1312 3750 1325 3801 ;
1360 3754 1387 3783 «
1420 3749 1537 3788 non
1570 3737 1659 3789 est
1687 3749 1801 3804 pax

123 3829 363 3885 ossibus
396 3825 608 3892 meis,»
644 3823 703 3879 id
727 3826 835 3891 est,
870 3823 1078 3878 robora
1107 3824 1316 3877 animae
1348 3821 1798 3892 conturbantur,

125 3918 338 3973 etinde
356 3931 484 3971 non
506 3928 718 3968 accuso
739 3910 1087 3978 te,Domine,
1114 3910 1215 3965 sed
1241 3909 1364 3965 hac
1385 3914 1507 3966 tota
1539 3911 1798 3966 turbatio

120 4010 208 4064 est
228 4004 382 4061 mihi
423 4024 453 4058 α
480 4018 517 4058 a
537 4000 739 4069 facie,»
767 3998 825 4054 id
850 4004 939 4055 est
968 4002 1205 4071 prepter
1234 3999 1606 4071 praesentiam
1632 4016 1801 4071 «pec-

121 4099 396 4151 catorum
429 4106 760 4148 meorum.»
787 4088 1179 4144 Considerans
1211 4086 1367 4143 enim
1399 4093 1638 4160 peccata
1666 4106 1796 4155 sua,

120 4183 338 4240 timens
366 4180 702 4239 vindictam
726 4178 827 4233 Dei
850 4193 954 4249 pro
977 4176 1232 4248 peccatis
1252 4175 1392 4245 illis,
1411 4177 1801 4233 conturbatur

122 4277 178 4328 et
206 4274 268 4328 in
299 4286 557 4344 corpore
586 4272 645 4325 et
674 4266 735 4322 in
767 4266 986 4323 anima.

192 4362 352 4418 Bene
384 4360 524 4417 dico
557 4357 765 4414 turbor
793 4373 898 4428 pro
929 4354 1203 4428 peccatis,
1234 4354 1374 4427 quia
1402 4371 1534 4410 mea
1562 4360 1801 4427 peccata

123 4450 315 4507 multa
344 4447 637 4517 sunt,hoc
666 4448 775 4513 est,
802 4466 822 4493 α
849 4444 1130 4516 quoniam
1162 4443 1503 4515 iniquitates
1524 4460 1665 4499 mea:
1695 4461 1800 4500 su-

126 4555 455 4613 pergressa;
519 4537 662 4592 sunt
692 4538 870 4606 caput
900 4549 1099 4589 meum
1129 4553 1157 4585 π
1192 4536 1250 4588 et
1278 4532 1392 4589 sibi
1423 4533 1802 4605 subjecerunt

127 4632 391 4686 mentem
418 4640 643 4692 meam,
681 4645 703 4674 α
736 4627 796 4679 et
826 4626 968 4678 sunt
1015 4626 1266 4695 gravata
1316 4638 1494 4694 super
1521 4638 1615 4678 me
1646 4623 1802 4679 sicut

1908 3482 2147 3537 corpore
2178 3488 2206 3515 ‹‹
2241 3469 2297 3519 et
2326 3463 2674 3520 humiliatus
2704 3481 2838 3519 sum
2872 3487 2899 3515 ››
2932 3465 2993 3520 in
3024 3466 3224 3522 anima
3248 3490 3275 3517 ‹‹
3300 3468 3502 3537 nimis,
3525 3490 3555 3521 ››

1906 3554 1963 3610 id
1999 3558 2108 3622 est,
2144 3554 2325 3622 valde,
2359 3558 2417 3610 et
2444 3552 2619 3609 etiam
2650 3555 2955 3626 gemebam
2989 3555 3047 3610 in
3080 3557 3252 3613 corde
3275 3574 3426 3630 meo,
3451 3581 3479 3609 ‹‹
3502 3563 3562 3616 et

1909 3644 1981 3699 ab
2013 3642 2113 3698 illo
2143 3642 2367 3715 gemitu
2400 3642 2593 3699 cordis
2623 3642 2739 3698 mei
2790 3643 3120 3715 rugiebam,
3158 3668 3184 3695 »
3218 3647 3276 3701 id
3305 3651 3396 3703 est
3425 3665 3560 3720 pro-

1908 3731 2253 3802 rumpebam
2282 3730 2341 3784 in
2374 3730 2657 3802 rugitum,
2681 3729 2741 3784 id
2771 3736 2859 3786 est
2879 3748 3013 3786 cum
3036 3749 3250 3805 magno
3272 3735 3561 3795 desiderio

1907 3820 1968 3875 in
1994 3818 2331 3887 clamorem,
2367 3819 2519 3875 sicut
2543 3818 2631 3874 leo
2663 3819 2838 3891 rugit,
2873 3837 3008 3875 cum
3058 3821 3317 3892 aliquam
3364 3839 3560 3880 escam

1907 3909 2222 3964 desiderat.
2246 3934 2253 3937 τ

1978 3999 2097 4069 Ego
2139 3996 2465 4069 rugiebam,
2499 4018 2528 4047 «
2557 4000 2614 4052 et
2643 4014 2817 4053 omne
2865 3996 3223 4053 desiderium
3273 4015 3492 4067 meum,
3526 4016 3560 4057 ο

1908 4086 2171 4154 Domine,
2197 4089 2286 4141 est
2305 4089 2439 4141 ante
2458 4089 2534 4152 te,
2566 4109 2594 4135 »
2618 4085 2675 4140 id
2702 4090 2790 4141 est
2811 4084 2957 4140 nihil
2978 4086 3244 4142 desidero
3266 4086 3379 4143 nisi
3401 4088 3559 4159 quod

1905 4176 2013 4231 tibi
2043 4174 2252 4247 placet,
2287 4197 2315 4223 ‹‹
2349 4178 2407 4228 et
2436 4174 2691 4246 gemitus
2712 4191 2882 4231 meus
2913 4191 3029 4230 non
3061 4180 3152 4231 est
3179 4180 3293 4232 ate
3312 4176 3560 4233 abscon-

1908 4266 2087 4333 ditus,
2122 4286 2150 4313 ››
2183 4264 2300 4319 imo
2330 4263 2437 4318 tibi
2468 4264 2616 4318 bene
2646 4264 2938 4335 cognitus,
2971 4269 3030 4320 ct
3061 4282 3095 4320 a
3123 4269 3180 4320 te
3218 4266 3524 4338 probatus.

1980 4355 2132 4410 Bene
2160 4353 2291 4408 dico
2322 4352 2596 4425 gemitus,
2623 4352 2761 4425 quia
2781 4357 2983 4410 tantus
3006 4357 3096 4410 est
3115 4355 3374 4427 gemitus
3391 4355 3558 4426 mihi,

1910 4442 2065 4515 quod
2099 4463 2127 4492 «
2160 4457 2259 4497 cor
2287 4457 2544 4509 meum,»
2576 4440 2634 4495 id
2665 4445 2755 4496 est
2785 4441 2985 4498 anima
3012 4459 3163 4511 mea,
3189 4466 3217 4494 «
3238 4444 3563 4499 conturba-

1906 4536 2036 4588 tum
2062 4535 2168 4599 est,
2200 4553 2227 4581 »
2257 4534 2315 4585 et
2345 4529 2500 4601 quod
2528 4545 2628 4585 cor
2676 4528 2754 4585 sit
2802 4531 3105 4585 turbatum
3155 4530 3432 4601 ostendit,
3470 4531 3562 4586 di-

1910 4638 2048 4678 cens
2073 4620 2351 4676 virtutem
2390 4618 2573 4674 animi
2622 4618 2905 4674 defecisse
2934 4622 2991 4675 et
3021 4617 3328 4690 rationem,
3364 4624 3421 4675 et
3451 4619 3562 4676 hoc

124 4734 275 4775 onus
305 4732 546 4791 grave.»
579 4713 742 4770 Sicut
771 4712 928 4767 enim
960 4728 1110 4767 onus
1140 4727 1314 4783 grave
1344 4713 1677 4781 portantem
1708 4712 1803 4768 de-
1828 4730 1878 4797 Β
1910 4716 1999 4767 est
2027 4732 2055 4760 «
2090 4708 2445 4781 derelinquit
2473 4723 2566 4762 me
2594 4706 2783 4762 virtus
2810 4723 2963 4777 mea,
3002 4729 3029 4757 »
3060 4706 3119 4762 id
3150 4711 3240 4763 est
3280 4707 3561 4766 fortitudo

123 4807 349 4879 primit,
384 4805 478 4863 sic
507 4804 638 4860 istae
670 4801 1015 4874 iniquitates
1045 4800 1388 4872 deprimunt
1417 4800 1705 4857 animum.

194 4897 300 4952 Hic
329 4889 1173 4966 incipit,scilicet,enumerare
1195 4887 1462 4944 miserias
1488 4906 1634 4961 quas
1667 4907 1796 4957 sus-

124 4984 289 5055 tinet,
325 5000 485 5058 quas
520 4978 703 5036 simul
733 4979 795 5034 in
826 4976 1099 5052 praesenti
1127 4992 1301 5032 versu
1332 4978 1793 5048 comprehendit.

125 5074 257 5130 Ideo
281 5074 417 5129 dico
439 5070 604 5144 quod
645 5084 1038 5141 supergressa
1072 5069 1231 5132 sunt,
1266 5064 1403 5136 quia
1441 5086 1468 5118 ιι
1498 5066 1799 5123 cicatrices

125 5179 267 5220 mea:
289 5161 660 5235 putruerunt
690 5162 748 5213 et
777 5159 1065 5229 corruptae
1095 5157 1254 5211 sunt.
1278 5175 1304 5207 ι)
1338 5156 1384 5210 Α
1414 5155 1800 5214 similitudine

127 5252 269 5309 dicit
295 5268 311 5309 ε’
334 5251 483 5325 quia
507 5247 664 5304 sicut
692 5246 997 5303 cicatrices
1028 5244 1194 5318 prius
1224 5249 1802 5319 putrescunt,postea

128 5340 430 5416 rumpitur
458 5335 712 5405 caro,sic
732 5339 970 5408 peccata
999 5338 1207 5391 sanata
1237 5333 1298 5389 in
1328 5333 1683 5407 baptismate
1700 5354 1804 5409 pu-

127 5433 418 5498 trescunt,
460 5426 702 5501 quando
734 5424 1064 5498 cogitamus
1094 5439 1163 5479 ea
1192 5440 1471 5480 renovare
1504 5441 1517 5478 :
1552 5441 1809 5501 corrum-

128 5524 373 5593 puntur,
401 5500 649 5591 quando
681 5515 753 5571 ad
786 5518 985 5571 actum
1014 5512 1415 5585 perducimus.
1450 5500 1678 5569 Habent
1710 5514 1811 5570 ali-

129 5609 227 5681 qui
278 5607 421 5665 libri
460 5623 473 5662 :
511 5607 799 5677 corrupta)
846 5606 989 5660 sunt
1037 5604 1095 5657 et
1142 5604 1517 5674 putruerunt,
1560 5605 1617 5658 et
1664 5606 1806 5661 tunc

127 5701 215 5755 est
242 5709 575 5756 conversus
607 5692 774 5763 ordo,
807 5691 948 5765 quia
977 5689 1143 5763 prius
1179 5692 1640 5762 corrumpuntur
1669 5708 1804 5750 cum

127 5788 411 5851 dicuntur
441 5785 520 5859 ad
553 5787 774 5859 actum,
807 5779 1017 5845 deinde
1046 5782 1285 5860 putrent
1330 5795 1466 5840 cum
1497 5779 1628 5841 aliis
1661 5782 1805 5846 dant

1909 4800 2090 4857 animi
2123 4797 2207 4854 sic
2237 4796 2468 4865 defecit,
2501 4797 2655 4869 quod
2679 4796 2809 4867 jam
2841 4795 2988 4851 nihil
3018 4794 3269 4852 tolerare
3315 4800 3512 4868 potest
3543 4814 3557 4855 :

1909 4913 1937 4941 α
1971 4892 2028 4945 et
2055 4888 2231 4945 etiam
2262 4887 2463 4942 lumen
2493 4885 2818 4953 oculorum,
2847 4908 2873 4935 ››
2901 4885 2958 4941 id
2983 4890 3072 4942 est
3102 4885 3250 4942 ratio
3276 4908 3304 4937 ‹‹
3328 4903 3442 4941 non
3474 4890 3564 4943 est

1909 4994 2161 5045 mecum,
2188 4980 2245 5031 et
2266 4976 2463 5047 ipsum
2487 4997 2514 5025 »
2539 4974 2807 5046 quamvis
2830 4974 2977 5032 mihi
3002 4974 3268 5031 naturale
3292 4974 3560 5043 esset,vel

1913 5092 1940 5119 ››
1965 5068 2183 5140 ipsum,
2212 5087 2240 5115 »
2272 5065 2331 5120 id
2362 5068 2449 5120 est
2480 5063 3072 5137 quantulumcunque
3093 5064 3303 5134 erat,id
3328 5068 3416 5120 est
3439 5080 3564 5136 per-

1910 5157 2032 5213 didi
2064 5153 2474 5211 discretionem
2508 5153 2644 5208 boni
2675 5156 2732 5207 et
2754 5152 2915 5208 mali.

1984 5270 2012 5298 «
2046 5248 2115 5302 Et
2145 5246 2216 5301 ad
2247 5243 2552 5300 cumulum
2575 5241 2840 5298 omnium
2863 5242 3364 5311 malorum,amici
3386 5240 3562 5312 mei,»

1912 5337 1971 5393 id
2003 5340 2092 5392 est
2122 5334 2205 5389 illi
2237 5334 2337 5406 qui
2371 5331 2517 5387 mihi
2548 5330 2643 5404 pio
2674 5348 2741 5386 ac
2771 5331 2927 5387 ﬁdeli
2960 5348 3157 5389 amore
3204 5332 3564 5404 putabantur

1916 5443 2044 5482 esse
2074 5422 2373 5495 conjuncti
2401 5421 2526 5476 sine
2558 5420 2757 5492 aliqua
2776 5420 3122 5493 cognatione
3143 5420 3359 5487 carnis,
3381 5425 3439 5476 et
3461 5420 3563 5493 qui

1916 5515 2061 5571 mihi
2089 5511 2294 5569 solatio
2325 5527 2453 5567 esse
2484 5509 2846 5579 debuissent,
2885 5532 2912 5559 «
2943 5513 3000 5565 et
3019 5510 3268 5582 proximi
3293 5508 3455 5567 mei»
3479 5526 3566 5567 se-

1915 5604 2175 5662 cundum
2195 5617 2430 5659 carnem
2453 5623 2479 5649 ‹‹
2498 5600 3113 5673 appropinquaverunt
3126 5622 3153 5650 ››
3169 5599 3451 5673 paulatim
3475 5616 3565 5656 ac-

1914 5694 2172 5751 cedendo
2193 5716 2222 5743 «
2254 5692 2563 5749 adversum
2593 5705 2710 5756 me,
2740 5692 2798 5747 et
2825 5692 3134 5761 steterunt,
3166 5690 3225 5748 id
3251 5692 3340 5748 est
3365 5704 3561 5765 perse-

1911 5785 2256 5843 veraverunt
2284 5796 2424 5859 erga
2450 5796 2544 5841 me
2573 5779 2634 5839 in
2665 5778 2837 5840 malis
2868 5779 3117 5843 actibus.
3454 5792 3459 5797 ·
