3914 6368
357 429 483 491 327.

778 428 1191 491 HAYMONIS
1225 428 1769 490 HALBERS'I‘AT.
1801 426 2049 491 EPISC‘.
2082 427 2254 488 OPP.
2287 427 2492 490 PARS
2523 430 2572 490 Ι.
2604 462 2681 472 -
2713 428 3125 491 COMMENT.
3158 429 3356 491 BIBL.

3658 427 3803 493 ω

428 560 615 617 Amici
638 561 750 617 mei
775 561 1014 617 fuerunt
1034 564 1240 618 contra
1268 564 1451 628 me,et
1476 561 1577 633 qui
1602 578 1718 617 non
1750 561 2015 616 fecerunt
2040 558 2098 633 Α
2196 560 2315 633 Ego
2336 565 2422 617 tot
2442 561 2598 618 mala
2630 562 2894 618 sustineo
2922 563 3078 634 quod
3109 560 3286 621 etiam
3316 560 3554 631 morior,
3581 563 3649 623 et.
3667 559 3791 620 hoc

360 648 503 704 mihi
535 648 945 716 mala,nullum
979 649 1241 705 fecerunt
1271 649 1547 705 solatium
1576 669 1588 705 :
1624 650 1732 705 hoc
1760 653 1866 716 est,
1902 674 1927 698 α
1962 653 2021 703 et

358 738 457 810 qui
480 738 651 809 juxta
679 754 773 794 me
803 741 988 806 erant,
1020 756 1047 789 ι)
1088 738 1145 794 id
1177 743 1267 795 est
1296 739 1596 811 conjuncti
1642 739 1787 795 mihi
1819 737 2020 810 aliqua

356 825 702 899 cognatione
730 825 819 882 vel
852 826 1115 882 amicitia
1150 827 1265 884 «de
1285 827 1457 899 longe
1488 827 1911 895 steterunt,»id
1930 831 2020 881 est

355 919 725 971 recesserunt
752 932 786 971 a
807 932 900 971 me
922 915 1151 971 nullum
1185 916 1439 973 ferentes
1468 916 1855 984 solatitum,et
1875 921 2016 972 tunc

352 1002 499 1058 mihi
554 1003 639 1059 sic
692 1003 990 1073 derelicto,
1039 1004 1146 1074 illi,
1181 1028 1209 1056 «
1246 1005 1346 1078 qui
1378 1006 1714 1079 quaerebant
1753 1005 2013 1061 animam

353 1108 545 1149 meam
581 1115 608 1142 ››
642 1091 861 1161 tollere,
894 1093 953 1149 id
981 1097 1071 1149 est
1114 1095 1409 1150 daemones
1440 1098 1498 1151 et
1525 1093 1781 1150 ministri
1810 1110 2012 1150 eorum

356 1202 385 1235 α
412 1182 531 1237 vim
578 1181 890 1252 faciebant,
928 1205 956 1233 ››
990 1183 1049 1238 id
1103 1188 1193 1240 est
1240 1184 1553 1241 manifesta
1600 1182 1757 1239 mala
1804 1182 2013 1240 infere-

352 1270 516 1329 bant.

422 1363 493 1418 Et
528 1379 645 1419 non
682 1366 917 1420 tantum
948 1362 1108 1420 mala
1134 1362 1484 1431 inferebant,
1519 1364 1619 1420 sed
1650 1362 1829 1419 etiam
1860 1361 2017 1419 mala

353 1451 631 1511 dicebant
688 1453 999 1512 manifeste
1056 1458 1113 1510 et
1171 1453 1397 1510 occulte
1430 1470 1444 1508 :
1476 1457 1534 1509 et
1562 1453 1672 1509 hoc
1704 1456 1811 1521 est,
1855 1474 1882 1507 ι
1912 1451 2015 1525 qui

353 1540 732 1615 inquirebant
787 1541 934 1598 mihi
990 1542 1166 1609 mala,
1211 1542 1389 1599 locuti
1443 1547 1585 1599 sunt
1638 1542 1948 1610 vanitates,
1982 1563 2011 1592 »

355 1630 417 1687 id
448 1635 560 1698 est,
594 1631 910 1689 manifesta
940 1632 1249 1688 mendacia
1279 1648 1292 1687 :
1329 1637 1398 1689 ut
1425 1649 1560 1688 cum
1591 1631 1854 1689 dicerent
1892 1631 2015 1688 haec

354 1720 661 1775 mundana
714 1720 984 1777 sufficere
1012 1721 1083 1776 ad
1117 1720 1564 1792 beatitudinem,
1600 1725 1657 1776 et
1685 1720 1922 1790 similia,
1956 1725 2017 1777 et

352 1806 739 1877 non'tantum
800 1808 1110 1865 manifeste
1160 1809 1436 1864 dicebant
1492 1809 1668 1876 mala,
1702 1810 1803 1866 sed
1835 1809 2013 1866 etiam

357 1896 1111 2011 :totadie‘meditabantur
1130 1898 1315 1967 dolos,
1343 1921 1371 1949 »
1392 1898 1452 1954 id
1474 1902 1582 1966 est,
1616 1899 1666 1955 si
1682 1897 2013 1972 aliquando
2040 1934 2093 2011 Β

351 1983 627 2040 dicebant
656 1984 829 2056 bona,
850 2003 967 2045 non
997 1987 1171 2057 bona,
1191 1988 1294 2045 sed
1326 1989 1661 2046 seductoria
1686 1988 2010 2046 intentione
2040 1983 2089 2011 ⁸⁵⁸

351 2073 649 2131 dicebant.

424 2186 452 2213 ‹‹
476 2163 596 2236 Ego
617 2166 815 2221 autem
838 2181 954 2220 non
975 2164 1348 2235 audiebam,»
1373 2166 1430 2222 id
1453 2171 1562 2235 est,
1588 2183 1704 2223 non
1736 2167 2011 2223 movebar

352 2250 425 2307 de
447 2266 651 2308 eorum
675 2251 1002 2308 maledictis
1028 2269 1041 2307 :
1065 2270 1171 2326 ego
1193 2254 1322 2311 dico
1343 2254 1403 2311 in
1425 2254 1535 2311 hoc
1557 2255 1812 2313 existens
1835 2279 1862 2307 «
1886 2260 2011 2312 tan-

353 2355 532 2417 quam
591 2340 831 2409 surdus,
863 2363 892 2390 »
923 2340 984 2396 id
1039 2347 1148 2411 est,
1183 2343 1337 2400 sicut
1394 2345 1613 2401 surdus
1660 2363 1775 2402 non
1832 2345 2013 2402 habet

352 2427 611 2501 aliquem
641 2432 838 2484 actum
871 2429 1221 2498 auditus,sic
1251 2448 1357 2486 nec
1388 2450 1494 2505 ego
1524 2433 1780 2506 aliquem
1812 2439 2009 2492 actum

355 2516 661 2574 motionis:
688 2522 745 2574 et
760 2536 921 2575 eram
942 2535 1081 2592 erga
1100 2520 1517 2578 maledicentes
1536 2546 1563 2572 «
1580 2523 1733 2580 sicut
1750 2531 1973 2593 mutus,
1985 2550 2006 2577 ι

353 2609 412 2661 et
433 2605 573 2679 quia
603 2610 806 2663 mutus
836 2608 945 2663 etsi
979 2625 1096 2663 non
1127 2626 1402 2681 expressa
1430 2618 1790 2681 vocc,tamen
1813 2615 2011 2687 aliquo

352 2694 584 2769 mugitu
614 2696 705 2752 vel
736 2697 953 2753 indicio
981 2696 1178 2770 aliquo
1210 2700 1359 2754 iram
1403 2696 1572 2757 suam
1618 2703 1913 2775 exprimit,
1947 2711 2013 2760 ut

353 2800 524 2851 suam
574 2786 912 2842 manifestat
960 2788 1374 2857 constantiam,
1408 2790 1552 2845 dicit
1581 2814 1609 2842 ‹‹
1643 2798 1699 2847 et
1728 2810 1843 2849 non
1876 2812 2011 2866 ape-

352 2872 509 2928 riens
541 2890 606 2929 os
635 2891 833 2944 suum,
855 2898 883 2924 »
918 2875 973 2932 id
1005 2880 1094 2932 est
1124 2876 1283 2933 nullo
1316 2879 1489 2935 modo
1521 2883 1881 2953 respondens
1907 2883 2013 2940 im-

350 2963 823 3035 properantibus.
1784 3030 1789 3035 .

420 3052 491 3107 Et
520 3069 637 3108 non
670 3056 901 3110 tantum
952 3071 1068 3110 non
1123 3052 1413 3112 habebam
1463 3061 1657 3114 actum
1709 3062 2009 3133 audiendi,

354 3141 455 3197 sed
506 3158 612 3197 nec
663 3142 1010 3215 potentiam,
1044 3143 1241 3201 ethoc
1270 3149 1379 3215 est,
1414 3169 1441 3197 ‹‹
1476 3147 1666 3205 factus
1692 3166 1825 3206 sum
1860 3153 2015 3210 sicut

350 3229 526 3286 homo
558 3247 675 3285 non
719 3232 985 3301 audiens,
1023 3254 1050 3282 ››
1084 3232 1143 3289 id
1194 3238 1285 3290 est
1334 3252 1449 3291 non
1503 3243 1709 3308 potens
1759 3241 2007 3299 audire:

2126 651 2386 721 estquod
2424 650 2584 718 dicit,
2616 650 2875 705 «inimici
2901 656 3097 706 autem
3126 651 3239 706 mei
3270 651 3491 719 vivunt,
3514 672 3542 701 »
3578 650 3636 707 id
3668 653 3788 718 est,

2125 738 2466 795 existimant
2493 738 2674 796 vitam
2706 756 2834 796 esse
2862 740 2925 795 in
2956 739 3052 796 his
3082 739 3421 803 mundanis.
3456 761 3478 791 ι
3500 742 3558 796 et
3578 740 3795 794 confir-

2126 826 2269 884 meti
2290 832 2432 883 sunt
2463 845 2641 899 super
2668 844 2782 896 me,
2814 848 2842 880 ι»
2879 825 3101 885 scilicet
3156 827 3230 883 ad
3286 826 3587 884 inferenda
3632 825 3790 884 mihi

2125 915 2310 973 mala:
2343 920 2439 972 eet
2471 915 2847 988 multiplicati
2880 920 3020 972 sunt
3040 936 3069 969 ι
3100 920 3158 972 et
3186 933 3432 974 numero
3462 919 3520 972 et
3544 914 3793 989 gravius

2125 1006 2387 1061 nocendo
2424 1026 2451 1059 α
2481 1005 2581 1078 qui
2612 1006 2864 1061 oderunt
2891 1022 2987 1063 me
3016 1005 3235 1078 inique.
3267 1027 3296 1057 »

2195 1095 2266 1150 Et
2305 1111 2422 1149 non
2471 1098 2702 1151 tantum
2733 1094 3066 1151 inferebant
3089 1094 3235 1150 mihi
3267 1093 3441 1163 mala,
3473 1094 3573 1151 sed
3602 1093 3790 1155 etiam

2129 1203 2158 1237 α
2187 1183 2573 1240 detrahebant
2600 1182 2747 1238 mihi
2767 1204 2797 1235 »
2830 1182 2916 1238 illi
2951 1206 2980 1235 α
3012 1184 3114 1256 qui
3147 1183 3472 1241 retribuant
3500 1181 3656 1241 mala
3674 1200 3795 1255 pro

2122 1272 2313 1342 bonis,
2352 1296 2372 1323 ι
2410 1276 2469 1328 et
2499 1272 2609 1328 hoc
2639 1276 2830 1329 totum
2869 1272 3161 1331 faciebant
3207 1271 3373 1329 nulla
3416 1272 3531 1333 alia
3578 1288 3789 1343 causa,

2123 1361 2237 1419 nisi
2272 1383 2301 1412 «
2331 1362 2610 1434 quoniam
2637 1362 2925 1433 sequebar
2954 1362 3298 1420 bonitatem.
3334 1384 3359 1423 η

2194 1451 2299 1507 Hic
2329 1451 2497 1523 ponit
2551 1449 3020 1508 exsultationem.
3054 1450 3426 1507 Continuatio
3460 1468 3474 1507 :
3506 1452 3626 1525 Ego
3656 1450 3793 1511 hac

2122 1540 2324 1598 omnia
2352 1540 2562 1612 patior,
2582 1544 2641 1596 et
2661 1543 2746 1609 tu,
2773 1539 3084 1607 «Domine,
3108 1539 3264 1596 Deus
3297 1557 3487 1609 meus,
3515 1562 3544 1595 ››
3571 1538 3809 1601 salutis.

2122 1646 2264 1685 mea:
2295 1629 2481 1698 dator,
2507 1628 2567 1683 id
2605 1632 2712 1697 est,
2752 1627 2853 1700 qui
2881 1629 3011 1699 jam
3041 1628 3331 1687 exaudisti
3362 1645 3457 1689 me
3482 1646 3609 1691 sane
3627 1630 3797 1689 dere-

2121 1717 2358 1791 linquas
2389 1733 2504 1784 me,
2545 1739 2574 1768 ››
2604 1716 2662 1772 id
2693 1721 2803 1785 est,
2852 1733 2925 1773 ne
2970 1717 3280 1789 permittas
3327 1733 3423 1777 me
3469 1718 3680 1775 cadere
3722 1717 3793 1774 in

2122 1807 2426 1864 criminale
2449 1805 3073 1879 peccatum.Permittit
3090 1806 3247 1862 enim
3280 1810 3432 1865 Deus
3452 1807 3663 1865 cadere
3682 1806 3797 1865 ali-

2122 1897 2359 1969 quando
2382 1913 2521 1953 suos
2543 1895 2615 1951 ad
2638 1894 3058 1952 correctionem
3081 1895 3389 1965 majorem,
3409 1898 3475 1952 ut
3503 1893 3745 1955 Petrum
3772 1913 3790 1965 ;

2119 1984 2246 2043 etsi
2267 1984 2585 2058 aliquando
2608 1982 3006 2056 derelinquas,
3037 2004 3064 2037 α
3085 2000 3158 2039 ne
3178 1982 3525 2045 discesseris
3553 2000 3589 2041 a
3616 2000 3785 2053 me,-

2117 2074 2176 2133 id
2203 2079 2311 2144 est,
2343 2094 2370 2127 η
2416 2091 2489 2130 ne
2520 2073 2827 2147 permittas
2876 2089 2972 2129 me
3017 2087 3389 2145 perseverare
3426 2072 3487 2129 in
3517 2077 3790 2153 peccato,

2119 2164 2221 2223 sed
2253 2187 2281 2217 «ς
2313 2163 2553 2221 intende
2586 2162 2646 2217 in
2679 2162 3062 2233 adjutorium,
3096 2178 3316 2230 meum,
3352 2184 3381 2211 ››
3413 2161 3473 2221 id
3502 2166 3609 2230 est,
3642 2163 3790 2223 date

2118 2252 2437 2324 intentum,
2469 2255 2534 2309 ut
2564 2267 2657 2307 me
2687 2251 2929 2323 adjuves
2959 2250 3031 2309 ad
3064 2249 3211 2307 bene
3242 2251 3622 2325 operandam.

2551 2374 2623 2431 IN
2664 2374 3015 2431 PSALMUM
3054 2374 3349 2432 XXXVIII.

2205 2494 2482 2549 Trruws.
2516 2492 2581 2547 In
2608 2492 2773 2563 ﬁnem
2803 2493 3079 2547 canticum
3106 2491 3279 2551 David
3303 2509 3403 2565 pro
3434 2492 3693 2553 Idithum.

2194 2633 2220 2660 ‹‹
2256 2609 2382 2665 Dixi
2414 2626 2427 2665 :
2459 2608 2822 2664 Custodiam.
2843 2631 2865 2658 ι
2903 2607 3117 2664 Volens
3146 2609 3363 2665 Esdras
3393 2608 3677 2667 honorem
3704 2611 3791 2666 fa-

2121 2716 2253 2756 cere
2276 2699 2557 2769 Idithum,
2583 2696 2683 2769 qui
2706 2696 2817 2752 fuit
2857 2714 3012 2753 unus
3037 2697 3108 2753 do
3140 2703 3392 2770 quatuor
3410 2699 3786 2771 praeceptori-

2122 2790 2255 2858 bus,
2280 2805 2417 2844 cum
2449 2804 2647 2844 arcam
2670 2786 2901 2842 Domini
2922 2788 2993 2842 de
3015 2786 3147 2859 Sylo
3170 2788 3534 2856 reducerent,
3559 2788 3632 2845 ad
3656 2805 3789 2846 me-

2121 2877 2371 2934 moriam
2401 2876 2590 2949 ipsius
2621 2876 2787 2949 ponit
2808 2892 3021 2931 nomen
3046 2877 3176 2947 ejus
3198 2876 3257 2931 in
3280 2876 3469 2949 ipsius
3489 2875 3797 2949 psalmiin

2122 2967 2537 3023 titulationem.
2574 2965 2735 3021 Licet
2765 2969 2965 3021 autem
2991 2964 3052 3019 in
3086 2964 3441 3037 quibusdam
3473 2965 3790 3038 scripturis

2120 3057 2513 3125 inveniamus,
2547 3055 2706 3111 hunc
2735 3053 3035 3127 psalmum
3068 3054 3204 3110 fecit
3235 3054 3513 3123 Idithum,
3538 3060 3595 3112 et
3622 3055 3786 3114 hunc

2120 3147 2698 3215 Emam,etc.,tamen
2716 3141 3165 3215 intelligendum
3187 3145 3277 3199 est
3297 3160 3333 3200 a
3362 3143 3540 3201 David
3573 3160 3791 3202 omnes

2123 3237 2307 3292 factos
2345 3252 2493 3291 esse.
2521 3233 2587 3290 Ili
2619 3237 2816 3289 autem
2848 3231 3058 3289 fecisse
3087 3231 3384 3302 dicuntur,
3416 3233 3558 3304 quia
3585 3249 3791 3291 recen-

350 3322 565 3374 etcum
588 3319 863 3409 spperius
884 3320 1185 3395 dixisset,«
1208 3323 1362 3380 sicut
1381 3306 1583 3382 mut—us
1603 3345 1719 3383 non
1742 3331 2011 3401 aperiens
2041 3306 2084 3374 (ἶ
2122 3328 2387 3395 suerunt,
2420 3328 2477 3379 et
2506 3340 2622 3379 non
2670 3326 2904 3378 tantum
2953 3325 3189 3393 propter
3227 3321 3356 3390 hoc,
3390 3322 3495 3379 sed
3524 3323 3785 3381 maxime

350 3423 416 3462 os
439 3407 674 3475 suum,»
699 3424 771 3463 ne
796 3407 1036 3465 inferret
1060 3410 1294 3483 aliquis,
1319 3411 1449 3469 ideo
1481 3419 1682 3471 mutus
1714 3420 2012 3491 eras,quia

350 3511 468 3559 non
489 3495 751 3551 habebas
772 3498 928 3553 unde
949 3500 1487 3571 responderes,ideo
1519 3504 1739 3573 subdit,
1758 3527 1785 3560 α
1805 3511 1863 3563 et
1892 3526 2009 3567 non

349 3584 576 3644 habens
625 3585 686 3641 in
736 3603 833 3643 ore
890 3605 998 3644 suo
1048 3590 1491 3664 redargationes
1519 3615 1548 3643 »
1580 3599 1782 3651 contra
1810 3614 2009 3669 perse-

351 3679 619 3751 quentes,
639 3675 697 3730 id
730 3680 837 3744 est,
858 3678 1128 3749 quamvis
1157 3678 1434 3736 haberem
1468 3683 1622 3738 unde
1654 3700 1887 3755 possem
1920 3704 2007 3745 re-

346 3762 726 3836 prehendere,
759 3769 959 3821 tamen
991 3767 1073 3822 fui
1107 3769 1274 3841 quasi
1307 3786 1424 3825 non
1456 3770 1701 3829 habens.

417 3851 522 3907 Hic
554 3851 763 3925 incipit
796 3854 867 3911 de
905 3855 1079 3911 tertia
1126 3861 1311 3929 parte.
1346 3858 1718 3918 Continuatio
1750 3878 1765 3919 :
1799 3863 1885 3920 Ita
1911 3865 2011 3923 tri-

343 3939 644 4010 bulor,sed
668 3946 866 4000 tamen
890 3944 1117 4015 speravi
1150 3945 1209 4001 in
1239 3950 1316 4002 te.
1341 3947 1411 4003 Et
1431 3971 1458 3998 ‹‹
1481 3949 1759 4021 quoniam
1781 3953 2008 4024 speravi

340 4028 401 4087 in
424 4033 480 4085 te
506 4052 533 4079 »
558 4029 687 4089 ideo
717 4051 740 4081 ι
764 4035 849 4101 tu,
874 4032 1141 4101 Domine,
1167 4035 1323 4092 Deus
1355 4040 1825 4108 meus,exaudies
1854 4059 2003 4099 me.-

410 4118 703 4177 Exaudies
734 4124 793 4176 et
824 4121 1003 4178 debes
1035 4123 1315 4182 exaudire
1350 4146 1378 4179 α
1398 4126 1539 4199 quia
1563 4150 1585 4181 ι
1621 4146 1728 4202 ego
1762 4153 1784 4181 ι
1811 4132 1950 4201 dixi,
1978 4155 2000 4183 ι

339 4207 399 4263 id
440 4212 550 4276 est,
585 4208 899 4265 deliberavi
928 4233 957 4261 «
993 4228 1064 4268 ne
1113 4211 1339 4270 inimici
1387 4216 1525 4285 mei,
1558 4240 1587 4269 »
1622 4218 1679 4274 id
1730 4224 1842 4288 est,
1876 4222 2007 4279 dia-

338 4295 461 4353 boli
490 4300 549 4352 et
578 4313 784 4359 eorum
834 4298 1117 4373 ministri,
1152 4306 1211 4359 et
1241 4303 1293 4359 si
1336 4305 1510 4361 modo
1541 4308 1801 4379 gaudent
1829 4326 2008 4382 super

337 4402 433 4441 me
465 4409 493 4436 (ι
529 4388 899 4459 nequando,»
933 4388 993 4446 id
1026 4395 1134 4458 est,
1163 4392 1222 4446 in
1249 4391 1365 4449 ﬁne
1393 4418 1421 4445 ‹‹
1456 4396 1751 4468 gaudeant
1780 4414 1886 4469 pro
1912 4416 2006 4456 me

336 4474 621 4547 devicto,»
653 4480 713 4532 et
734 4493 935 4535 revera
961 4480 1303 4551 gauderent,
1339 4483 1479 4555 quia
1510 4507 1537 4534 «
1573 4484 1714 4540 dum
1745 4502 2005 4544 commo-

334 4567 546 4620 ventur
575 4564 755 4637 pedes
786 4566 961 4635 mei,»
995 4567 1055 4624 id
1086 4573 1196 4636 est,
1227 4570 1370 4626 dum
1430 4571 1651 4628 fuerint
1699 4577 2000 4647 commoti,

2119 3413 2420 3487 ideo,quia
2438 3410 2839 3484 interpretatio
2871 3410 3053 3481 hujus
3082 3409 3662 3480 nominis,ldithum,
3694 3411 3788 3486 ip.-

2119 3504 2247 3560 sius
2267 3501 2481 3576 psalmi
2507 3501 2925 3574 proprietatem
2954 3500 3497 3559 ostendit.Idithum
3516 3516 3780 3574 namque

2117 3592 2456 3648 transiliens
2476 3590 2979 3662 interpretatur,et
2989 3588 3085 3645 hic
3103 3589 3173 3646 de
3193 3588 3556 3647 transiliente
3576 3590 3784 3649 omnia

2117 3679 2465 3753 temporalia
2475 3679 2691 3751 agitur.
2712 3678 2876 3735 Hunc
2892 3677 3190 3751 psalmum
3211 3678 3340 3736 ideo
3363 3678 3657 3737 canticum
3672 3697 3781 3738 no-

2117 3771 2327 3843 minat,
2362 3768 2502 3841 quia
2530 3767 2629 3825 hic
2647 3769 2970 3840 quamdam
3000 3766 3453 3827 exsultationem
3480 3769 3777 3841 proponit,

2118 3858 2363 3927 scilicet,
2399 3859 2579 3914 finem
2632 3861 2923 3925 nostrum,
2955 3856 3015 3913 id
3044 3860 3155 3927 est,
3188 3856 3509 3924 Christum,
3539 3862 3600 3915 et
3641 3857 3795 3915 licet.

2116 3947 2213 4005 hic
2235 3948 2504 4020 quaedam
2527 3945 2721 4003 tristia
2751 3948 3378 4018 proponantur,tamen
3398 3946 3530 4019 ipsa
3547 3945 3782 4012 lentare;

2116 4041 2403 4111 putantur
2423 4052 2525 4109 spe
2548 4036 2686 4093 finis
2702 4034 3129 4094 illius.Titulus
3147 4034 3235 4093 sic
3255 4036 3565 4108 exponitur
3586 4053 3601 4092 :
3633 4036 3775 4094 Can-

2114 4127 2300 4193 ticum
2329 4125 2490 4183 istud
2512 4124 2783 4182 convenit
2798 4124 2977 4182 David
3001 4124 3296 4197 prophetae
3316 4124 3773 4184 transilientivel

2114 4216 2328 4289 cuique
2357 4214 2715 4271 transillenti
2746 4214 3015 4271 habitum
3038 4230 3143 4286 pro
3175 4214 3454 4284 Idithum,
3477 4214 3536 4272 id
3566 4214 3771 4284 est,.ad

2113 4304 2398 4363 honorem
2444 4303 2726 4372 Idithum,
2762 4303 2820 4359 id
2853 4308 2961 4372 est,
2996 4302 3401 4364 transilientis.
3438 4303 3587 4362 Cum
3613 4304 3770 4361 enim

2113 4394 2374 4451 ostendit
2401 4391 2582 4450 talem
2614 4408 2742 4450 esse
2772 4391 3223 4462 transilientem,
3246 4396 3332 4463 ut,
3355 4390 3574 4450 relictis
3604 4408 3773 4450 mun-

2113 4484 2304 4553 danis,
2337 4483 2410 4539 ad
2441 4482 2701 4541 ccslestia
2729 4481 2923 4551 saliat,
2957 4498 3242 4555 magnum
3289 4482 3589 4540 honorem
3609 4482 3768 4539 exhi-

2112 4574 2247 4643 bet;
2283 4572 2577 4631 canticum
2628 4572 2782 4642 dico,
2830 4572 3089 4644 dirigens
3138 4572 3200 4631 in
3242 4573 3442 4644 ﬁnem,
3472 4571 3532 4629 id
3561 4576 3673 4640 est,
3704 4571 3766 4627 in

337 4675 365 4702 ‹‹
389 4651 571 4750 locuti
597 4658 736 4711 sunt
757 4672 988 4750 magna-
1009 4674 1188 4730 super
1207 4676 1324 4750 me,
1358 4682 1387 4710 ››
1420 4660 1477 4717 id
1509 4666 1617 4732 est,
1652 4668 1857 4721 contra
1885 4681 2000 4735 me,
2030 4682 2086 4750 Ι)
2112 4662 2436 4719 Christum.
2466 4662 2712 4719 Materia
2737 4666 2828 4719 est
2856 4660 3219 4728 transiliens,
3244 4660 3304 4718 id
3334 4665 3443 4730 est,
3473 4661 3765 4750 perfectus

336 4742 478 4814 quia
507 4743 579 4799 de
610 4760 742 4801 mea
771 4743 1111 4803 infirmitate
1143 4749 1493 4821 gaudebant.

407 4831 479 4886 Et
500 4831 630 4889 ideo
652 4834 1101 4907 exaudies,quia
1120 4835 1253 4892 licet
1265 4837 1396 4910 jam
1425 4838 1614 4897 multa
1644 4842 1799 4899 mala
1820 4845 1999 4900 susti-

334 4919 457 4990 nui,
493 4923 691 4978 tamen
723 4922 912 4980 multo
944 4924 1116 4996 plura
1156 4931 1398 4997 paratus
1431 4945 1561 4985 sum
1596 4931 1909 5001 sustinere,
1942 4938 2000 4990 et

334 5006 444 5064 hoc
479 5012 587 5078 est,
616 5032 642 5059 «
669 5011 952 5083 quoniam
981 5029 1086 5086 ego
1122 5013 1182 5068 in
1216 5015 1446 5089 flagella
1475 5040 1503 5068 »
1536 5019 1885 5078 sustinenda
1913 5022 1998 5080 ire

333 5118 363 5148 «
389 5101 634 5169 paratus
664 5115 799 5155 sum
828 5122 854 5150 ››
885 5117 988 5172 pro
1012 5119 1209 5160 amore
1237 5107 1360 5172 tuo,
1384 5110 1441 5162 et
1465 5124 1697 5180 semper
1726 5115 1995 5181 peccato-

330 5203 465 5242 rum
497 5188 843 5247 memoriam
865 5190 1140 5260 habeo,et
1170 5192 1280 5250 hoc
1311 5195 1511 5263 dicit,«
1538 5202 1597 5253 et
1627 5198 1795 5255 dolor
1825 5218 1994 5258 meus

330 5275 391 5331 in
424 5282 740 5350 conspectu
768 5297 897 5337 meo
955 5299 1208 5355 semper,
1245 5306 1273 5333 ››
1306 5283 1364 5340 id
1395 5290 1502 5357 est,
1535 5290 1991 5359 praecedentium

329 5368 705 5435 peccatorum
737 5371 1085 5428 memoriam
1117 5390 1351 5447 semper
1378 5374 1564 5433 habeo
1593 5375 1655 5433 in
1687 5380 1881 5436 corde.

403 5454 537 5510 Ideo
563 5473 796 5530 quoque
819 5460 1095 5518 exaudies
1122 5485 1150 5512 «
1175 5464 1455 5534 quoniam
1476 5466 1902 5538 annuntiabo,»
1931 5470 1990 5527 id

330 5546 438 5632 est,
454 5545 776 5632 confitebor
796 5571 822 5598 «
844 5548 1216 5623 iniquitatem
1240 5568 1434 5610 meam
1461 5577 1490 5607 ››
1513 5579 1541 5607 ‹‹
1566 5560 1622 5613 et
1638 5557 1929 5632 cogitabo,
1962 5583 1992 5612 ››

331 5627 391 5684 id
421 5635 529 5699 est,
562 5631 849 5692 sollicitus
880 5654 976 5696 ero
1010 5663 1038 5691 ‹‹
1069 5657 1179 5714 pro
1223 5647 1461 5713 peccato
1502 5661 1632 5704 meo
1664 5627 1991 5710 {faciendo

333 5729 510 5791 opera
537 5734 642 5794 per
668 5737 795 5795 quea
826 5725 973 5813 mihi
1002 5731 1310 5811 peccatum
1338 5731 1648 5803 relaxetur.

2108 4751 2226 4822 ille,
2260 4751 2362 4825 qui
2394 4751 2556 4806 omni
2587 4752 3026 4811 mundanorum
3073 4750 3369 4823 voluptate
3417 4749 3761 4822 postposita,

2110 4840 2253 4898 solis
2292 4840 2628 4898 ccelestibus
2677 4841 2888 4911 inhiat,
2931 4847 2989 4899 et
3035 4842 3212 4900 etiam
3260 4840 3418 4912 talis,
3469 4839 3573 4912 qui
3621 4840 3762 4897 adeo

2107 4931 2403 5003 perfectus
2435 4935 2543 4999 est,
2578 4936 2642 4988 ut
2670 4930 2848 4988 etiam
2905 4932 3174 5004 linguam
3233 4947 3405 4989 suam
3451 4946 3487 4986 a
3529 4933 3761 5001 peccato

2107 5020 2349 5077 omnino
2395 5020 2684 5090 cohibeat,
2716 5020 2870 5077 hanc
2918 5038 3022 5092 per
3044 5027 3248 5094 partes
3277 5020 3362 5077 ita
3388 5018 3665 5091 disponit.
3696 5018 3760 5074 In

2105 5110 2299 5182 prima
2327 5110 2588 5167 ostendit
2618 5109 2716 5166 ille
2746 5109 3087 5167 transiliens
3117 5128 3179 5167 se
3206 5114 3396 5166 tacere
3424 5108 3669 5175 mundo,
3699 5106 3757 5162 id

2104 5204 2214 5266 est,
2238 5198 2601 5268 hominibus,
2627 5204 2685 5256 et
2702 5200 2862 5272 loqui
2886 5201 3022 5256 Deo.
3050 5201 3114 5256 In
3135 5200 3394 5256 secunda
3413 5202 3579 5270 parte
3607 5213 3756 5252 com-

2101 5292 2270 5361 parat
2298 5288 2420 5345 hmc
2451 5290 2756 5347 mundana
2783 5306 2920 5346 cum
2941 5286 3620 5357 coelestibus,ostendens
3635 5284 3753 5341 haec

2101 5395 2229 5436 esse
2285 5396 2456 5451 vana,
2490 5378 2591 5437 illa
2649 5380 2996 5452 appetenda.
3032 5381 3095 5436 In
3148 5379 3323 5435 tertia
3375 5381 3541 5450 parte
3593 5375 3752 5450 ponit

2101 5470 2446 5537 orationem,
2479 5473 2545 5528 ut
2575 5487 2611 5527 a
2640 5469 2814 5527 malis
2850 5470 3153 5538 liberetur,
3186 5474 3246 5527 et
3273 5468 3532 5526 ccslestia
3569 5465 3753 5523 valeat

2101 5558 2383 5617 obtinere.
2400 5559 2650 5617 Intentio
2666 5562 2958 5632 estjustos
2971 5560 3304 5631 admonere,
3317 5554 3753 5616 utamundanis

2099 5647 2467 5722 postpositis,
2498 5649 2575 5705 ad
2605 5648 2865 5706 cwlestia
2892 5650 3220 5709 transeant.

2166 5736 2452 5812 Vesjusti
2471 5736 2653 5798 nolite
2681 5739 2806 5799 hac
2835 5740 3147 5807 mundana
3167 5740 3458 5817 appetere,
3478 5736 3589 5798 sed
3613 5750 3743 5795 eon-
