3914 6362
187 416 311 484 329

1381 423 1882 489 EXPLANATIO
1925 423 2005 507 ΙΝ
2050 425 2435 489 PSALMOS.

3504 431 3624 499 330

185 547 448 623 siderato
498 564 593 619 me
642 551 741 624 qui
774 573 801 604 ‹‹
845 551 986 631 dixi,
1020 575 1047 602 ››
1081 553 1139 617 id
1188 557 1299 625 est,
1332 553 1644 613 deliberavi
1697 553 1851 625 apud
1882 554 1938 633 Α
1968 556 2137 624 desit,
2162 582 2189 607 ‹‹
2215 559 2463 630 posuisti
2486 560 2613 621 dies
2635 576 2797 629 meos
2820 560 3251 629 mensurabiles
3273 584 3302 612 υ
3325 562 3385 625 in
3407 561 3624 635 quibus

187 652 289 693 me
308 637 531 716 ipsum,
547 637 937 695 «Custodiam
958 640 1081 696 vias
1104 658 1266 697 meas
1293 665 1319 690 ››
1343 642 1560 713 quibus
1583 643 1761 697 debeo
1783 643 1851 699 ad

184 720 379 780 Deum
412 726 705 796 accedere,
743 745 859 784 non
901 727 1028 801 jam
1060 730 1189 786 dico
1241 731 1586 787 abstinendo
1617 748 1650 786 a
1678 732 1851 803 furto,

182 811 273 873 vel
305 829 343 869 a
373 811 616 884 talibus,
641 831 768 888 qua:
799 815 999 874 omnia
1021 818 1148 890 jam
1180 819 1398 875 removi
1431 836 1465 875 a
1496 836 1608 888 me,
1636 820 1735 875 sed
1769 818 1855 877 sie

184 901 522 960 custodiam
547 926 576 954 «
601 908 667 960 ut
704 926 732 954 ι)
751 904 880 977 jam
912 905 1187 982 deinceps
1210 930 1235 956 ‹‹
1272 923 1389 965 non
1420 907 1760 982 delinquam
1793 907 1853 967 in

183 989 397 1065 lingua
421 1008 574 1049 mea.
598 1015 627 1043 ››
1162 981 1171 987 ’

254 1078 329 1136 Ει
360 1083 429 1137 ut
457 1098 575 1137 non
599 1080 940 1155 delinquam
963 1108 991 1135 «
1015 1085 1185 1157 posui
1208 1085 1293 1141 ori
1326 1102 1456 1142 meo
1478 1086 1806 1142 custodiam
1823 1107 1850 1137 ››

182 1166 329 1225 tunc
361 1191 391 1219 cc
426 1185 564 1240 cum
593 1170 944 1228 consisteret
974 1177 1245 1244 peccator
1275 1174 1585 1231 adversum
1617 1190 1770 1243 me,»
1791 1171 1875 1230 id‘

182 1256 416 1332 est,qui
435 1257 667 1316 volebat
696 1260 770 1316 ad
804 1260 1119 1318 maledicta
1148 1280 1478 1337 provocare,
1512 1268 1570 1320 et
1600 1263 1684 1320 sic
1715 1280 1851 1320 cum

181 1348 542 1405 consisteret
590 1354 861 1422 peccator
890 1351 1201 1408 adversum
1236 1369 1349 1421 me,
1382 1352 1552 1425 posui
1591 1351 1675 1409 ori
1720 1369 1850 1411 meo

180 1436 550 1505 custodiam;
586 1437 689 1494 sed
723 1437 863 1511 quia
901 1439 1095 1496 omnis
1127 1442 1301 1507 actio,
1335 1459 1463 1514 quae
1502 1441 1570 1497 iit
1607 1459 1677 1499 ex
1708 1441 1850 1499 deli-

179 1525 511 1597 beratione,
546 1525 613 1582 ﬁt
661 1528 892 1597 certior,
935 1529 1259 1602 praemittit,
1308 1530 1426 1586 dixi
1461 1548 1474 1587 :
1510 1531 1851 1589 Custodiam

177 1615 343 1672 enim
402 1615 477 1672 ab
536 1614 698 1672 omni
767 1615 946 1674 malo.
1009 1617 1279 1685 Custodit
1343 1619 1665 1692 rationem,
1721 1636 1851 1693 quas

177 1703 376 1761 bonus
397 1703 628 1776 janitor
664 1703 884 1783 emittit
911 1706 1257 1778 emittenda,
1291 1708 1504 1765 retinet
1533 1727 1649 1765 non
1678 1709 1849 1765 emit-

178 1793 383 1850 tenda.
939 1785 944 1789 ’

251 1906 288 1937 «ι
302 1882 483 1939 Posui
500 1883 888 1955 custodiam,»
904 1884 1129 1947 scilicet
1142 1910 1167 1937 α
1190 1887 1459 1943 obmutui
1480 1910 1507 1937 υ
1521 1891 1579 1943 et
1598 1887 1708 1944 hoc
1732 1905 1846 1944 non

177 1987 247 2029 ex
267 1969 379 2041 ira,
404 1971 513 2033 sed
542 1988 610 2028 ex
640 1970 996 2046 humilitate,
1022 1978 1079 2031 et
1108 1973 1217 2031 hoc
1240 1980 1329 2031 est
1352 2000 1379 2025 ‹‹
1410 1980 1467 2033 et
1497 1974 1845 2034 humiliatus

176 2077 315 2117 sum
352 2083 382 2111 ››
414 2064 609 2129 mente
640 2061 883 2118 scilicet.
917 2063 986 2119 Et
1018 2080 1133 2121 non
1165 2068 1396 2121 tantum
1426 2065 1695 2123 obmutui
1728 2083 1846 2123 non

177 2150 433 2207 dicendo
477 2148 652 2220 mala,
686 2151 787 2206 sed
837 2151 1014 2207 etiam
1065 2153 1221 2213 tacui
1271 2154 1445 2224 bona,
1476 2159 1533 2210 et
1577 2153 1687 2211 hoc
1734 2158 1846 2227 est,

177 2262 205 2290 «
234 2243 293 2296 et
324 2238 468 2297 silui
491 2256 526 2295 a
544 2238 774 2296 bonis.»
796 2240 965 2296 Juste
995 2244 1148 2298 tacet
1177 2241 1288 2300 iste
1312 2243 1503 2299 bonus
1522 2242 1640 2300 illis
1671 2243 1849 2301 obsti-

176 2327 357 2401 natis,
382 2345 534 2403 quos
554 2329 712 2385 videt
742 2333 979 2403 paratos
1010 2331 1082 2399 ad
1111 2331 1579 2389 conculcandum
1603 2334 1846 2390 verbum

178 2416 305 2491 Dei.
342 2416 636 2474 Dominus
695 2418 854 2487 enim
904 2419 1047 2477 dicit
1105 2420 1166 2476 in
1216 2421 1528 2495 Evangelio
1560 2438 1626 2476 :«
1659 2420 1848 2478 Nolite

181 2510 466 2579 sanctum
496 2507 635 2563 dare
665 2507 933 2577 canibus,
958 2526 1147 2582 neque
1179 2510 1528 2583 margaritas
1557 2515 1694 2568 ante
1721 2528 1846 2583 por-

177 2612 281 2671 cos
319 2612 601 2677 spargere
622 2596 826 2666 (Matth.
850 2596 970 2671 vn),
990 2620 1017 2647 κ
1041 2598 1213 2667 Silui,
1235 2599 1385 2669 dico,
1409 2617 1443 2656 a
1467 2599 1657 2668 bonis,
1678 2624 1705 2651 ‹‹
1730 2605 1787 2657 et
1819 2623 1848 2652 κ

184 2701 254 2761 ex
284 2685 401 2741 hoc
434 2709 461 2735 «
488 2690 800 2743 renovatus
848 2690 939 2742 est
985 2686 1151 2749 dolor
1198 2704 1387 2744 meus.
1414 2712 1441 2738 »
1464 2688 1661 2746 Doluit
1690 2689 1849 2747 enim

183 2773 294 2845 iste
333 2776 543 2848 justus
591 2791 770 2847 super
797 2778 1183 2849 peccatorem,
1215 2793 1351 2832 cum
1399 2794 1533 2834 eum
1582 2781 1851 2849 peccator

185 2861 537 2936 provocarét
567 2863 639 2919 ad
661 2862 833 2920 iram.
856 2863 1024 2919 Nunc
1042 2880 1175 2921 vero
1198 2870 1509 2922 renovatur
1528 2865 1694 2922 dolor
1714 2865 1851 2941 iste,

184 2941 322 3025 cum
358 2968 462 3008 eos
505 2950 589 3011 ita
619 2950 945 3008 obstinatos
976 2957 1309 3025 cognoscat,
1335 2958 1400 3011 ut
1428 2954 1512 3010 eis
1540 2954 1715 3010 etiam
1748 2953 1849 3010 bo-

191 3057 339 3098 num
371 3056 493 3094 non
524 3039 737 3095 audeat
765 3039 1101 3112 praedicare.

261 3130 591 3201 Postquam
623 3128 881 3185 ostendit
908 3145 972 3184 se
1009 3134 1200 3185 tacere
1232 3131 1473 3203 mundo,
1502 3131 1760 3187 ostendit
1789 3147 1851 3189 se

1878 1924 1926 2009 Β

1962 645 2109 711 vivo,
2128 646 2184 701 id
2210 652 2318 718 est,
2342 664 2458 702 non
2490 652 2754 719 aeternos,
2781 650 2883 705 sed
2915 649 3250 709 defectivos.
3268 648 3434 710 Alius
3464 649 3623 717 enim

1962 736 2081 793 tres
2111 735 2235 791 dies
2266 736 2355 792 vel
2399 754 2605 805 annos,
2641 737 2793 794 alius
2824 741 3086 809 centum,
3115 736 3269 795 alius
3321 737 3624 812 sexaginta

1962 820 2156 891 habet,
2172 829 2230 879 et
2250 826 2501 898 quisque
2525 843 2661 883 cum
2678 831 2836 884 certa
2856 844 3193 897 mensura,«
3216 830 3275 883 et
3290 827 3624 887 substantia

1962 928 2111 981 mea,
2138 936 2166 964 »
2196 913 2436 983 scilicet,
2462 932 2581 973 non
2624 915 2919 977 renovatio
2951 931 3130 990 quam
3162 914 3298 973 fecit
3328 914 3618 987 Christus,

1961 1002 2063 1057 sed
2092 1005 2260 1059 vetus
2291 1001 2549 1060 essentia
2577 1004 2997 1077 corruptibilis,
3023 1021 3200 1078 quam
3231 1002 3518 1061 traximus
3546 1001 3620 1073 ab
3654 1062 3657 1065 ,

1956 1089 2166 1159 Adam,
2189 1096 2279 1147 est
2302 1113 2329 1143 «
2358 1096 2643 1165 tanquam
2667 1092 2921 1153 nihilum
2943 1098 3079 1151 ante
3096 1097 3173 1165 te,
3201 1114 3223 1144 ι
3250 1110 3367 1159 non
3397 1093 3528 1150 dico
3558 1092 3619 1166 in

1960 1183 2278 1251 conspectu
2303 1178 2639 1249 hominum,
2669 1181 2772 1254 qui
2805 1180 3189 1255 magniﬁcant
3215 1180 3516 1241 hominem
3545 1180 3620 1251 ad

1959 1267 2459 1339 comparationem
2508 1268 2857 1335 bestiarum,
2890 1270 2993 1331 sed
3028 1290 3056 1319 «
3090 1273 3226 1325 ante
3252 1272 3329 1339 te,
3353 1290 3383 1321 »
3416 1269 3477 1326 id
3506 1272 3617 1341 est,

1959 1354 2019 1413 in
2053 1355 2366 1427 praesentia
2395 1360 2517 1412 tua.
2540 1356 2677 1415 Dies
2712 1357 2869 1414 enim
2902 1357 2984 1414 ita
3022 1362 3162 1415 sunt
3190 1357 3449 1432 fragiles,
3477 1356 3616 1428 sub-

1959 1444 2180 1500 stantia
2209 1444 2293 1501 sic
2323 1444 2587 1518 indigna.

2032 1533 2145 1589 Sed
2176 1537 2374 1590 tamen
2404 1534 2673 1608 quamvis
2700 1534 2810 1592 hoc
2853 1552 2973 1592 non
3011 1535 3339 1593 attenderet
3369 1556 3399 1601 ςι
3426 1535 3621 1608 omnis

1958 1621 2191 1691 homo,»
2218 1628 2772 1701 quantumcumque
2801 1623 2881 1680 sit
2901 1625 3166 1700 justus,“
3186 1623 3444 1695 vivens,»
3467 1624 3621 1697 tutu.

1958 1728 2090 1781 rum
2114 1716 2205 1768 est
2226 1711 2383 1768 enim
2407 1711 2745 1787 aliquando,
2770 1714 3007 1786 quando
3037 1712 3314 1773 subditus
3336 1729 3454 1785 non
3485 1710 3619 1787 erit,

1956 1804 2047 1857 est
2067 1822 2096 1852 ί(
2118 1800 2393 1861 universa
2410 1801 2696 1879 vanitas,»
2721 1801 2781 1857 id
2803 1806 2911 1877 est,
2927 1801 3203 1861 subditus
3224 1804 3315 1865 est
3334 1799 3618 1875 universa

1955 1889 2220 1957 vanitati,
2254 1888 2497 1959 scilicet,
2534 1888 2627 1946 his
2658 1889 3000 1951 mundanis.
3026 1890 3188 1959 Licet
3216 1888 3373 1955 enim
3411 1889 3615 1965 justus

1955 1976 2340 2051 Spiritualiter
2371 1995 2486 2035 non
2510 1978 2790 2055 subjiciat
2818 1996 2881 2035 se
2911 1977 3004 2036 his
3033 1977 3372 2051 mundanis,
3404 1994 3614 2050 secum

1957 2066 2099 2123 dum
2113 2084 2326 2141 corpus
2343 2072 2540 2124 tamen
2560 2067 2891 2125 necessario
2909 2067 3040 2143 subj
3050 2065 3441 2141 acet.onrtet
3454 2065 3618 2141 enim

1956 2156 2211 2229 cogitare
2232 2156 2303 2212 de
2324 2156 2481 2213 victu
2509 2159 2565 2212 et
2594 2156 2827 2212 vestitu.
2848 2155 3013 2212 Unde
3042 2154 3260 2213 Paulus
3285 2172 3339 2212 ζα
3355 2154 3621 2227 Vanitati

1957 2249 2226 2305 creatura
2256 2245 2523 2316 subjecta
2565 2248 2657 2300 est
2704 2261 2822 2300 non
2868 2243 3070 2311 volens
3092 2243 3265 2317 (Rom.
3287 2243 3433 2318 vui).
3457 2264 3486 2297 ι)
3511 2242 3616 2300 Hic

1956 2332 2165 2404 incipit
2190 2332 2449 2390 secunda
2477 2349 2635 2404 pars.
2656 2330 3028 2401 Continuatio
3053 2348 3067 2386 :
3093 2330 3300 2395 Omnis
3327 2330 3504 2401 homo
3524 2334 3621 2403 est

1957 2420 2233 2481 subditus
2255 2420 2518 2493 vanitati,
2541 2424 2780 2494 propter
2806 2420 2917 2477 hoc
2949 2420 3158 2483 debere
3186 2435 3418 2491 cessare
3436 2436 3472 2475 a
3488 2435 3617 2495 psc-

1957 2514 2107 2568 cato.
2131 2507 2489 2583 Diapsalma.
2516 2530 2545 2559 ‹‹
2564 2508 2982 2564 Verumtamen
3023 2506 3345 2581 pertransit
3373 2504 3550 2573 homo
3584 2527 3614 2566 ››

1959 2600 2031 2658 de
2052 2603 2287 2672 peccato
2308 2597 2368 2654 in
2389 2601 2718 2671 peccatum,
2739 2596 2823 2654 ita
2844 2601 2909 2653 ut
2929 2612 3047 2653 non
3065 2598 3297 2653 tantum
3319 2594 3399 2671 sit
3417 2593 3616 2659 subdi.-

1959 2693 2056 2757 tus
2073 2687 2338 2756 vanitati,
2362 2686 2463 2745 sed
2494 2686 2672 2744 etiam
2696 2686 2767 2741 de
2789 2688 3026 2759 peccato
3057 2683 3117 2742 in
3149 2687 3454 2758 peccatum
3482 2699 3615 2759 per-

1961 2780 2241 2845 transeat,
2264 2792 2605 2848 quanquam
2643 2772 2855 2833 eiistat
2887 2796 2914 2824 ι(
2945 2773 3005 2831 in
3048 2773 3311 2849 imagine
3336 2794 3364 2823 »ι
3398 2771 3521 2841 Dei,
3553 2770 3619 2841 id

1959 2870 2071 2933 est,
2106 2865 2184 2922 sit
2233 2863 2445 2921 similis
2475 2862 2527 2918 ei
2565 2880 2670 2935 per
2714 2861 3023 2918 rationem.
3056 2861 3217 2919 Hanc
3261 2858 3623 2923 sententiam

1961 2951 2304 3025 comprobat
2333 2950 2449 3008 alia
2484 2950 2815 3019 translatio,
2847 2967 2975 3023 qua:
3015 2949 3193 3006 habet
3224 2964 3239 3004 :
3272 2963 3615 3023 quanquam

1960 3041 2021 3098 in
2044 3039 2301 3113 imagine
2322 3039 2423 3095 Dei
2444 3036 2705 3095 ambulet
2725 3037 2921 3106 homo,
2936 3041 3132 3093 tamen
3148 3053 3293 3093 vane
3311 3035 3621 3093 conturbas

1962 3135 2080 3189 tur.
2102 3128 2241 3184 Dico
2262 3126 2581 3201 pertransit
2599 3126 2796 3195 homo,
2811 3130 2869 3185 et
2888 3141 3003 3181 non
3022 3129 3252 3182 tantum
3274 3123 3621 3198 pertransit,

187 3215 352 3291 loqui
377 3216 897 3275 Deo.Continuatio
918 3234 931 3273 :
954 3217 1087 3275 Istis
1109 3219 1450 3288 tacui,sed«
1476 3238 1575 3278 cor
1593 3237 1851 3288 meum,»
1963 3217 2064 3274 sed
2094 3215 2271 3273 etiam
2304 3239 2331 3266 ‹‹
2365 3215 2749 3272 conturbatur
2780 3238 2807 3264 ››
2840 3213 3042 3270 multis
3080 3212 3457 3287 passionibus
3489 3210 3616 3271 ani.-

188 3304 247 3377 id
277 3310 396 3373 est,
418 3306 645 3363 affectio
677 3322 808 3363 mea
840 3330 868 3357 «
908 3307 1200 3364 concaluit
1230 3308 1386 3365 intra
1417 3325 1510 3364 me
1534 3332 1564 3359 ››
1595 3308 1728 3383 igne
1759 3308 1852 3365 di-
1883 3291 1926 3358 C
1965 3305 2066 3375 mi,
2091 3304 2334 3373 scilicet,
2350 3303 2951 3377 gaudio,dolore,spe,
2968 3303 3198 3373 timore,
3214 3307 3271 3359 et
3294 3301 3621 3377 similibus,

187 3393 487 3463 lectionis,
509 3399 565 3451 et
594 3412 711 3452 non
743 3398 976 3452 tantum
1007 3396 1320 3466 concaluit,
1346 3399 1448 3454 sed
1481 3397 1655 3455 etiam
1688 3399 1854 3455 ardet

189 3482 293 3553 ibi,
325 3488 387 3541 et
417 3483 528 3541 hoc
558 3486 649 3540 est
682 3502 695 3541 :
722 3507 751 3535 ‹‹
784 3489 841 3540 et
868 3484 929 3541 in
960 3485 1341 3543 meditatione
1370 3504 1502 3544 mea
1532 3486 1856 3545 exardescit

189 3570 364 3647 ignis,
392 3596 422 3623 »
443 3572 503 3629 id
535 3576 645 3646 est,
670 3574 922 3631 meditor
960 3574 1257 3631 exardenti
1300 3576 1629 3633 dilectione.
1655 3576 1714 3633 Si
1747 3576 1850 3633 ha-

190 3660 383 3734 betur,
406 3662 764 3732 exardescet,
787 3680 892 3735 per
920 3662 1066 3719 illud
1099 3664 1363 3720 futurum
1386 3666 1685 3722 notabitur
1714 3684 1849 3739 per-

192 3751 542 3810 severantia.

262 3838 426 3913 Ignis
466 3840 791 3896 exardescit
840 3841 905 3898 in
951 3859 1085 3899 mea
1127 3843 1525 3914 meditatione,
1560 3844 1719 3900 etab
1752 3842 1854 3900 illa

191 3949 218 3978 «
252 3926 490 3986 locutus
521 3947 654 3986 sum
686 3928 747 3985 in
778 3928 983 4005 lingua
1015 3948 1165 4000 mea,
1194 3955 1222 3982 ››
1252 3931 1311 3988 id
1344 3937 1455 4002 est,
1489 3934 1851 3990 annuntians

195 4031 262 4073 ea
276 4034 405 4090 quis
422 4019 638 4076 ardens
656 4019 960 4076 meditatio
978 4019 1360 4088 ministrabit,
1375 4020 1519 4078 illud
1537 4021 1762 4078 scilicet
1775 4020 1855 4077 lo-

195 4110 366 4164 cutus
387 4124 581 4178 sum,«
602 4107 867 4178 Domine,
886 4110 1090 4166 netum
1113 4110 1202 4166 fac
1224 4109 1369 4165 mihi
1392 4111 1569 4166 tinem
1593 4127 1857 4179 meum,»

195 4190 254 4250 id
297 4202 411 4275 est,
447 4198 527 4255 da
570 4196 717 4263 mihi
765 4214 963 4255 veram
1009 4198 1402 4273 cognitionem
1436 4198 1507 4255 de
1560 4198 1703 4256 Filio
1751 4204 1852 4256 tuo

194 4277 446 4363 Christo,
475 4288 540 4343 ut
568 4284 897 4361 intelligam
924 4303 1060 4344 eum
1086 4291 1622 4344 oonsummatorem
1654 4304 1859 4346 meum

195 4370 294 4443 qui
323 4389 418 4432 me
450 4374 724 4443 redimat,
757 4379 816 4432 et
844 4374 1348 4443 immortalitatem
1380 4375 1527 4434 mihi
1559 4376 1850 4435 restituat.

208 4450 223 4457 ’
262 4460 334 4535 Et
359 4486 388 4516 «
423 4467 634 4524 notum
666 4464 756 4522 fac
787 4464 934 4525 mihi
974 4481 1288 4533 numerum
1320 4466 1548 4523 dierum
1576 4490 1602 4515 ››
1635 4466 1859 4539 quibus.

194 4546 319 4608 vivo
341 4574 370 4603 ‹‹
395 4552 533 4626 quis
562 4558 710 4631 est,»
733 4553 792 4609 id
824 4556 934 4627 est,
958 4553 1153 4627 qualis
1183 4558 1293 4623 est,
1317 4553 1559 4617 scilicet.
1587 4560 1651 4613 ut
1683 4554 1852 4612 intel-

1961 3400 2018 3451 et
2047 3395 2155 3461 hoc
2189 3417 2217 3445 «
2247 3394 2531 3463 frustra,»
2560 3392 2699 3465 quia
2741 3409 2946 3450 omnes
2984 3392 3105 3449 istae
3145 3390 3617 3465 perturbationes

1960 3484 2201 3541 inutiles
2236 3486 2395 3539 sunt.

2032 3574 2136 3630 Hic
2166 3572 2332 3646 eligit
2362 3573 2659 3645 quoddam
2682 3589 2870 3647 genus
2898 3572 3194 3642 vitiorum,
3216 3572 3276 3628 in
3308 3589 3422 3646 quo
3454 3576 3544 3629 est
3561 3575 3621 3642 et

1961 3663 2451 3737 pertransitus,et
2472 3662 2861 3733 conturbatio,
2887 3662 3473 3732 scilicet,avaritiam.
3498 3661 3606 3719 Per

1960 3752 2173 3811 transit
2201 3753 2358 3809 enim
2389 3752 2565 3809 homo
2588 3757 2645 3808 et
2675 3753 3081 3822 conturbatur,
3101 3753 3242 3825 quia
3261 3775 3289 3802 ‹‹
3324 3751 3618 3807 ῐὴθειιηυὶη

1961 3848 2055 3901 zat
2078 3866 2105 3892 ››
2128 3842 2187 3897 in
2209 3859 2323 3915 quo
2345 3858 2598 3914 magnus
2623 3841 2911 3899 transitus
2935 3858 2948 3897 :
2975 3840 3117 3913 quia
3134 3839 3390 3895 declinat
3415 3838 3476 3894 in
3506 3837 3629 3899 hoc.

1962 3932 2138 4003 homo
2170 3931 2243 3988 ad
2276 3930 2602 3998 avaritiam,
2635 3934 2693 3985 et
2721 3930 2779 3986 in
2826 3945 2892 3986 eo
2934 3918 3096 4001 quod
3143 3927 3521 4001 perturbatur
3551 3925 3618 3997 ti.-

1962 4037 2122 4078 more
2155 4035 2226 4075 nc
2256 4018 2462 4091 perdat
2489 4016 2579 4074 vel
2608 4018 2910 4074 minuatur
2942 4034 2956 4073 :
2994 4016 3353 4075 thesaurizat
3378 4020 3437 4073 et
3463 4014 3616 4089 stula

1960 4115 2057 4166 tus
2080 4112 2167 4165 est
2191 4124 2203 4164 :
2233 4106 2372 4181 quia
2389 4130 2416 4156 «
2442 4108 2673 4179 ignorat
2694 4105 2786 4162 cui
2807 4105 3186 4180 congregabit
3203 4122 3275 4171 ea
3292 4128 3319 4155 n
3337 4121 3464 4178 quis
3486 4120 3619 4161 cons

1962 4195 2239 4272 gregavit.
2274 4196 2436 4268 Saepe
2474 4198 2633 4252 entm
2682 4194 2945 4267 possidet
2989 4194 3288 4265 inimicus,
3313 4210 3441 4266 qua!
3471 4209 3615 4261 οοῃε

1963 4285 2221 4360 gregavit
2248 4301 2478 4341 avarus.

2033 4374 2282 4431 Ostensa
2299 4371 2577 4446 qualitate
2595 4374 2900 4447 praesentis
2910 4372 3060 4441 vitae,
3078 4370 3614 4448 ponitoppositum,

1963 4464 2204 4533 scilicet,
2221 4462 2361 4536 quid
2387 4461 2463 4519 sit
2482 4462 2760 4521 omnibus
2781 4456 3575 4537 appetendum.Gontinuatio
3599 4474 3615 4521 ;

1963 4555 2059 4614 Sic
2080 4554 2465 4612 conturbatur
2484 4552 2717 4621 homo,«
2741 4556 2800 4609 et
2829 4567 3041 4621 nunc,»
3066 4550 3125 4607 id
3155 4554 3267 4620 est,
3288 4548 3399 4607 hoc
3419 4548 3619 4617 consi—

195 4632 371 4740 ligam
403 4646 723 4716 praesentes
747 4642 872 4700 dies
894 4643 1210 4700 defectivos
1240 4660 1390 4712 esse,
1414 4647 1472 4701 et
1492 4644 1577 4701 sic
1608 4648 1854 4706 aeternos
1965 4646 2164 4702 derato
2189 4666 2216 4695 «
2240 4661 2366 4717 qua:
2396 4646 2498 4743 est
2516 4640 2868 4743 suspectatio
2900 4640 3112 4743 mea?»
3137 4638 3330 4743 idoest,
3354 4655 3485 4743 qua;
3513 4637 3650 4743 de;

196 4722 513 4798 inquiram.
536 4730 639 4787 Vel
674 4730 758 4789 ita
787 4747 801 4788 :
829 4755 856 4783 «
882 4732 1101 4789 Notum
1132 4733 1223 4788 fac
1254 4750 1630 4802 numerum,»
1651 4733 1709 4790 id
1741 4738 1849 4804 est,
1883 4722 1934 4743 τ
1961 4735 2069 4791 beo
2128 4731 2498 4805 exspectare?
2546 4732 2633 4787 An
2690 4730 2812 4786 haec
2871 4727 3214 4786 mundana?
3244 4728 3333 4783 An
3390 4724 3621 4795 Deum?

195 4809 567 4888 inﬁnitatem,
593 4820 650 4876 id
673 4820 1187 4891 est,a:ternitatem
1214 4845 1242 4872 «
1273 4821 1501 4877 dierum
1525 4838 1852 4890 meorum,»
1965 4847 1993 4895 «ε
2027 4840 2219 4880 nonne
2267 4820 2602 4878 Dominus?
2644 4843 2671 4870 ››
2713 4819 2879 4876 Certe
2925 4816 3213 4875 Dominus
3261 4815 3627 4891 exspectatio,

198 4902 435 4980 scilicet,
450 4908 669 4981 quibus
693 4909 885 4965 vivam
906 4909 967 4965 in
1004 4908 1120 4966 alia
1138 4910 1276 4976 vita,
1301 4908 1359 4964 id
1392 4914 1498 4981 est,
1526 4910 1617 4966 fac
1638 4928 1732 4966 me
1765 4911 1853 4966 in-

196 4989 468 5066 telligere,
505 4996 749 5069 scilicet,
782 4999 939 5072 quod
977 4998 1132 5072 justi
1163 4998 1222 5053 in
1270 4997 1387 5055 alia
1433 5000 1551 5056 vita
1599 4999 1855 5058 habeant

201 5082 602 5143 eternitatem.
628 5087 769 5145 Dico
790 5091 998 5144 notum
1024 5087 1135 5156 fac,
1159 5087 1426 5159 Domine,
1460 5090 1639 5146 finem
1664 5094 1722 5146 et
1753 5108 1856 5146 nu-

198 5181 442 5243 merum,
475 5179 559 5245 ut,
585 5175 716 5233 istis
765 5175 1039 5251 cognitis,
1066 5200 1093 5228 ‹‹
1139 5177 1323 5233 sciam
1367 5200 1395 5227 »
1438 5181 1496 5235 et
1525 5178 1853 5253 intelligam

201 5256 335 5340 quid
359 5262 510 5321 desit
539 5265 747 5335 mihi,»
772 5266 831 5323 id
853 5271 960 5334 est,
981 5266 1681 5341 Christum.Cognoscens
1702 5268 1860 5326 enim

193 5340 389 5413 justus
413 5352 716 5412 Christum
746 5371 875 5413 esse
897 5355 1076 5413 finem
1109 5355 1293 5412 nostri
1327 5340 1566 5428 laboris,
1589 5363 1647 5415 et
1666 5377 1857 5416 remu-

201 5440 521 5499 neratorem
554 5444 614 5499 in
632 5444 861 5516 judicio
894 5445 1220 5501 secundum
1244 5447 1452 5503 merita
1474 5447 1858 5523 uniuscujus—

203 5533 329 5593 que,
347 5529 456 5587 scit
475 5532 549 5589 ad
570 5550 707 5590 eum
733 5534 1163 5607 festinandum,
1178 5552 1283 5592 nec
1305 5534 1365 5593 in
1388 5535 1518 5594 istis
1539 5538 1857 5597 mundanis

201 5607 440 5677 ulterius
476 5638 606 5680 esse
636 5610 1077 5691 confidendum.

271 5698 409 5764 Dico
438 5711 582 5797 quid
612 5712 795 5784 desit,
813 5713 954 5799 quia
981 5730 1115 5773 vere
1143 5714 1326 5787 deest,
1347 5720 1409 5774 et
1440 5739 1467 5773 (ί
1503 5732 1634 5776 ecce
1660 5740 1689 5771 υ
1712 5718 1854 5794 quid

515 5836 786 5906 Parim.
833 5838 1036 5908 eam.
1738 5810 1741 5815 ’

1964 4930 2181 4968 mea:«
2221 4915 2279 4967 et
2326 4910 2661 4967 substantia
2707 4926 2859 4979 mea,
2886 4932 2913 4958 ››
2942 4908 3001 4964 id
3050 4910 3159 4978 est,
3202 4905 3430 4980 paritas
3475 4920 3623 4973 mea

1963 5001 2330 5058 conscientiae
2363 5004 2647 5055 renovata:
2678 5016 2781 5071 per
2811 4998 3111 5054 Christum
3136 5018 3165 5047 (ι
3195 5000 3285 5053 est
3315 4994 3473 5068 apud
3500 4998 3618 5064 te,»

1962 5090 2021 5148 id
2053 5094 2164 5157 est,
2188 5090 2367 5164 digna
2390 5093 2454 5145 ut
2474 5105 2603 5144 eam
2635 5088 2945 5163 approbas.
2967 5085 3139 5142 Nulla
3169 5085 3325 5142 enim
3349 5084 3621 5140 substan-

1963 5180 2066 5250 tia,
2090 5178 2204 5235 nisi
2226 5196 2353 5251 quzs
2376 5177 2451 5234 sit
2472 5181 2747 5233 renovata
2769 5194 2871 5250 per
2890 5175 3212 5248 Christum,
3237 5174 3418 5247 digna
3436 5177 3527 5239 est
3556 5171 3620 5239 in

1969 5273 2072 5326 tua
2102 5267 2441 5342 przesentari
2470 5265 2799 5338 prmsentia.

2040 5356 2527 5429 Quandoquidem
2550 5372 2681 5411 mea
2715 5354 3046 5411 substantia
3066 5352 3221 5427 apud
3242 5355 3298 5408 te
3328 5355 3438 5421 est,
3462 5366 3621 5424 ergo,

1970 5447 2232 5515 Domine,
2249 5470 2276 5496 ‹‹
2301 5461 2439 5502 erue
2462 5461 2555 5500 me
2578 5444 2649 5500 ab
2672 5443 2949 5501 omnibus
2971 5440 3385 5515 iniquitatibus
3406 5438 3575 5509 meis,
3593 5460 3625 5501 ρ»

1968 5555 2040 5594 ne
2070 5536 2208 5609 ipsa:
2240 5533 2387 5590 mihi
2417 5532 2648 5590 valeant
2697 5531 2987 5590 dominari
3017 5549 3030 5588 :
3065 5536 3124 5589 et
3171 5530 3347 5587 debes
3398 5544 3629 5600 eruere,
3740 5600 3741 5607 γ

1966 5625 2105 5710 quia
2163 5629 2228 5681 tu
2255 5646 2282 5673 «
2317 5622 2529 5679 dedisti
2588 5639 2683 5679 me
2733 5620 3119 5696 opprobrium
3174 5618 3625 5709 insipientium

1965 5730 2142 5792 quem
2172 5711 2458 5790 insipiens
2480 5711 2705 5789 jaceret
2737 5710 3071 5789 opprobria.

3226 5838 3297 5902 11
