3914 6392
287 456 397 519 331

714 456 1120 519 HAYMONIS
1154 452 1695 517 HALBERSTAT.
1728 450 1944 515 EPISC

2123 453 2181 512 P.
2217 451 2417 513 PARS
2448 451 2496 513 Ι.
2527 488 2603 495 -
2629 450 3036 514 ῦοΜΜΕΝΤ.
3070 448 3264 511 BlBL.

3583 447 3699 509 332

359 591 430 646 Et
457 605 564 663 ego
592 606 661 646 ea
699 589 844 645 bene
887 588 1163 657 sustinui,
1198 592 1257 644 et
1283 588 1394 644 hoc
1423 590 1515 643 est
1537 602 1549 642 :
1575 610 1603 636 ‹‹
1630 584 1933 654 Obmutui,
1965 586 2021 655 Α
2050 585 2157 641 beo
2174 588 2393 641 certam
2410 585 2779 641 mansionem
2798 582 2978 639 ibivel
2997 582 3218 649 sedem,
3237 581 3340 638 sed
3356 581 3551 639 adhuc
3571 600 3703 639 sum

287 682 346 736 et
375 695 491 734 non
540 677 737 750 aperui
769 695 835 733 os
878 694 1075 733 meum
1110 699 1137 727 »
1173 682 1239 732 ut
1269 677 1327 731 in
1379 675 1492 732 alio
1540 675 1789 748 psalmo,
1826 692 1942 731 non

289 767 510 841 aperui,
544 784 649 823 nec
680 766 855 821 istam
898 766 1300 838 paenitentiam
1353 783 1421 819 ex
1467 782 1561 821 me
1608 763 1808 833 habui,
1843 763 1945 818 sed

289 856 567 928 quoniam
601 880 627 904 «ι
662 860 725 910 tu
770 855 961 911 fecisti
1000 880 1025 904 ››
1060 856 1117 910 in
1151 873 1244 910 me
1292 856 1445 911 hanc
1494 854 1863 926 patientiam,
1892 854 1949 906 et

287 945 428 1018 quia
452 943 709 1000 sustinui
740 944 846 1013 sic,
872 945 1004 1001 ideo
1034 948 1119 1013 tu,
1144 944 1410 1013 Domine,
1434 959 1636 999 amove
1662 961 1696 998 a
1716 959 1809 997 me
1831 938 1948 996 non

285 1036 518 1089 tantum
539 1033 904 1107 iniquitates,
920 1034 1022 1089 sed
1045 1033 1223 1090 etiam
1247 1050 1450 1106 pcenas
1470 1032 1877 1106 iniquitatum,
1892 1032 1952 1084 et

286 1123 398 1180 hoc
418 1126 528 1192 est,
538 1144 567 1174 «
586 1139 788 1180 amove
806 1141 839 1180 a
863 1139 957 1179 me
978 1121 1182 1196 plagas
1206 1127 1361 1195 tuas,
1372 1112 1399 1171 ἢ
1414 1126 1605 1195 potest
1619 1121 1691 1177 eti
1701 1137 1795 1175 am
1813 1133 1949 1175 cum

287 1210 399 1268 hoc
421 1212 574 1286 quod
599 1200 781 1286 supra
811 1211 1065 1285 legimus
1089 1210 1443 1280 continuari,
1464 1210 1569 1279 sic,
1586 1209 1860 1282 quoniam
1887 1212 1950 1263 tu

290 1300 642 1373 fecisti,jam
666 1318 868 1357 amove
893 1319 926 1355 a
949 1317 1045 1356 me
1072 1299 1274 1373 plagas
1297 1298 1449 1366 illas,
1474 1299 1775 1371 quoniam,
1801 1303 1910 1354 etc.

362 1389 503 1445 Dico
533 1406 758 1462 amove,
788 1393 846 1445 et
893 1406 1042 1461 opus
1091 1393 1180 1445 est
1232 1393 1297 1444 ut
1346 1404 1639 1455 amoveas,
1671 1387 1951 1459 quoniam

294 1499 325 1530 ‹‹
357 1494 464 1551 ego
495 1477 700 1548 dofeci,
725 1500 753 1528 ››
779 1477 835 1533 id
867 1483 977 1548 est,
1011 1494 1127 1533 non
1160 1476 1321 1549 potui
1354 1478 1644 1533 sustinere
1676 1499 1703 1527 ‹‹
1733 1493 1767 1531 a
1798 1476 1954 1532 forti-

291 1565 499 1623 tudine
530 1582 745 1622 manus
776 1570 911 1635 tua},
939 1589 967 1615 n
1000 1565 1058 1621 id
1099 1570 1211 1639 est,
1247 1566 1378 1622 forti
1412 1564 1670 1621 vindicta
1708 1570 1809 1622 tua
1828 1589 1854 1615 «
1891 1566 1951 1621 in

293 1654 817 1729 increpationibus,
845 1678 872 1705 »ι
906 1659 1071 1712 notat
1099 1654 1283 1712 Deum
1312 1654 1631 1711 vindictam
1663 1671 1832 1710 suam
1862 1654 1953 1709 fa-

293 1760 423 1801 cere
443 1744 515 1799 ad
546 1743 677 1810 hoc,
703 1747 769 1799 ut
799 1744 1062 1801 retrahat
1089 1744 1391 1800 hominem
1418 1762 1452 1799 a
1473 1747 1727 1815 peccato.
1755 1742 1952 1798 Conti-

295 1832 497 1892 nuatio
522 1849 534 1889 :
559 1832 719 1903 Dico,
755 1833 959 1907 plagas
1003 1838 1136 1890 tuas
1168 1838 1225 1889 et
1253 1834 1459 1890 fortem
1492 1850 1737 1889 manum
1787 1836 1952 1887 tuam

294 1940 412 1982 non
435 1940 667 1992 accuso,
688 1924 789 1980 sed
811 1924 1092 1979 confiteor
1115 1941 1207 1979 me
1230 1924 1443 1979 habere
1470 1921 1841 1995 iniquitatem
1865 1938 1876 1976 :
1898 1925 1953 1976 et

298 2035 326 2063 «
352 2015 589 2085 propter
619 2011 990 2083 iniquitatem
1015 2013 1349 2084 corripuisti
1376 2035 1402 2060 »ι
1430 2029 1520 2068 me
1547 2035 1573 2061 ί(
1596 2011 1895 2067 hominem
1923 2033 1949 2057 ››

291 2100 619 2174 disciplinis
642 2101 901 2159 tuis.Hic
935 2106 1173 2157 notatur
1193 2100 1510 2173 judicium,
1535 2105 1592 2155 et
1623 2099 1950 2155 misericor-

290 2189 387 2245 dia
407 2190 529 2245 Dei.
558 2190 620 2244 In
653 2188 763 2243 hoc
788 2189 1104 2261 judicium,
1126 2192 1278 2262 quod
1314 2195 1549 2262 propter
1580 2189 1949 2260 iniquitatem

290 2276 570 2350 ﬂagellat,
592 2282 649 2332 et
692 2278 753 2331 in
807 2277 915 2332 hoc
966 2278 1388 2345 misericordia,
1415 2278 1567 2350 quod
1602 2275 1952 2348 corrcptorie

291 2364 462 2438 quasi
495 2369 663 2438 pater
691 2364 966 2437 flagellat,
1001 2370 1068 2421 ut
1107 2367 1179 2421 ad
1208 2365 1363 2422 viam
1395 2366 1658 2421 veritatis
1689 2365 1951 2421 reducat.

359 2452 728 2526 Corripuisti,
760 2457 819 2509 et
855 2452 916 2508 in
957 2457 1190 2509 tantum
1223 2455 1377 2525 quod
1401 2478 1429 2503 ‹‹
1456 2453 1643 2509 fecisti
1692 2452 1951 2508 animam

290 2544 422 2616 ejus
451 2541 752 2598 tabescere
791 2542 946 2598 sicut
982 2559 1279 2599 araneam.
1302 2566 1330 2591 ››
1352 2542 1517 2598 Sicut
1554 2541 1709 2598 enim
1742 2558 1955 2597 aranea

294 2631 368 2688 ad
390 2629 600 2687 inutile
621 2647 771 2703 opus
795 2630 1149 2699 faciendum,
1164 2630 1442 2687 interiora
1459 2648 1567 2687 sua
1582 2629 1853 2699 extrahit,
1868 2630 1955 2685 sic

292 2723 564 2794 peccator
578 2719 788 2776 anima:
806 2737 923 2775 suae
939 2719 1000 2775 in
1018 2720 1281 2792 appetitu
1300 2720 1734 2776 mundanorum
1751 2737 1955 2775 consu-

295 2810 426 2878 mit,
449 2826 576 2882 qua:
603 2809 685 2866 ita
711 2827 863 2865 vana
884 2813 1045 2882 sunt,
1069 2815 1137 2865 ut
1156 2810 1404 2865 virtutes
1426 2808 1607 2865 animi
1636 2808 1783 2865 nihil
1808 2809 1867 2865 in
1888 2825 1955 2865 eo

292 2902 629 2973 operentur.
652 2898 772 2955 Hoc
793 2897 971 2955 etiam
994 2898 1135 2954 facit
1164 2898 1319 2955 Deus
1350 2899 1423 2955 ad
1447 2898 1858 2966 correctiones,
1892 2901 1960 2953 ut

286 3004 423 3045 cum
455 2986 633 3044 homo
654 3003 718 3045 se
737 2985 913 3043 vilem
936 2986 1023 3043 sic
1047 2986 1402 3061 cognoverit,
1427 2986 1639 3043 saltem
1664 2990 1963 3045 converte.

293 3082 411 3148 tur,
438 3080 496 3134 et
514 3074 654 3134 licet
672 3075 755 3133 ita
776 3075 1010 3133 deficiat
1029 3075 1087 3132 in
1111 3077 1241 3132 istis
1266 3076 1601 3149 inutilibus,
1620 3101 1646 3127 ‹‹
1671 3082 1962 3133 verumta.

291 3182 428 3225 men
450 3166 646 3223 omnis
666 3164 844 3223 homo
872 3189 898 3215 ››
923 3164 1176 3222 carnalis
1198 3165 1420 3223 scilicet
1442 3190 1468 3215 ‹‹
1495 3166 1903 3235 conturbatur,
1926 3187 1954 3216 »

289 3256 350 3312 id
380 3258 494 3326 est,
516 3254 720 3312 multis
751 3255 1131 3329 passionibus
1154 3255 1425 3312 afficitur.
1452 3255 1648 3312 Potest
1674 3254 1849 3311 etiam
1875 3255 1960 3312 sic

2059 697 2088 725 «
2114 674 2479 747 peregrinus,
2500 698 2524 721 n
2544 674 2789 729 tendens
2838 673 2909 728 ad
2957 671 3121 727 illam
3162 688 3477 743 supernam
3516 671 3711 729 civita-

2054 765 2193 833 tem,
2212 787 2238 812 «
2263 763 2417 819 sicut
2447 780 2652 818 omnes
2683 766 2879 835 patres
2910 760 3092 829 mei,»
3116 759 3361 829 scilicet,
3393 761 3711 835 Abraham,

2056 851 2238 919 Isaac,
2261 853 2462 921 Jacob,
2486 856 2544 908 et
2576 850 2673 908 alii
2696 851 2797 924 qui
2827 855 2891 907 ut
2917 867 2979 906 se
3010 849 3349 923 peregrinos
3375 850 3435 906 in
3467 850 3577 907 hac
3598 850 3719 907 vita

2057 941 2477 1014 significarent.
2511 946 2567 997 et
2598 942 2671 997 ad
2703 940 2867 996 illam
2912 938 3202 996 civitatem
3222 956 3420 996 veram
3454 942 3716 1011 tendere,

2056 1048 2175 1086 non
2208 1031 2473 1088 fecerunt
2493 1030 2605 1088 sibi
2630 1031 2690 1086 in
2711 1030 2823 1087 hac
2842 1029 2962 1085 vita
2981 1029 3209 1097 domos,
3231 1029 3336 1086 sed
3367 1028 3428 1085 in
3452 1030 3719 1087 tentoriis

2014 1168 2019 1173 .
2058 1119 2268 1176 morati
2301 1124 2463 1190 sunt,
2496 1123 2642 1177 teste
2670 1118 2967 1192 Apostolo.

2131 1209 2201 1264 Et
2232 1209 2372 1281 quia
2399 1209 2480 1265 ita
2509 1225 2644 1265 sum
2675 1208 2833 1281 apud
2863 1211 2941 1275 te,
2970 1206 3098 1262 ideo
3125 1230 3151 1257 ‹‹
3189 1207 3423 1263 remitte
3453 1210 3650 1277 metus,
3687 1231 3721 1259 η

2059 1296 2117 1351 id
2148 1303 2258 1366 est,
2290 1298 2549 1354 fomitem
2583 1298 2803 1371 peccati
2838 1321 2865 1347 ‹‹
2901 1299 2967 1351 ut
3015 1296 3325 1369 refrigerer
3370 1296 3722 1371 priusquam

2060 1386 2265 1442 abeam
2293 1410 2321 1437 ››
2342 1388 2414 1443 ab
2444 1387 2553 1443 hac
2576 1388 2715 1443 vita.
2739 1386 2968 1442 Etenim
2990 1385 3038 1441 si
3065 1385 3496 1458 irrefrigoratus
3521 1387 3724 1443 abiero

2060 1474 2202 1548 quin
2234 1476 2662 1532 mortiﬁcentur
2692 1475 2751 1532 in
2780 1493 2873 1531 me
2892 1474 3301 1548 suggestiones
3332 1476 3519 1545 malze,
3544 1500 3569 1526 ‹‹
3600 1493 3727 1533 am-

2060 1564 2217 1637 plius
2246 1582 2363 1621 non
2393 1583 2511 1635 ero,
2540 1589 2568 1615 ››
2591 1566 2649 1621 id
2681 1569 2789 1633 est,
2816 1581 2931 1620 non
2960 1563 3185 1620 habebo
3208 1581 3408 1620 verum
3441 1582 3589 1636 esse,
3614 1566 3723 1622 sed

2060 1653 2257 1726 potius
2290 1654 2598 1711 tormentis
2629 1654 2876 1725 afﬂigar.

2513 1744 2588 1799 IN
2638 1741 2987 1799 PSALMUM
3027 1740 3264 1797 XXXIX.

2347 1831 2623 1888 'I‘rruws.
2659 1833 2723 1887 In
2750 1833 2917 1903 ﬁnem
2956 1830 3211 1886 Psalmus
3241 1831 3431 1886 David.

2135 1943 2160 1968 ‹‹
2187 1920 2547 1992 Exspectans
2570 1921 2892 1994 exspectavi
2918 1919 3292 1975 Dominum.»
3319 1918 3589 1977 Psalmus
3616 1922 3743 1979 iste

2063 2008 2332 2064 convenit
2363 2009 2455 2080 ipe
2488 2010 2691 2076 David,
2716 2010 2774 2064 id
2826 2013 2915 2065 est
2952 2008 3204 2075 Christo,
3227 2024 3343 2062 non
3395 2012 3627 2063 tantum
3661 2009 3739 2063 in

2062 2096 2297 2169 propria
2327 2114 2595 2168 persona,
2623 2099 2722 2153 sed
2749 2097 2929 2153 etiam
2962 2096 3021 2152 in
3049 2113 3299 2168 persona
3329 2096 3591 2169 priorum
3626 2114 3740 2169 pa-

2063 2191 2241 2252 trum,
2265 2190 2321 2239 et
2354 2186 2410 2240 in
2447 2203 2695 2258 persona
2725 2185 2913 2258 ipsius
2935 2185 3173 2252 Christi,
3196 2189 3253 2240 et
3279 2185 3338 2239 in
3361 2202 3612 2257 persona
3632 2203 3738 2242 se-

2063 2274 2373 2344 quentium
2396 2274 2694 2330 Christum
2729 2292 2919 2347 usque
2950 2275 3021 2331 ad
3056 2274 3732 2345 novissimumjustum.

2064 2363 2307 2419 Materia
2328 2368 2417 2419 est
2438 2363 2732 2433 Christus,
2750 2364 3079 2420 secundum
3104 2363 3214 2419 hoc
3237 2363 3389 2435 quod
3412 2362 3536 2435 ipse
3561 2363 3741 2436 ponit

2063 2451 2342 2509 omnibus
2371 2451 2661 2525 legalibus
2691 2452 3079 2509 observantiis
3107 2452 3371 2521 modum,
3397 2456 3454 2507 et
3487 2451 3736 2510 inutiles

2064 2541 2279 2607 reddit,
2308 2546 2364 2598 et
2395 2541 2452 2596 in
2476 2559 2538 2598 se
2557 2542 2729 2599 nobis
2753 2541 3169 2615 perfectionem
3201 2541 3495 2614 proponit,
3511 2541 3581 2597 de
3602 2558 3730 2614 qua

2065 2630 2150 2686 sic
2181 2631 2303 2703 agit
2337 2648 2349 2685 :
2386 2631 2449 2686 In
2482 2631 2673 2703 prima
2700 2636 2866 2704 parte
2908 2630 3076 2704 ponit
3104 2630 3510 2687 testimonium
3541 2630 3731 2703 hujus

2066 2718 2363 2787 novitatis,
2393 2719 2636 2787 scilicet,
2662 2724 2855 2793 patres
2886 2720 3109 2792 primos
3156 2719 3310 2775 hanc
3356 2723 3732 2792 exspectasse

2066 2812 2124 2864 et
2160 2808 2565 2866 annuntiasse.
2620 2810 2683 2865 In
2737 2810 2995 2866 secunda
3042 2814 3205 2882 parte
3252 2808 3477 2865 inducit
3524 2808 3729 2881 ipsum

2066 2897 2366 2954 Christum
2399 2897 2613 2971 legalia
2642 2899 3065 2968 destruentem,
3090 2903 3149 2954 et
3187 2916 3359 2956 suam
3400 2898 3729 2955 innovatio-

2068 3003 2203 3044 nem
2220 2988 2689 3044 confirmantem.
2706 2988 2769 3045 In
2788 2987 2999 3044 ultima
3019 2993 3185 3062 parte
3202 2988 3299 3043 ind
3309 2987 3427 3045 ueit
3444 3004 3731 3061 sequaces

2067 3076 2303 3146 Christi,
2340 3077 2396 3133 id
2441 3082 2533 3133 est
2584 3077 3026 3134 annuntiantes.
3071 3077 3327 3134 Intendit
3373 3077 3732 3152 persuadere

2067 3164 2277 3239 legalia
2308 3164 2579 3221 instituta
2598 3166 2725 3238 jam
2756 3166 2966 3239 gabere
2998 3166 3196 3236 finem,
3221 3169 3279 3222 et
3298 3183 3402 3238 per
3425 3164 3729 3221 Christum

2067 3254 2141 3310 ad
2173 3254 2359 3311 Deum
2390 3255 2828 3311 ascendendum
2860 3272 3008 3311 esse.

289 3343 406 3418 legi
437 3343 499 3400 in
528 3328 773 3400 bonum.
796 3343 1173 3400 Continuatio
1199 3362 1212 3400 :
1237 3344 1584 3417 Corripuisti
1608 3344 1947 3401 hominem:
1982 3328 2028 3395 C
2131 3342 2253 3399 Vox
2283 3342 2545 3416 priorum
2590 3345 2912 3417 justorum,
2947 3360 3012 3400 ac
3046 3343 3096 3400 si
3137 3343 3217 3400 ita
3259 3343 3515 3399 dicerent
3546 3359 3560 3398 :
3593 3341 3728 3398 Noli

287 3436 348 3489 et
375 3432 459 3489 ita
479 3430 836 3504 corripuisti,
860 3437 928 3488 ut
952 3448 1013 3489 se
1036 3433 1273 3505 penitus
1301 3433 1523 3488 mundo
1546 3433 1950 3501 mortiﬁcaret,

285 3521 442 3579 sicut
461 3536 679 3578 aranea
699 3537 761 3577 se
785 3519 1100 3577 mortiﬁcat
1120 3521 1179 3577 in
1200 3538 1309 3579 suo
1332 3538 1591 3594 corpore,
1612 3525 1670 3578 et
1691 3521 1801 3578 hoc
1822 3510 1911 3578 est
1934 3538 1949 3578 :
1990 3589 1994 3595 ι

286 3632 318 3663 κ
351 3608 671 3678 tabescere,
700 3631 728 3657 »
752 3608 809 3665 id
840 3613 947 3678 est,
974 3609 1241 3681 deficere,
1269 3610 1328 3664 in
1360 3610 1469 3681 ira,
1495 3610 1650 3683 quod
1674 3611 1801 3684 jam
1834 3628 1949 3667 non

287 3700 677 3757 irasceretur:
703 3702 759 3754 et
789 3698 849 3753 in
881 3698 1379 3771 concupiscentia,
1408 3700 1562 3771 quod
1594 3699 1740 3755 nihil
1773 3717 1952 3773 cupe-

289 3792 399 3858 ret,
422 3786 570 3844 nulli
598 3786 903 3855 invideret,
930 3792 985 3843 et
1015 3805 1256 3860 prorsus
1290 3788 1509 3843 mundo
1548 3804 1609 3845 se
1651 3792 1952 3845 mortuum

290 3876 578 3934 redderet.
610 3875 851 3948 Pinguis
900 3876 1056 3932 enim
1109 3877 1308 3932 anima
1339 3894 1465 3949 quae
1499 3878 1585 3932 ira
1631 3882 1688 3933 et
1735 3877 1953 3935 talibus

290 3965 465 4040 plena
493 3969 605 4034 est,
640 3965 939 4022 tabescere
980 3966 1216 4036 dicitur,
1244 3967 1398 4023 sicut
1445 3984 1677 4037 aranea,
1702 3986 1829 4041 quae
1863 3985 1952 4025 se-

289 4055 483 4129 ipsam
529 4053 863 4110 mortificat.
897 4054 1106 4111 Justus
1151 4055 1235 4111 sic
1281 4056 1529 4111 tabescit
1577 4057 1641 4112 in
1688 4060 1953 4130 appetitu

290 4142 675 4213 caleatium,«
699 4147 1104 4199 verumtamen
1127 4144 1321 4200 omnis
1347 4144 1522 4202 homo
1548 4168 1575 4194 »
1593 4145 1867 4215 carnalis,
1892 4146 1952 4202 in

289 4232 557 4306 appetitu
597 4231 1058 4301 mundanorum,
1083 4250 1199 4289 non
1242 4233 1564 4306 respiciens
1606 4235 1864 4307 justum,
1898 4239 1954 4292 et

287 4321 402 4379 hoc
433 4343 462 4373 «
493 4336 640 4377 vane
664 4343 692 4370 κ
717 4325 807 4377 est
826 4321 983 4393 quod
1009 4344 1038 4372 ι(
1062 4323 1513 4379 conturbantur.
1540 4347 1569 4373 »

358 4410 471 4468 Alii
501 4410 950 4480 conturbantur,
977 4415 1035 4467 et
1066 4428 1173 4485 ego
1214 4430 1331 4469 non
1376 4414 1694 4471 conturbor
1724 4432 1827 4487 pro
1860 4414 1953 4472 his

288 4497 631 4571 mundanis,
653 4502 712 4555 et
734 4498 861 4555 ideo
884 4503 971 4571 tu,
986 4523 1012 4550 «
1041 4500 1306 4571 Domine,
1336 4525 1362 4551 »
1385 4502 1761 4575 Diapsalma:
1789 4528 1815 4553 «
1852 4522 1953 4560 ex-

288 4588 427 4646 audi
460 4588 785 4646 orationem
834 4605 1051 4659 meam,
1080 4612 1106 4640 »
1129 4589 1354 4646 scilicet
1386 4608 1399 4646 :
1433 4596 1499 4647 ut
1548 4592 1726 4648 finem
1777 4609 1953 4665 quem

2062 3449 2298 3505 sperare
2331 3433 2389 3488 in
2426 3432 2717 3506 legalibus
2740 3433 3050 3502 institutis,
3077 3434 3177 3489 sed
3216 3438 3486 3506 exspecta
3525 3433 3726 3488 Domi--

2063 3539 2229 3591 num,
2255 3521 2408 3579 sicut
2436 3539 2541 3596 ego
2573 3540 2879 3595 nunquam
2911 3523 3212 3579 confidens
3255 3523 3316 3578 in
3355 3523 3486 3579 istis
3524 3522 3730 3579 obser-

2060 3611 2275 3667 vantiis
2298 3635 2325 3661 ‹‹
2360 3611 2688 3684 exspectavi
2720 3612 3107 3668 Dominum.»
3147 3614 3217 3668 Et
3246 3629 3361 3668 non
3398 3612 3526 3667 dico
3565 3612 3726 3684 quod

2062 3705 2492 3773 exspectassem
2519 3700 2857 3774 aliquando,
2882 3702 2983 3759 sed
3009 3725 3037 3752 ‹‹
3063 3706 3409 3775 exspectans
3434 3725 3459 3750 υ
3483 3701 3729 3757 assidua

2062 3789 2511 3862 exspectatione,
2537 3795 2594 3847 et
2634 3808 2750 3846 non
2794 3790 2904 3846 fuit
2952 3807 3122 3847 cassa
3169 3790 3521 3864 exspectatio
3570 3807 3723 3859 mea,

2063 3879 2203 3951 quia
2235 3879 2520 3936 Dominus
2544 3905 2569 3929 ‹‹
2599 3879 2856 3937 intendit
2888 3879 3054 3953 mihi,
3083 3904 3109 3929 »
3133 3880 3191 3936 id
3215 3886 3324 3950 est,
3350 3879 3640 3937 intentum
3661 3896 3727 3936 se

2066 3968 2211 4024 mihi
2246 3969 2517 4041 prazbuit.

2135 4058 2205 4113 Et
2236 4076 2351 4115 non
2383 4062 2615 4114 tantum
2654 4061 2892 4131 propter
2934 4059 3424 4132 exspectationem
3456 4057 3598 4115 mihi
3631 4056 3721 4115 in-

2064 4148 2271 4216 tendit,
2296 4148 2398 4204 sed
2424 4148 2601 4204 etiam
2626 4174 2651 4199 ‹‹
2678 4148 3030 4205 exaudivit.»
3054 4148 3123 4203 Et
3144 4149 3436 4221 quomodo
3461 4147 3725 4205 exaudis-

2063 4241 2155 4295 set
2185 4236 2493 4310 subjungit
2520 4237 2723 4294 dicens
2755 4253 2809 4293 ζα
2831 4241 2889 4294 et
2918 4237 3119 4294 eduxit
3148 4255 3241 4294 me
3286 4238 3356 4294 de
3395 4237 3526 4293 lacu
3552 4236 3722 4293 mise-

2064 4326 2220 4396 rim,»
2253 4326 2311 4382 id
2344 4331 2452 4393 est,
2479 4327 2701 4382 mundo
2735 4327 2867 4395 isto,
2892 4326 2951 4383 in
2985 4343 3100 4399 quo
3132 4326 3505 4383 continentur
3524 4324 3722 4381 multm

2064 4416 2337 4485 miserim,
2362 4415 2419 4470 id
2450 4419 2558 4485 est,
2584 4419 2842 4488 peccata,
2869 4431 2997 4487 qua:
3030 4416 3252 4472 faciunt
3282 4415 3526 4471 miseros
3556 4418 3613 4470 et
3639 4412 3724 4469 lu-

2064 4505 2342 4562 tulentos.
2378 4504 2541 4561 Unde
2571 4504 2796 4573 subdit,
2817 4528 2844 4554 «
2879 4508 2937 4561 et
2967 4504 3037 4560 de
3067 4502 3190 4560 luto
3223 4504 3438 4560 faecis.»
3467 4503 3724 4559 Fuerunt

2064 4595 2220 4651 enim
2245 4595 2394 4667 justi
2427 4594 2510 4649 illi
2543 4611 2647 4666 per
2666 4593 2965 4650 Christum
2989 4611 3022 4650 a
3044 4598 3279 4667 peccato
3300 4593 3489 4661 liberi,
3515 4609 3721 4665 quam.

286 4681 423 4750 peto
454 4675 600 4733 mihi
634 4677 974 4735 notiﬁceszu
1001 4683 1060 4734 et
1087 4680 1562 4752 deprecationem
1591 4703 1617 4731 ››
1661 4681 1959 4755 utiniqui-
1987 4699 2037 4765 D
2064 4682 2154 4740 vis
2201 4700 2315 4739 non
2366 4686 2564 4739 essent
2607 4698 2850 4755 prorsus
2898 4680 3089 4738 deleta
3130 4680 3439 4755 originalia
3487 4683 3723 4754 peccata

288 4770 471 4823 tatem
502 4769 560 4824 et
579 4765 813 4840 plagam
841 4784 876 4823 a
895 4784 989 4824 me
1019 4785 1341 4840 removeas,
1367 4788 1515 4842 quas
1545 4788 1751 4843 precor
1774 4789 1961 4828 remo-

290 4856 436 4927 veri,
457 4873 585 4929 qua’.
633 4856 819 4913 oratio
851 4860 908 4912 et
936 4857 1266 4930 deprecatio
1297 4858 1488 4931 digna:
1539 4863 1680 4915 sunt
1727 4861 1964 4916 exaudi-

293 4945 472 5015 tione,
498 4945 637 5017 quia
656 4962 793 5002 cum
822 4946 1099 5020 lacrymis
1120 4951 1279 5018 sunt,
1303 4954 1361 5003 et
1392 4947 1502 5003 hoc
1525 4953 1615 5005 est
1638 4967 1687 5006 ;‹‹
1717 4967 1786 5005 au
1798 4950 1960 5007 ribus

293 5034 544 5107 praecipe
571 5033 864 5107 lacrymas
896 5052 1078 5092 meas.
1108 5059 1136 5085 ››

364 5124 586 5181 Exaudi
609 5124 739 5179 dico
766 5124 1177 5195 orationem,et
1197 5124 1432 5181 interim
1458 5126 1642 5183 donec
1666 5127 1959 5200 compleas

296 5235 325 5264 ‹‹
359 5230 432 5270 ne
463 5211 660 5284 sileas,
684 5212 744 5269 id
767 5217 916 5284 est,»
944 5230 1015 5269 ne
1037 5214 1355 5270 subtrahas
1379 5214 1521 5269 mihi
1554 5216 1825 5289 gratiam,
1854 5218 1955 5274 sed

293 5302 582 5375 responde
603 5301 749 5357 mihi
770 5303 1122 5359 conferendo
1143 5302 1393 5375 gratiam
1416 5302 1475 5358 in
1504 5303 1611 5360 hac
1632 5304 1769 5375 vita,
1793 5311 1849 5362 et
1865 5307 1958 5364 de-

292 5390 396 5447 bes
420 5391 792 5463 respondere,
809 5416 836 5441 «
859 5391 1137 5464 quoniam
1160 5408 1267 5463 ego
1288 5409 1422 5448 sum
1449 5394 1605 5466 apud
1632 5398 1745 5464 te,»
1764 5394 1819 5451 id
1844 5402 1953 5467 est,

290 5479 363 5535 de
383 5479 607 5536 familia
626 5483 728 5536 tua
748 5497 905 5549 sum,
920 5484 977 5536 et
998 5480 1253 5536 maxime
1278 5487 1513 5555 propter
1533 5483 1662 5551 hoc,
1688 5484 1827 5556 quia
1849 5504 1955 5557 ego

289 5581 423 5623 sum
456 5591 483 5618 ‹‹
520 5568 762 5643 advena,
789 5592 817 5618 »
840 5568 1083 5637 scilicet,
1110 5569 1182 5625 de
1212 5570 1445 5627 civitate
1482 5572 1699 5658 diaboli
1739 5574 1797 5630 in
1839 5593 1957 5648 qua

291 5659 467 5710 natus
498 5672 633 5711 sum
664 5673 769 5729 per
815 5661 1122 5730 peccatum
1152 5658 1308 5727 Adae,
1338 5660 1661 5717 translatus
1692 5681 1825 5720 sum
1880 5666 1953 5721 ad

289 5739 457 5799 tuam
483 5741 775 5802 civitatem
805 5761 908 5821 per
936 5746 1188 5822 gratiam
1215 5746 1453 5823 Christi,
1473 5753 1530 5806 et
1560 5751 1822 5813 nondum
1854 5754 1956 5817 ha-

2069 4773 2251 4829 donec
2280 4771 2496 4828 Christi
2533 4771 2776 4844 sanguis
2807 4771 3223 4827 effunderetur.

2141 4862 2211 4918 Et
2240 4878 2356 4916 non
2390 4859 2582 4916 solum
2614 4858 2769 4915 mala
2799 4860 3064 4929 removit,
3096 4860 3197 4916 sed
3230 4860 3383 4916 bona
3412 4858 3587 4925 dedit,
3614 4857 3720 4914 hoc

2068 4955 2158 5006 est
2190 4967 2237 5005 :«
2263 4951 2333 5005 Et
2364 4950 2569 5005 statuit
2599 4966 2777 5021 supra
2807 4954 3055 5020 petram,
3084 4972 3110 4997 ››
3133 4948 3190 5005 id
3221 4954 3329 5018 est,
3355 4966 3531 5020 super
3558 4946 3718 5003 Chri-

2069 5044 2284 5107 stum,«
2311 5040 2488 5111 pedes
2514 5054 2733 5106 meos,»
2752 5038 2808 5092 id
2832 5041 2939 5108 est,
2956 5037 3289 5094 affectiones
3313 5055 3471 5093 meas
3497 5053 3508 5092 :
3535 5041 3597 5091 ut
3619 5034 3717 5108 qui

2067 5129 2232 5202 prius
2281 5128 2482 5183 incerti
2534 5144 2791 5192 eramus,
2828 5126 2885 5180 in
2926 5143 3043 5198 quo
3093 5127 3265 5182 nobis
3308 5126 3717 5182 conﬁdendum

2066 5222 2239 5287 esset,
2265 5218 2392 5290 jam
2424 5215 2721 5272 Christum
2754 5219 2976 5272 certum
3029 5215 3478 5272 fundamentum
3512 5219 3716 5269 nostrze

2067 5306 2202 5362 fidei
2235 5305 2580 5362 habeamus.
2601 5305 2670 5360 Et
2699 5307 2957 5361 statutus
2989 5305 3239 5377 pedibus
3265 5328 3291 5355 «
3327 5303 3535 5361 direxit
3562 5318 3717 5375 gres-

2067 5414 2171 5453 sus
2204 5412 2384 5464 meos,
2414 5418 2440 5443 »
2464 5394 2520 5450 id
2553 5399 2663 5463 est,
2694 5410 2871 5466 opera
2902 5410 3035 5451 mea
3067 5394 3202 5452 fecit
3231 5394 3471 5451 directa.

2138 5510 2165 5535 ‹‹
2199 5485 2269 5541 Et
2318 5484 2568 5539 immisit
2600 5482 2659 5538 in
2690 5500 2790 5540 eos
2838 5499 3037 5540 meum
3084 5483 3382 5541 canticum
3432 5498 3716 5549 novum,»

2065 5576 2124 5631 id
2158 5579 2266 5644 est,
2292 5573 2428 5630 tecit
2459 5589 2553 5630 me
2574 5573 2927 5630 annuntiare
2950 5572 3414 5630 incarnationem
3440 5570 3564 5628 Filii
3588 5569 3677 5626 sui
3702 5583 3713 5623 ε

2064 5664 2221 5737 quod
2254 5686 2279 5712 ‹‹
2316 5679 2556 5719 carmen
2592 5685 2619 5711 υ
2658 5666 2748 5720 est
2792 5663 3088 5720 canticum
3135 5661 3224 5719 vel
3275 5662 3554 5734 hymnus,
3606 5674 3715 5716 non

2062 5753 2212 5826 Jovi,
2239 5750 2328 5810 vel
2363 5750 2539 5812 alicui
2572 5750 2776 5811 ﬁctitio
2808 5752 2936 5827 deo,
2961 5753 3063 5812 sed
3086 5774 3113 5807 ‹‹
3140 5751 3255 5813 Deo
3287 5754 3543 5809 nostro.»
