3914 6382
198 454 312 523 337

1383 462 1876 527 EXPLANATIO
1922 463 1997 527 IN
2042 464 2423 528 PSALMOS.

3494 462 3612 527 338

195 590 424 682 primus
455 589 633 682 homo
665 584 919 665 perstitit
951 592 1010 648 in
1040 592 1392 663 obedientia,
1423 596 1656 668 praefuit
1700 596 1847 653 ratio
1875 614 1932 682 Α
1963 598 2231 666 tendens,
2264 599 2324 653 in
2359 615 2473 671 quo
2502 603 2626 655 erat
2656 614 2790 655 cum
2822 597 3015 655 adhuc
3050 613 3614 682 meeum-conserva-

196 680 571 748 animalitati,
594 681 674 738 ita
692 682 849 754 quod
880 681 1010 755 ipsa
1024 682 1361 739 animalitas
1379 686 1705 741 secundum
1729 685 1854 741 nul-

194 771 318 829 lum
348 788 591 827 sensum
623 770 882 844 corporis
914 772 1257 828 movebatur
1277 775 1349 828 ad
1374 773 1633 846 aliquam
1656 774 1853 848 volup-

194 865 373 918 tatem
405 861 620 930 carnis,
643 860 701 916 in
724 878 841 933 qua
869 861 954 917 sic
984 861 1249 933 subjecta
1278 863 1490 918 rationi
1515 865 1854 935 quiescebat

195 950 341 1008 ratio
373 967 509 1007 cum
541 948 762 1006 laetitia.
789 949 1107 1023 Postquam
1138 969 1271 1008 vero
1294 953 1366 1008 ab
1384 953 1717 1010 obedientia
1740 954 1854 1010 dis-

194 1039 391 1108 cessit,
410 1039 700 1095 factusest
720 1038 906 1095 lectus
928 1038 1493 1096 doloris.Scicndum
1517 1041 1671 1114 quod
1696 1043 1851 1099 Deus

195 1131 267 1186 ad
298 1129 408 1187 hoc
441 1129 803 1201 superiorem
834 1129 951 1184 vim
974 1130 1439 1197 animm,scilicet
1462 1131 1746 1187 rationem
1771 1132 1853 1205 in_-

196 1223 400 1287 seruit,
435 1222 502 1274 ut
531 1217 706 1273 homo
738 1234 841 1289 per
869 1235 998 1274 eam
1034 1218 1218 1273 Deum
1241 1224 1701 1287 contuerctur,et
1724 1221 1852 1292 ipsa

196 1308 399 1364 eadem
432 1306 579 1362 ratio
603 1322 833 1378 semper
853 1324 1101 1378 prmesse
1126 1308 1295 1363 debet
1317 1307 1851 1373 animalitati,sicut

194 1397 283 1453 vir
312 1394 565 1451 mulieri.
599 1393 995 1450 Animalitatis
1022 1395 1281 1450 ofﬁcium
1315 1400 1421 1462 est,
1457 1395 1575 1450 haec
1621 1400 1851 1453 terrena

194 1484 499 1542 commode
529 1483 858 1556 disponere,
894 1487 951 1539 et
981 1501 1214 1556 semper
1245 1485 1415 1540 debet
1461 1502 1590 1540 esse
1639 1485 1849 1540 rationi

192 1572 253 1629 in
284 1573 670 1647 adjutorium,
703 1577 760 1627 et
790 1573 1056 1645 subjecta
1084 1573 1254 1645 quasi
1285 1573 1429 1639 viro,
1453 1573 1599 1629 etab
1624 1574 1848 1647 signiﬁ-

193 1662 413 1720 candas
441 1661 551 1717 has
582 1661 730 1716 duas
774 1661 1067 1733 potentias
1097 1662 1329 1730 animae,
1363 1679 1616 1735 quarum
1668 1662 1851 1720 altera

192 1754 486 1826 praeesset,
510 1749 695 1806 altera
726 1750 1012 1817 subesset,
1029 1750 1243 1805 creavit
1260 1750 1415 1807 Deus
1437 1751 1767 1807 masculum
1791 1756 1850 1809 et

192 1840 500 1908 feminam,
533 1855 786 1912 quorum
818 1838 1149 1895 masculum
1185 1844 1479 1912 praeesset,
1507 1840 1850 1914 signiﬁcans

191 1929 480 1986 rationem
515 1945 528 1985 :
562 1927 783 1983 femina
814 1928 1102 1995 subesset,
1137 1927 1477 2001 signiﬁcans
1508 1929 1845 1985 animalita-

191 2106 347 2180 ejus,
370 2127 399 2157 »
435 2105 494 2161 id
526 2109 634 2173 est,
659 2103 719 2160 in
750 2109 1008 2177 peccato,
1033 2105 1189 2177 quod
1224 2102 1451 2178 primus
1475 2105 1610 2162 fecit
1637 2123 1740 2178 per
1761 2106 1850 2163 in-

189 2192 587 2269 obedientiam
613 2215 641 2245 «
663 2192 907 2250 versasti
939 2193 1190 2249 stratum
1222 2194 1374 2266 ejus,
1397 2217 1424 2245 n
1458 2192 1518 2249 id
1549 2200 1658 2263 est,
1687 2192 1851 2251 illam

189 2282 795 2361 sensualitatem,quaa
818 2281 982 2355 prius
1009 2286 1133 2338 erat
1161 2282 1430 2349 strata,id
1451 2288 1560 2352 est,
1586 2284 1853 2356 subjecta

189 2371 425 2441 rationi,
441 2370 778 2428 conVertisti
800 2371 1062 2444 ita,quod
1086 2371 1216 2445 ipsa
1237 2372 1411 2428 modo
1431 2371 1569 2429 velit
1591 2370 1853 2428 domina-

190 2459 260 2532 ri,
285 2466 346 2518 et
375 2477 575 2518 secum
606 2478 737 2517 eam
766 2460 997 2517 trahere
1016 2460 1075 2515 in
1098 2460 1429 2533 voluptates
1449 2461 1643 2517 carnis
1667 2479 1680 2516 :
1702 2466 1850 2518 stra-

189 2550 319 2608 tbm
352 2549 482 2607 dico
513 2554 811 2606 versatum
845 2566 962 2605 non
994 2550 1322 2605 secundum
1364 2567 1549 2605 unum
1583 2567 1851 2619 sensum,

189 2641 291 2698 sed
330 2664 353 2689 ι
392 2639 752 2707 universum,
775 2661 805 2689 »
830 2638 888 2694 id
919 2642 1028 2707 est,
1062 2638 1390 2694 secundum
1414 2655 1619 2694 omnes
1641 2655 1853 2695 sensus

189 2728 477 2803 corporis.
511 2729 692 2784 IIomo
724 2727 882 2783 enim
914 2727 1086 2783 modo
1123 2731 1389 2783 movetur
1420 2726 1491 2783 ad
1525 2726 1853 2799 voluptates

192 2818 415 2888 carnis,
450 2816 778 2874 secundum
812 2832 1017 2872 omnes
1047 2833 1279 2871 sensus.

261 2909 356 2966 Tu
387 2905 634 2964 versasti
667 2908 921 2961 stratum
952 2905 1103 2976 ejus,
1128 2904 1228 2959 sed
1261 2908 1464 2959 contra
1493 2903 1603 2960 hoc
1625 2921 1730 2976 ego
1752 2919 1852 2960 oro

188 3006 294 3072 p‘ro
333 3013 400 3052 eo
435 3013 448 3052 :
483 2999 541 3051 et
568 2994 680 3049 hoc
709 2997 832 3049 est:
862 3015 889 3043 «
914 3009 1019 3066 ego
1052 2991 1170 3048 dixi
1195 3014 1223 3044 »
1258 2992 1431 3048 corde
1459 2996 1514 3047 et
1536 3009 1668 3049 ore:
1698 3014 1725 3043 ‹‹
1748 2991 1855 3048 Do-

189 3086 376 3152 mine,
411 3082 687 3138 miserere
717 3082 855 3153 mei,
888 3102 917 3133 ››
951 3081 1009 3136 id
1039 3084 1149 3150 est,
1186 3098 1451 3136 meorum
1484 3079 1603 3137 :ita
1631 3079 1855 3137 scilicet

191 3175 459 3232 animam
508 3187 722 3238 meam,
755 3191 783 3222 »
815 3169 875 3225 id
916 3173 1026 3239 est,
1056 3185 1343 3238 meorum,
1375 3190 1403 3220 ‹‹
1435 3168 1576 3242 quia
1621 3169 1852 3244 peccavi

192 3250 325 3332 tibi,
358 3283 387 3312 »
421 3259 480 3316 id
509 3264 619 3329 est,
654 3258 727 3315 ad
758 3263 930 3315 tuum
961 3258 1266 3327 honorem,
1299 3258 1440 3331 quia
1468 3262 1531 3314 tu
1564 3257 1727 3315 solus
1756 3256 1854 3314 ille

1964 690 2143 754 retur,
2180 685 2422 754 scilicet,
2459 690 2521 741 ut
2552 688 2621 743 de
2652 703 2745 743 me
2777 686 2934 743 mala
2973 685 3134 742 omni
3167 676 3364 743 studio
3413 684 3615 759 loque-

1962 782 2142 832 retur.

2035 866 2139 921 Per
2161 864 2393 937 singula
2416 866 2554 937 quid
2577 863 2927 922 curramus?
2957 888 2983 915 ‹‹
3010 865 3225 922 Omnes
3252 863 3477 920 inimici
3501 864 3615 920 mei

1962 955 2370 1021 susurrabant,
2403 978 2422 1001 η
2459 955 2516 1009 id
2546 960 2656 1022 est,
2688 954 2912 1010 occulte
2963 952 3426 1009 consiliabantur
3459 975 3487 1004 «
3515 952 3617 1009 ad-

1959 1060 2196 1099 versum
2229 1059 2343 1110 me,
2377 1066 2405 1093 »
2441 1044 2497 1098 id
2529 1047 2636 1110 est,
2663 1043 2903 1099 adversa
2924 1048 2980 1099 et
3003 1042 3204 1098 nociva
3224 1041 3391 1097 mihi.
3415 1041 3616 1113 Neque

1961 1131 2257 1187 consiliari
2287 1132 2431 1187 satis
2462 1136 2585 1198 erat
2616 1132 2721 1197 eis,
2757 1132 2857 1186 sed
2892 1131 3066 1187 etiam
3097 1154 3124 1182 α
3154 1131 3489 1203 cogitabant
3520 1130 3619 1185 ad-

1959 1237 2191 1277 versum
2241 1236 2335 1275 me
2388 1219 2561 1287 mala,
2603 1243 2621 1267 »
2660 1220 2716 1274 id
2748 1224 2856 1285 est,
2890 1218 3299 1291 unusquisque
3349 1220 3504 1291 apud
3555 1233 3616 1274 se

1962 1310 2189 1364 curiose
2223 1309 2511 1364 tractabat
2541 1309 2681 1379 quid
2728 1324 2989 1379 unquam
3041 1307 3272 1379 gravius
3320 1312 3377 1363 et
3424 1307 3614 1378 magis

1962 1397 2230 1453 nocivum
2250 1404 2444 1469 posset
2465 1397 2790 1469 excogitare
2809 1396 2865 1450 in
2895 1412 2987 1451 me
3013 1413 3022 1450 :
3053 1413 3176 1466 quae
3202 1396 3358 1451 mala
3380 1396 3617 1450 fuerunt

1964 1509 1992 1537 ‹‹
2024 1486 2190 1554 mihi,
2230 1509 2250 1533 ιι
2288 1486 2346 1541 id
2377 1490 2485 1552 est,
2520 1486 2590 1540 ad
2626 1501 2822 1540 meum
2855 1483 3135 1540 honorem
3167 1488 3223 1539 et
3244 1485 3315 1539 ad
3351 1497 3614 1540 meorum

1960 1575 2196 1631 redacta
2220 1579 2360 1630 sunt
2392 1574 2728 1630 utilitatem.

2031 1664 2155 1719 Non
2171 1668 2402 1720 tantum
2416 1661 3426 1735 susurraverunt,cogitaverunt,sed
3441 1660 3616 1717 etiam

1963 1775 1990 1804 «
2020 1754 2264 1809 verbum
2289 1752 2558 1824 iniquum
2580 1749 3329 1807 constitueruntadversum
3344 1763 3493 1816 me,»
3509 1749 3617 1805 sci-

1958 1841 2115 1910 licet,
2147 1842 2500 1898 sententiam
2535 1838 2743 1896 mortis
2770 1838 3042 1895 stabilem
3063 1838 3419 1894 induxerunt
3438 1854 3618 1910 super

191 1929 480 1986 rationem
515 1945 528 1985 :
562 1927 783 1983 femina
814 1928 1102 1995 subesset,
1137 1927 1477 2001 signiﬁcans
1508 1929 1845 1985 animalita-
1914 1964 1919 1971 »
1959 1947 2091 1986 me:
2118 1935 2175 1986 at
2200 1930 2355 2002 quod
2388 1927 2638 2002 Caiphae
2662 1926 2884 1984 inscius
2904 1924 3261 2000 prophetans
3282 1925 3610 1998 judicavit:

191 2022 333 2075 tem.
357 2018 512 2073 Bene
543 2015 673 2073 dico
705 2015 920 2072 lectum
946 2015 1184 2084 doloris,
1210 2016 1350 2088 quia
1372 2038 1399 2067 «
1423 2017 1483 2073 in
1506 2016 1851 2074 inﬁrmitate
1880 1981 1927 2046 Β
1962 2042 1991 2070 ‹‹
2020 2019 2263 2088 Expedit
2293 2023 2357 2075 ut
2379 2034 2535 2073 unus
2567 2016 2741 2073 homo
2766 2015 3070 2084 moriatur,
3087 2031 3158 2072 ne
3180 2016 3304 2072 tota
3324 2031 3468 2088 gens
3490 2031 3610 2088 per-

1962 2042 1991 2070 ‹‹
2020 2019 2263 2092 Expedit
2293 2023 2357 2075 ut
2379 2034 2535 2073 unus
2567 2016 2741 2073 homo
2766 2015 3070 2084 moriatur,
3087 2031 3158 2072 ne
3180 2016 3304 2072 tota
3324 2031 3468 2089 gens
3490 2031 3615 2089 per-

1959 2112 2055 2164 eat
2085 2109 2261 2179 (Joan.
2295 2106 2394 2180 x1).
2428 2129 2455 2157 »ι

2032 2196 2149 2268 Ipsi
2177 2213 2270 2253 me
2301 2196 2385 2253 sic
2408 2195 2846 2267 judicaverunt,
2875 2216 2902 2245 ‹‹
2936 2193 3036 2250 sed
3069 2191 3171 2266 qui
3202 2192 3421 2249 dormit
3448 2213 3476 2243 n
3512 2186 3615 2264 qui

1961 2286 2152 2342 tradet
2179 2286 2438 2341 animam
2471 2301 2642 2341 suam
2674 2280 2870 2351 morti,
2895 2280 3117 2337 scilicet
3137 2297 3456 2354 ego,quam
3479 2296 3614 2354 pos-

1961 2375 2039 2431 sit
2097 2375 2174 2430 ita
2233 2373 2433 2430 leviter
2491 2373 2808 2438 dimittere,
2852 2370 3005 2427 sicut
3052 2370 3350 2427 dormiens
3402 2360 3616 2442 aliquis

1961 2481 2264 2531 somnum,
2299 2486 2325 2513 ‹‹
2357 2462 2624 2534 nunquid
2660 2478 2774 2516 non
2804 2461 3058 2531 adjiciet,
3086 2482 3112 2508 η
3140 2459 3198 2514 id
3220 2460 3619 2533 est,adjunget

1962 2570 2081 2609 suae
2106 2553 2278 2608 morti
2306 2575 2332 2601 ‹‹
2358 2557 2423 2607 ut
2444 2550 2749 2622 resurgat?
2774 2572 2799 2598 ››
2825 2548 2930 2614 Qui
2956 2550 3023 2603 de
3047 2548 3241 2621 seipso
3264 2547 3404 2604 dicit
3428 2564 3439 2604 :
3467 2569 3495 2597 ‹‹
3520 2546 3619 2603 Ρο-

1961 2646 2236 2697 testatem
2269 2640 2454 2697 habeo
2488 2638 2742 2712 ponendi
2774 2636 3031 2694 animam
3066 2654 3280 2706 meam,
3315 2642 3371 2693 et
3401 2635 3614 2693 iterum

1963 2730 2264 2801 suscipere
2295 2745 2423 2785 eam
2475 2729 2651 2798 (Joan.
2686 2730 2743 2794 χ)
2775 2749 2803 2776 ››
2841 2726 2945 2782 Per
2994 2742 3124 2782 eam
3172 2724 3616 2783 resurrectionis

1963 2835 2084 2874 suae
2116 2818 2513 2889 securitatem,
2545 2832 2747 2872 eorum
2781 2814 3094 2871 stultitiam
3119 2813 3514 2886 reprehendit.

2034 2907 2105 2962 Et
2125 2907 2272 2962 bene
2293 2905 2516 2961 inimici
2542 2904 2654 2960 mei
2680 2906 3031 2976 putaverunt
3054 2917 3147 2957 me
3160 2902 3449 2973 judicare.
3477 2922 3505 2951 «
3528 2888 3619 2958 Et-

1962 2994 2119 3050 enim
2142 2993 2340 3064 homo,
2368 3016 2394 3041 ››
2418 2993 2477 3048 id
2500 2992 2644 3061 est,J
2652 2991 2800 3047 udas
2819 3014 2847 3041 «
2873 2991 3035 3063 pacis
3058 3005 3222 3058 meae,
3242 3012 3268 3039 »
3281 2989 3338 3045 id
3362 2993 3615 3058 est,cum

1963 3101 2078 3156 quo
2110 3100 2215 3156 ego
2242 3082 2531 3139 habebam
2561 3096 2765 3154 pacem
2799 3079 2934 3135 licet
2956 3096 3070 3134 non
3093 3079 3218 3151 ipse
3237 3076 3614 3147 mecum,«in

1962 3188 2079 3245 quo
2097 3170 2380 3245 speravi,»
2394 3185 2629 3242 sperare
2642 3167 2815 3225 debui
2829 3162 3155 3224 secundum
3177 3165 3386 3223 merita
3407 3183 3533 3239 qua
3550 3166 3612 3223 in

1960 3278 2096 3317 eum
2115 3259 2241 3331 feci,
2257 3282 2284 3309 «
2301 3259 2402 3332 qui
2422 3258 2629 3315 edebat
2651 3274 2831 3331 panes
2852 3274 3014 3313 meos
3038 3278 3065 3305 n
3088 3253 3503 3311 materialiter:
3525 3252 3613 3311 vel

195 3350 486 3418 medicus,
520 3347 621 3422 qui
653 3347 815 3405 solus
846 3346 1082 3403 laudem
1109 3350 1276 3419 potes
1307 3345 1523 3403 habere
1552 3346 1623 3403 de
1640 3363 1849 3419 pecca-
1963 3373 1991 3401 «
2026 3366 2230 3423 panes,
2266 3372 2293 3398 ››
2326 3347 2382 3404 id
2415 3352 2524 3415 est,
2558 3346 2901 3403 refectiones
2931 3342 3254 3417 spiritualis
3285 3338 3561 3400 doctrinae
3597 3340 3612 3399 ὲ

195 3436 393 3517 torum
426 3437 749 3507 curatione,
784 3455 854 3494 ex
885 3453 1102 3510 magna
1132 3430 1436 3492 aﬁ‘ectione
1467 3453 1645 3509 quam
1679 3436 1856 3493 habet

193 3524 467 3587 Christus
497 3540 636 3601 erga
676 3544 838 3597 suos,
872 3524 1117 3583 ascribit
1164 3523 1277 3581 sibi
1324 3529 1564 3598 peccata
1608 3542 1853 3582 suorum

195 3634 333 3677 cum
362 3616 474 3673 hoc
502 3616 665 3673 dicit.

190 3724 193 3727 λ
267 3705 484 3779 Incipit
512 3704 875 3762 de‘seeunda
904 3707 1088 3778 parte,
1123 3703 1347 3761 scilicet
1389 3703 1647 3760 ostendit
1687 3702 1883 3767 Chri--

197 3788 362 3855 stum
393 3793 600 3850 multis
631 3794 823 3851 modis
852 3792 1224 3866 injuriatum,
1240 3797 1479 3866 propter
1499 3792 1655 3865 quod
1676 3809 1711 3849 a
1731 3790 1857 3865 qui-

196 3882 456 3944 busdam
488 3882 832 3956 simpliciter
853 3886 1161 3955 reputatus
1181 3887 1271 3937 est
1291 3881 1579 3937 hom0.Ad
1601 3881 1710 3937 hoc
1720 3882 1857 3953 jun-

195 3969 539 4049 giturzEgo
583 3971 668 4027 sic
716 3988 817 4027 oro
868 3987 971 4042 pro
1021 3969 1189 4038 meis,
1223 3970 1323 4024 sed
1360 3991 1387 4019 «
1419 3968 1644 4024 inimici
1677 3968 1789 4025 mei
1824 3990 1852 4018 ››

198 4074 318 4121 non
341 4065 615 4119 curantes
636 4060 745 4114 hoc
771 4081 799 4109 ‹‹
822 4058 1094 4113 dixerunt
1115 4057 1270 4112 mala
1291 4057 1436 4111 mihi
1458 4079 1484 4107 »
1511 4062 1576 4113 ut
1600 4074 1612 4112 :
1638 4058 1858 4113 Daemo-

199 4152 372 4209 nium
429 4147 634 4216 habes,
667 4151 726 4202 et
762 4145 1011 4200 similia.
1060 4145 1218 4201 Inter
1274 4149 1482 4201 caetera
1533 4144 1852 4199 dicebant:

200 4264 232 4295 κ
263 4236 510 4308 Quando
541 4232 826 4291 morietur
854 4255 882 4284 ››
913 4232 1089 4288 homo
1122 4232 1231 4288 iste
1265 4254 1293 4281 ‹‹
1314 4237 1371 4288 et
1400 4231 1613 4304 peribit
1644 4248 1856 4287 nomen

200 4312 379 4404 ejus?
404 4348 433 4379 ››
468 4325 526 4381 id
557 4324 665 4393 est,
694 4323 1030 4379 destruetur
1057 4321 1216 4377 fama
1234 4320 1363 4391 ejus
1379 4321 1407 4376 ?

276 4402 405 4474 Non
437 4417 671 4471 tantum
702 4410 927 4467 inimici
958 4408 1258 4466 manifesti
1290 4409 1447 4466 mala
1466 4408 1863 4481 loquebantur

206 4496 379 4576 mihi,
423 4502 526 4561 sed
576 4501 753 4559 etiam
805 4498 1159 4556 simulatorii
1208 4497 1426 4555 amici:
1462 4503 1519 4555 et
1565 4499 1674 4555 hoc
1719 4498 1862 4556 dicit

209 4618 239 4648 κ
271 4600 329 4653 et
356 4593 407 4651 si
437 4588 879 4666 ingrediebatur
908 4611 935 4639 ››
967 4587 1183 4660 aliquis
1222 4587 1281 4643 in
1322 4589 1704 4657 consortium,
1744 4611 1771 4639 «
1799 4593 1863 4644 ut

206 4668 448 4753 videret,
481 4704 510 4733 υ
540 4680 599 4737 id
649 4683 759 4750 est,
805 4676 1154 4752 exploraret,
1208 4677 1256 4733 si
1306 4676 1367 4733 in
1417 4676 1616 4750 aliquo
1668 4683 1864 4750 posset

206 4774 489 4846 derogare
518 4768 686 4839 mihi,
713 4776 741 4820 ὰ
763 4784 913 4824 vana
940 4765 1294 4839 loquebatur
1314 4788 1342 4818 n
1364 4764 1522 4822 velut
1542 4764 1639 4822 ille
1661 4765 1762 4840 qui
1784 4765 1863 4823 lo-

210 4860 504 4935 quebatur
526 4877 539 4915 :
568 4881 595 4912 α
619 4858 678 4916 Si
698 4857 796 4914 hic
817 4855 1102 4931 prOpheta
1121 4860 1296 4924 esset,
1317 4854 1491 4911 sciret
1511 4851 1715 4928 utique
1735 4873 1862 4928 quae

211 4952 269 5008 et
297 4948 490 5024 qualis
520 4951 674 5004 esset
703 4945 916 5003 mulier
946 4962 1073 5018 qua:
1104 4942 1294 5017 tangit
1322 4960 1457 5000 eum
1490 4944 1641 5014 (Luc.
1672 4948 1798 5015 νυ).
1832 4966 1861 4996 η

213 5038 351 5097 Dico
381 5042 532 5095 vana
573 5032 942 5109 loquebatur,
970 5034 1028 5090 et
1057 5031 1194 5089 inde
1229 5054 1256 5083 «
1287 5049 1386 5089 cor
1415 5033 1564 5105 ejus,
1600 5055 1627 5084 ››
1664 5034 1721 5090 id
1753 5040 1862 5105 est,

212 5134 465 5202 nequam
516 5125 787 5182 voluntas
832 5122 963 5195 ejus
997 5146 1018 5173 α
1053 5120 1446 5195 congregabat
1493 5121 1865 5195 iniquitatem

215 5209 349 5274 sibi.
381 5238 410 5268 »
444 5215 742 5272 Accedens
771 5212 929 5270 enim
961 5210 1034 5269 ad
1085 5227 1218 5267 eum
1269 5227 1338 5266 ex
1384 5226 1500 5284 quo
1548 5210 1866 5269 benevolus

216 5302 422 5362 melior
452 5303 800 5374 efﬁceretur,
833 5301 942 5358 iste
974 5298 1136 5374 pejor
1165 5298 1407 5356 eﬁ'ectus
1438 5305 1527 5357 est
1564 5300 1703 5374 quia
1733 5319 1865 5374 pra-

214 5395 296 5473 νῷ
326 5391 644 5449 voluntatis
675 5407 812 5463 erga
839 5390 1138 5447 Christum
1160 5389 1290 5457 fuit,
1315 5391 1710 5462 congregabat
1729 5390 1862 5460 sibi,

218 5482 277 5538 id
308 5487 416 5555 est,
451 5481 523 5538 ad
555 5480 839 5536 damnum
872 5496 1069 5535 suum.
1417 5487 1421 5492 ’

287 5569 732 5643 Ingrediebatur
760 5567 831 5623 ad
866 5583 959 5622 me
990 5566 1318 5639 explorator
1346 5570 1402 5621 ct
1431 5583 1661 5622 mecum
1701 5566 1867 5624 habi-

217 5661 348 5715 tans
372 5658 719 5731 loquebatur
736 5674 904 5725 vana,
920 5660 977 5711 et
999 5654 1155 5711 idem
1182 5679 1209 5705 «
1230 5655 1640 5727 egrediebatur
1660 5657 1816 5713 foras
1838 5680 1866 5708 η

219 5736 379 5807 citra
408 5746 768 5806 consortium
802 5761 1022 5816 meum,
1051 5768 1078 5795 ‹‹
1100 5742 1447 5815 loquebatur
1469 5743 1527 5801 in
1558 5742 1635 5801 idi
1644 5762 1818 5818 psum
1840 5768 1867 5796 η

1964 3462 1992 3490 ‹‹
2026 3437 2442 3512 magniﬁcavit,
2469 3460 2495 3486 ››
2521 3436 2577 3492 id
2602 3440 2709 3503 est,
2736 3434 3110 3507 magniﬁcam
3133 3433 3269 3489 fecit
3288 3456 3315 3482 ‹‹
3341 3429 3618 3512 supplan-

1961 3510 2266 3598 tationem,
2304 3550 2331 3576 ››
2360 3525 2417 3582 id
2451 3530 2560 3593 est,
2593 3524 3017 3597 deceptionem,
3055 3522 3246 3579 dando
3270 3510 3415 3578 mihi
3445 3528 3620 3599 os_cu-‘

1964 3616 2087 3674 lum
2111 3602 2643 3690 proditionis,quod
2667 3615 2844 3670 etiam
2866 3611 3240 3669 inimicorum
3264 3609 3461 3668 nullus
3484 3599 3622 3667 fecit

1965 3730 1993 3757 «
2030 3703 2451 3779 magniﬁcavit,
2481 3704 2632 3772 dico,
2667 3720 2844 3775 super
2873 3719 2988 3770 me,
3025 3725 3051 3751 ››
3083 3700 3271 3770 idest,
3305 3698 3379 3758 ad
3425 3710 3618 3758 meam

1966 3794 2424 3868 depressionem.

2037 3882 2249 3955 Incipit
2279 3883 2350 3938 de
2383 3882 2553 3936 tertia
2584 3885 2767 3952 parte,
2801 3876 3024 3935 Scilicet
3054 3878 3213 3949 illam
3244 3876 3618 3955 gloriﬁcatiof

1967 3954 2121 4037 nem,
2157 3954 2259 4042 per
2289 3986 2466 4041 quam
2494 3968 2761 4024 Christus
2792 3967 2925 4040 plus
2956 3983 3133 4038 quam
3165 3965 3365 4034 homo,
3397 3954 3622 4023 scilicet

1967 4060 2142 4125 Deus,
2174 4057 2577 4113 indubitanter
2607 4055 2877 4127 cognosci
2922 4053 3109 4127 possit
3142 4070 3154 4110 :
3188 4054 3261 4109 ad
3290 4053 3401 4110 hoc
3433 4053 3617 4110 conti-

1967 4151 2220 4202 nuatur:
2247 4143 2364 4216 Ipsi
2398 4161 2490 4200 me
2520 4144 2599 4199 ita
2616 4144 2907 4216 judicent,
2943 4167 2970 4193 «
3005 4147 3068 4199 tu
3097 4140 3318 4211 autem,
3349 4137 3617 4212 Domine‘,

1968 4233 2243 4291 miserere
2293 4233 2403 4289 mei
2441 4256 2468 4282 »
2518 4238 2575 4289 et
2624 4233 2956 4289 miserando
2999 4256 3024 4281 ‹‹
3061 4230 3348 4289 resuscita
3394 4248 3508 4300 me,
3561 4234 3622 4287 et

1968 4324 2205 4380 tandem
2238 4322 2559 4378 retribuam
2593 4323 2676 4378 eis
2712 4344 2738 4371 ››
2772 4322 2881 4378 hoc
2913 4323 3068 4394 quod
3104 4320 3249 4376 mihi
3297 4320 3582 4378 fecerunt.

2040 4414 2111 4469 Et
2141 4430 2272 4468 vere
2297 4411 2632 4482 suscitabis,
2668 4435 2693 4459 ‹‹
2733 4411 3014 4484 quoniam
3060 4409 3296 4468 voluisti
3349 4425 3463 4477 me,
3501 4431 3528 4457 »
3561 4392 3618 4464 id

1970 4506 2079 4571 est,
2115 4517 2347 4574 semper
2378 4499 2481 4556 tibi
2514 4500 2659 4556 bene
2686 4494 2910 4571 placui:
2936 4503 2994 4555 et
3016 4523 3042 4548 ‹‹
3069 4500 3128 4553 in
3159 4498 3268 4553 hoc
3293 4520 3320 4547 ››
3342 4496 3497 4570 quod
3528 4513 3622 4552 me

1970 4590 2202 4648 voluisti
2235 4614 2263 4641 ‹‹
2297 4588 2559 4662 cognovi,
2588 4587 2867 4660 quoniam
2890 4604 3005 4643 non
3037 4583 3317 4660 gaudebit
3344 4582 3623 4641 inimicus

1891 4714 1939 4780 Β
1972 4705 1999 4731 ‹‹
2034 4697 2203 4736 meus
2247 4695 2425 4751 super
2475 4693 2587 4745 me,
2625 4700 2651 4725 ››
2685 4676 2742 4731 id
2794 4682 2908 4744 est,
2938 4693 3053 4732 non
3106 4673 3380 4730 retinebit
3428 4689 3522 4728 me
3561 4668 3621 4729 in

1971 4774 2177 4836 morte,
2211 4764 2364 4841 quod
2398 4767 2446 4822 si
2481 4770 2697 4839 posset,
2731 4781 2908 4838 super
2938 4781 3031 4820 me
3062 4766 3235 4819 esset.

2046 4856 2327 4914 Inimicus
2358 4873 2472 4911 non
2504 4854 2801 4929 gaudebit,
2826 4870 2932 4927 ego
2965 4858 3173 4909 autem
3193 4846 3627 4925 gaudebo,quia

1974 4970 2002 4998 ‹‹
2037 4943 2349 5019 suscepisti
2379 4960 2471 5000 me
2498 4969 2519 4997 ιδ
2548 4942 2618 5000 ad
2652 4942 3152 5000 immortalitatem
3175 4944 3233 4997 et
3254 4936 3627 5012 impassibili—

1973 5030 2153 5091 tatem
2177 5057 2205 5084 ‹‹
2230 5037 2467 5107 propter
2486 5033 2971 5100 innocentiam,et
2991 5028 3351 5087 confirmasti
3375 5044 3489 5105 me,
3515 5050 3542 5077 ››
3565 5027 3625 5083 id

1974 5128 2086 5190 est,
2120 5122 2204 5179 sic
2233 5120 2550 5191 collocasti,
2580 5122 2737 5194 quod
2768 5119 2911 5176 nihil
2957 5119 3231 5191 deinceps
3262 5115 3409 5174 mihi
3439 5115 3629 5189 possit

1976 5227 2183 5270 nocere
2205 5236 2231 5261 ‹‹
2258 5211 2317 5267 in
2341 5214 2658 5284 conspectu
2694 5214 2852 5278 tuo,»
2878 5210 2935 5264 id
2959 5208 3132 5280 est,in
3156 5198 3466 5282 praesentia
3485 5208 3587 5260 tua
3611 5220 3626 5262 :

1974 5319 2091 5358 non
2122 5300 2201 5357 ibi
2233 5300 2306 5357 ad
2336 5300 2541 5356 horam
2596 5313 2943 5354 mensurum
2977 5297 3075 5353 sed
3103 5314 3137 5352 .ι
3166 5294 3224 5375 in
3257 5298 3560 5351 aeternum.
3597 5296 3629 5343 »'

2044 5391 2115 5446 Et
2144 5389 2285 5463 quia
2314 5406 2407 5445 me
2439 5391 2522 5445 ita
2552 5388 2844 5455 exaltavit,
2878 5387 3006 5442 ideo
3040 5386 3115 5441 sit
3145 5409 3170 5435 ‹‹
3206 5382 3572 5451 benedictus,
3599 5404 3627 5432 »

1977 5479 2034 5535 id
2061 5483 2173 5547 est,
2202 5477 2501 5546 laudatus,
2528 5480 2584 5533 et
2608 5475 2740 5531 talis
2772 5475 3042 5548 cognitus
3065 5471 3256 5546 qualis
3276 5474 3366 5527 est
3386 5494 3413 5521 «
3439 5469 3632 5526 Domi-

1979 5586 2089 5626 nus
2123 5566 2321 5631 Israel,
2358 5589 2386 5615 »
2416 5565 2473 5621 id
2505 5570 2616 5632 est,
2653 5563 2748 5619 ille
2799 5563 2899 5637 qui
2950 5562 3289 5618 dominatur
3338 5557 3539 5628 Israel,
3571 5557 3630 5613 id

1979 5664 2085 5727 est,
2118 5654 2453 5713 videntibus
2502 5655 2688 5710 Deum
2735 5658 2791 5709 et
2827 5676 2854 5703 ‹‹
2884 5652 3060 5722 Deus,
3097 5674 3123 5699 ››
3156 5650 3214 5706 id
3262 5653 3372 5719 est,
3407 5652 3634 5705 creator

1982 5770 2017 5795 κ
2046 5742 2222 5803 Israel
2249 5768 2275 5792 ››
2308 5760 2435 5814 quas
2468 5741 2797 5798 benedictio
2828 5740 3070 5812 incipiat
3093 5762 3120 5789 ‹‹
3147 5757 3180 5796 a
3204 5737 3415 5795 saeculo
3446 5761 3472 5787 ››
3495 5738 3630 5804 isto,
