3914 6396
256 409 376 471 339

668 396 1082 462 llAYMONIS
1127 387 1670 452 HALBERSTAT.
1705 381 1949 444 EPISC.
1979 380 2152 442 0P1).
2185 377 2391 439 PARS
2421 376 2471 437 Ι.
2505 409 2583 418 -
2611 373 3022 436 COMMENT.
3057 374 3251 447 BlBL,

3555 373 3671 434 340

258 552 318 604 et
348 570 373 596 ‹‹
409 545 470 601 in
500 538 782 599 saeculum
816 556 844 583 ››
866 525 1305 587 eonseeutivum
1327 521 1507 594 hujus
1529 517 1726 575 smculi
1751 518 1912 572 deve—
1942 514 1996 581 Α
2026 512 2209 578 sitire,
2245 526 2313 566 ex
2343 507 2620 582 lacrymis
2670 507 3044 564 refectionem
3092 507 3326 580 habere,
3359 534 3387 561 ‹‹
3420 530 3552 569 sum
3579 533 3670 572 ιιθ-

260 638 386 695 niat
417 658 444 685 ‹‹
478 633 601 700 fiat,
634 628 738 682 fiat
769 639 781 678 :
820 643 846 671 ››
878 620 975 677 hic
1017 617 1268 672 habetur
1312 612 1373 667 in
1424 609 1682 676 Hebrmo,
1718 622 1911 672 amen,

261 744 453 786 amen.

760 804 832 863 IN
875 797 1224 858 PSALMUM
1261 793 1402 850 XLI.

332 912 605 967 Trruws.
640 900 702 956 In
730 897 897 969 ﬁnem
918 889 1221 947 intellectus
1259 885 1394 956 ﬁliis
1445 882 1615 937 Chore
1663 877 1917 933 Psalmus

990 978 1185 1038 David.

335 1117 362 1144 ‹‹
396 1080 907 1160 Quemadmodum
936 1072 1253 1129 desiderat.
1291 1088 1318 1114 υ
1351 1062 1623 1119 Psalmus
1665 1059 1774 1113 iste
1816 1055 1917 1129 qui

264 1147 1259 1243 diciturintellectus,quiaostendit
1270 1153 1441 1243 nobis
1453 1150 1735 1223 quiddam
1753 1147 1921 1243 valde

265 1234 738 1343 intelligendum,
773 1234 997 1313 scilicet
1024 1249 1084 1302 in
1119 1242 1379 1343 homine.
1408 1239 1556 1293 duas
1603 1234 1917 1343 petentias,

264 1321 517 1439 quam;
530 1354 734 1413 fortior
744 1341 1085 1403 debiliorem
1103 1323 1763 1439 confortet,proponitur
1782 1321 1920 1376 ﬁliis

767 1437 781 1439 _
992 1428 1007 1439 ι
1156 1426 1166 1439 ι
1268 1420 1392 1439 1η...
1427 1415 1482 1439 2.)
1522 1416 1604 1439 ...ηε
1657 1431 1668 1439 .
1702 1411 1772 1439 ἔζη
1797 1427 1895 1439 η...-

266 1411 893 1517 Eho-regddieendum
921 1428 1013 1485 vel
1040 1415 1486 1484 cantandum,id
1519 1411 1774 1482 cst,fi]iis
1796 1427 1923 1509 eru-

267 1542 377 1609 eis,
403 1499 648 1597 scilicet,
683 1521 904 1583 sanctis
934 1510 1292 1586 martyribus
1322 1518 1713 1609 quorum.vonx
1742 1502 1830 1555 est

409 1586 678 1682 Psalmo':
702 1613 848 1687 ipsis
876 1611 1006 1666 dico
1034 1619 1137 1676 per
1165 1601 1275 1656 hoc
1306 1594 1545 1651 directis
1574 1591 1635 1646 in
1659 1586 1922 1656 ﬁnem,id

267 1680 378 1783 est,
494 1680 825 1767 iChristu-m.
850 1694 1096 1755 Materia
1125 1694 1213 1748 est
1234 1690 1460 1760 justus,
1484 1680 1811 1738 secundum
1835 1681 1924 1732 ut-

268 1770 514 1877 ramque
539 1798 658 1853 vim
691 1784 1137 1849 animaa.Modus
1162 1796 1175 1833 :
1201 1779 1264 1834 In
1296 1774 1488 1847 prima
1531 1774 1693 1843 parte
1723 1770 1923 1823 osten-

1155 1870 1165 1877 .
1358 1863 1399 1877 η
1585 1860 1629 1877 ,ν
1676 1858 1895 1877 ,λ’-η-

269 1858 451 1961 ditur,
475 1886 801 1952 secundum
832 1878 951 1933 vim
974 1870 1334 1943 superiorem
1358 1863 1546 1917 Deum
1569 1858 1922 1957 desiderare,

271 1946 530 2043 edim—sitia
557 1975 682 2033 sola
713 1948 1003 2044 appetere,
1028 1956 1407 2017 adversitates
1440 1950 1618 2021 hujus
1648 1946 1776 2044 vita:
1808 1961 1925 1999 non

268 2074 569 2132 timere.ln
601 2035 861 2120 secunda
890 2057 1052 2128 parte
1082 2065 1184 2121 per
1212 2045 1377 2101 illam
1399 2041 1517 2097 vim
1539 2035 1923 2108 superiorem,

274 2121 699 2220 adimalitatem
721 2121 1203 2210 confertamque;
1216 2133 1329 2189 cito
1353 2129 1628 2220 turbatur
1649 2121 1931 2220 turbatio-

273 2213 660 2315 nibushujus
687 2228 1096 2295 vitaantentio
1127 2219 1554 2289 est,debiliores
1578 2213 1925 2315 confortare,

272 2358 345 2397 ne
376 2299 719 2393 moveantur
748 2320 1078 2381 secundum
1111 2309 1556 2371 animalitatem,
1587 2302 1688 2360 sed
1732 2299 1930 2374 potius

272 2445 377 2504 per
407 2439 578 2483 suam
611 2417 899 2474 rationem
920 2405 1249 2464 eonfortcnt
1270 2395 1930 2504 animalitatern,pr0po-

273 2477 425 2574 iiunt
452 2512 632 2570 etiam
654 2503 806 2579 justi
838 2498 941 2572 qui
972 2495 1296 2566 loquuntur
1325 2503 1387 2542 se
1418 2481 1735 2555 aliquando
1776 2477 1928 2534 ceci—

495 2566 579 2657 ne
609 2566 923 2667 despereht
952 2581 1284 2672 debiliores,
1310 2574 1360 2631 si
1381 2577 1438 2630 et
1466 2571 1580 2672 ipsi
1614 2566 1931 2672 aliquando

277 2656 616 2757 ceciderint,
647 2689 704 2742 et
719 2656 1025 2751 incipiunt
1054 2667 1361 2728 ostendere
1392 2662 1577 2736 prius,
1604 2657 1761 2731 quod
1784 2656 1932 2711 ratio

284 2802 395 2841 sua
422 2782 608 2837 Deum
640 2770 952 2833 desideret,
987 2763 1109 2819 sic:

349 2874 394 2929 Ο
427 2871 580 2927 Deus
611 2888 638 2913 «
674 2863 760 2918 ita
788 2855 1086 2913 desiderat
1115 2847 1315 2905 anima
1344 2858 1542 2907 mea,»
1564 2838 1622 2893 id
1645 2841 1936 2908 est,supe-

279 2964 400 3020 rior
424 2959 513 3015 vis
561 2952 771 3010 anima:
803 2970 831 2997 ‹‹
863 2945 938 3001 ad
969 2946 1025 2997 te
1057 2962 1085 2989 »
1117 2933 1458 2993 habendum
1489 2953 1515 2979 ‹‹
1551 2925 1933 3000 quemadmo-

282 3055 448 3116 dum,
483 3069 511 3097 »
545 3045 603 3100 id
636 3044 747 3108 est,
777 3051 958 3110 quam
990 3030 1263 3087 ardenter
1292 3046 1320 3073 ‹‹
1355 3020 1649 3077 desiderat
1678 3030 1884 3070 cervus
1906 3034 1934 3062 »

283 3104 615 3214 pertingere
664 3104 853 3200 usqde
884 3147 911 3175 «
950 3121 1023 3178 ad
1073 3119 1266 3174 fontes
1313 3124 1624 3210 aquarum.
1662 3127 1689 3154 »
1714 3104 1939 3160 Natura

282 3198 434 3287 cervi
465 3198 574 3290 est,
607 3225 674 3277 ut
700 3198 843 3274 ﬂatu
874 3210 1108 3268 uarium
1139 3201 1401 3261 attrahat
1428 3198 1488 3253 in
1522 3211 1736 3268 corpus
1760 3209 1935 3248 suum

282 3264 434 3287 υῡινι
465 3264 555 3282 νῦν
612 3264 674 3277 μυ
702 3264 843 3274 ..νυ-.-
882 3264 969 3268 ﬁ“,
1018 3264 1025 3265 ί
1623 3264 1642 3268 .-

280 3317 478 3373 vivum
508 3266 865 3382 serpentem,
896 3302 1210 3373 postquam
1244 3293 1443 3347 autem
1465 3301 1755 3342 venenum
1777 3282 1940 3337 intus
1969 3264 2013 3332 (ἶ

283 3373 630 3469 exardescit,
663 3395 828 3451 ardet
856 3389 975 3455 siti,
1009 3391 1067 3441 et
1095 3380 1277 3439 currit
1306 3378 1378 3433 ad
1413 3377 1633 3431 fontem
1656 3373 1939 3439 vivum,et

282 3494 422 3548 inde
452 3463 726 3548 refectus,
759 3475 999 3551 deponit
1028 3487 1248 3529 cornua
1278 3472 1335 3523 et
1364 3465 1534 3537 pilos,
1559 3468 1615 3518 et
1638 3463 1935 3532 rcjuvene-

283 3581 399 3639 scit
422 3596 436 3634 :
461 3578 544 3632 ita
573 3569 762 3631 sancti
791 3550 1003 3623 imbuti
1034 3574 1256 3616 veneno
1290 3552 1529 3621 diaboli,
1554 3550 1777 3607 scilicet
1804 3566 1936 3621 ροσε

283 3669 453 3736 eatis,
484 3664 731 3722 currunt
760 3657 829 3714 ad
863 3656 1048 3710 Deum
1081 3646 1449 3721 pcnnitentes,
1481 3658 1586 3714 per
1631 3656 1805 3711 quem
1837 3638 1934 3693 de-

283 3757 513 3830 ponunt
541 3762 776 3806 omnem
808 3742 1182 3799 vetustatem.

354 3844 493 3901 Dico
515 3838 669 3912 quod
694 3834 894 3891 anima
917 3826 1211 3884 desiderat
1232 3821 1490 3887 modo,et
1494 3819 1620 3890 jam
1645 3816 1819 3871 etiam
1844 3815 1938 3869 de-

283 3905 643 3995 sideravit,et
661 3925 771 3979 hoc
800 3924 920 3976 est:
946 3942 971 3966 ‹‹
999 3913 1192 3972 Sitivit
1220 3909 1418 3967 anima
1450 3923 1580 3962 mea
1601 3905 1672 3960 ad
1696 3905 1881 3960 Deum
1905 3927 1931 3951 ‹‹

283 3992 621 4079 habendum
644 4032 657 4069 ε
681 4014 867 4070 Deum
891 4008 1019 4063 dico
1044 4028 1070 4053 ‹‹
1096 4004 1339 4067 fontem,
1362 4021 1386 4047 n
1411 3996 1551 4069 quia
1570 3996 1584 4049 i
1593 4012 1693 4067 pse
1720 3998 1808 4049 est
1828 3992 1937 4047 ori-

283 4128 356 4185 go
387 4109 570 4166 totius
600 4102 760 4160 boni.
786 4101 1025 4156 Fontem
1057 4093 1185 4149 dico
1210 4114 1236 4140 ‹‹
1261 4088 1479 4157 vivum,
1508 4108 1534 4135 »
1559 4083 1697 4157 quia
1724 4083 1849 4155 ipse
1875 4081 1934 4135 in

282 4171 565 4257 aeternum
617 4192 777 4259 vivit,
810 4193 869 4244 et
915 4184 1014 4258 qui
1065 4196 1201 4238 eum
1251 4180 1513 4251 gustant,
1549 4173 1687 4229 facit
1731 4189 1829 4228 eos
1876 4171 1935 4225 in

281 4293 567 4346 mternum
593 4282 805 4338 vivere.
837 4275 942 4331 Vel
971 4274 1155 4328 Deum
1184 4269 1424 4334 fontem,
1453 4264 1593 4336 quia
1623 4263 1747 4334 ipse
1775 4261 1935 4317 solus

280 4379 478 4453 potest
506 4389 614 4428 nos
644 4369 865 4440 eripere
887 4365 958 4420 de
980 4361 1267 4434 potestate
1286 4353 1504 4411 diaboli
1530 4369 1543 4407 :
1570 4375 1596 4401 «
1622 4356 1680 4407 et
1701 4351 1937 4422 quando

277 4440 511 4523 veniam
541 4464 676 4517 ante
707 4455 914 4513 faciem
945 4448 1089 4506 Dei?
1124 4470 1151 4497 »
1183 4448 1242 4502 id
1272 4449 1380 4512 est,
1414 4443 1474 4497 in
1505 4440 1817 4514 praesentia
1846 4440 1934 4511 ip-

278 4554 430 4622 sius,
453 4556 518 4607 ut
537 4560 887 4621 cognoscam
917 4556 1052 4596 eum
1076 4539 1250 4610 prout
1269 4538 1376 4589 est.
1400 4531 1561 4588 Unde
1581 4527 1894 4601 Apostolus
1918 4546 1931 4584 :

279 4666 308 4693 ‹‹
338 4618 507 4698 Nunc
534 4618 803 4694 videmus
833 4633 893 4687 in
924 4629 1258 4700 aenigmate,
1288 4627 1428 4678 tunc
1459 4624 1653 4676 autem
1685 4618 1831 4674 faeie
1862 4618 1934 4673 ad
1968 4637 2014 4701 Β

278 4729 488 4788 faciem
514 4729 562 4797 (Ι
579 4726 840 4791 ϐοωῑιιι)
867 4739 879 4776 :
908 4743 934 4768 ››
959 4722 1016 4774 et
1032 4723 1172 4773 tunc
1192 4711 1425 4786 cgo,qui
1451 4710 1510 4764 in
1533 4708 1642 4764 hac
1663 4707 1779 4763 vita
1799 4705 1929 4762 nul-

278 4819 397 4876 lius
427 4796 597 4891 pretii
628 4806 1199 4889 appareo,apparebo
1232 4800 1424 4875 qualis
1455 4797 1736 4855 sim.Dieo
1758 4820 1784 4845 «
1808 4796 1934 4851 siti-

278 4908 362 4963 vit
391 4884 590 4963 anima
620 4884 770 4969 mea,
799 4923 826 4949 »
848 4902 906 4955 et
935 4898 1077 4952 dum
1106 4891 1353 4957 sitirem,
1382 4887 1562 4944 habui
1595 4884 1937 4941 refectioncs

280 5013 427 5068 quas
458 4994 742 5051 fundebat
771 4985 1108 5046 animalitas
1140 4980 1357 5037 afflicta
1380 4976 1637 5033 miseriis
1658 4974 1838 5046 hujus
1859 4972 1937 5027 vi-

278 5062 350 5140 ta:
376 5102 388 5140 :
417 5088 476 5140 et
506 5082 617 5138 hoe
644 5084 733 5136 est
755 5104 781 5128 ‹‹
806 5078 1074 5148 lacrymze
1100 5087 1261 5139 mete,
1289 5091 1316 5117 ››
1340 5068 1395 5122 id
1418 5070 1526 5132 est,
1553 5081 1692 5119 mere
1718 5062 1936 5117 anima-

279 5171 464 5229 litatis
486 5194 515 5223 «
538 5172 777 5227 fuerunt
798 5165 943 5222 mihi
962 5188 986 5213 ››
1002 5160 1326 5218 secundum
1349 5155 1634 5211 rationem
1650 5176 1676 5201 ‹‹
1693 5169 1933 5225 panes,»

281 5259 341 5314 id
372 5266 481 5329 est,
516 5258 860 5314 refectiones
884 5279 909 5303 ‹‹
936 5253 1028 5307 die
1060 5267 1125 5306 ae
1159 5252 1350 5311 nocte,
1372 5268 1399 5295 ››
1423 5244 1481 5298 id
1513 5247 1617 5299 est.
1655 5241 1928 5297 assidue:

280 5345 550 5420 lacryma:
581 5346 708 5401 dico
740 5361 806 5399 ex
837 5342 945 5396 hoc
992 5338 1203 5395 habita:
1238 5360 1261 5385 ‹‹
1298 5336 1462 5401 dum,
1501 5355 1527 5381 ››
1559 5331 1617 5387 id
1651 5335 1758 5397 est,
1794 5329 1934 5400 quia

287 5455 308 5482 α
346 5418 561 5491 dicitur
592 5433 763 5501 mihi,
794 5431 900 5485 Ubi
933 5437 1018 5484 est
1051 5428 1203 5481 Deus
1256 5422 1435 5478 tuus?
1469 5444 1495 5469 ››
1528 5420 1745 5475 Putant
1774 5418 1931 5473 enim

282 5522 419 5576 mali
444 5524 640 5594 justos
672 5521 855 5573 Deum
890 5535 1003 5573 non
1036 5516 1270 5583 habere,
1303 5513 1443 5566 dum
1478 5509 1561 5565 sic
1606 5508 1804 5563 vident
1834 5525 1931 5561 eos

284 5606 765 5661 tribulationibus
797 5606 1083 5659 subditos.

357 5712 383 5736 ‹‹
416 5694 544 5746 Haec
561 5716 587 5739 ››
606 5690 1024 5760 (Ῑιιειεζρι-ωάίοιίι
1038 5695 1196 5756 sunt,
1211 5686 1431 5743 scilicet
1456 5687 1715 5741 animam
1739 5702 1929 5739 meam

2025 601 2303 656 cordatus
2336 622 2362 647 ι)
2396 598 2495 671 qui
2527 597 2692 671 prius
2723 595 3037 668 aliquando
3064 596 3283 655 oblitus
3313 600 3673 661 fueram.Ubi

2026 694 2189 746 notat
2219 707 2280 744 se
2304 688 2554 745 oblitum
2585 687 2833 742 istorum
2865 687 3047 743 fuisse
3074 704 3178 760 per
3206 706 3380 746 suum
3418 691 3673 765 lapsum,

2025 778 2179 835 tollit
2208 796 2242 834 a
2273 776 2655 833 debilioribus
2686 777 3173 848 desperationem,
3195 777 3285 834 vel
3317 783 3674 854 recordatus,

2026 868 2083 923 id
2118 873 2229 935 est,
2257 868 2317 922 in
2365 866 2658 939 frequenti
2705 866 2886 939 habui
2936 867 3288 940 cogitatione
3320 892 3348 920 «
3382 875 3440 925 et
3469 872 3680 930 deinde

2026 958 2205 1014 effudi
2239 957 2498 1013 animam
2549 973 2764 1027 meam,
2801 980 2829 1005 ››
2858 956 2915 1011 id
2946 961 3054 1025 est,
3086 958 3319 1014 extendi
3369 977 3555 1032 usque
3603 964 3681 1020 ad

2026 1047 2404 1103 inimicorum
2430 1045 2824 1113 dilectionem,
2841 1046 3127 1102 itatamen
3152 1047 3307 1118 quod
3329 1047 3457 1120 ipsa
3482 1050 3685 1107 anima

2030 1154 2162 1192 mea
2207 1141 2362 1192 esset
2387 1159 2415 1184 ‹‹
2449 1134 2508 1190 in
2543 1152 2655 1202 me,
2684 1157 2711 1183 »
2742 1133 2798 1189 id
2832 1139 2939 1203 est,
2966 1135 3026 1190 in
3075 1152 3206 1191 mea
3254 1140 3564 1208 potestate,
3594 1140 3684 1196 sic

2029 1230 2307 1282 contenta
2341 1241 2470 1279 meo
2503 1222 2785 1294 dominio,
2818 1224 2973 1295 quod
3026 1223 3303 1281 inimicus
3353 1243 3520 1284 meus
3562 1245 3685 1284 non

2029 1319 2229 1388 posset
2256 1332 2386 1370 eam
2420 1313 2714 1385 surripere
2738 1328 2750 1366 :
2778 1317 2835 1368 et
2858 1313 2985 1370 ideo
3008 1313 3091 1370 sic
3122 1316 3322 1384 effudi,
3349 1339 3375 1366 «
3401 1317 3686 1389 quoniam

2028 1404 2294 1459 transibo
2323 1419 2511 1474 usque
2543 1404 2614 1457 ad
2645 1402 2890 1457 domum
2938 1402 3060 1472 Dei,
3099 1426 3127 1453 »
3156 1404 3212 1460 id
3245 1409 3354 1478 est,
3388 1407 3689 1464 cmlestem

2030 1491 2393 1549 Hierusalem
2417 1514 2443 1540 ‹‹
2469 1490 2731 1545 transibo
2753 1490 2813 1546 in
2839 1489 3033 1546 locum
3057 1493 3442 1565 tabernaculi,
3461 1495 3559 1553 nid
3573 1500 3687 1566 est,

2030 1582 2090 1637 in
2108 1580 2440 1650 ecclesiam,
2456 1596 2584 1651 quae
2604 1577 2820 1634 dicitur
2834 1578 3020 1651 locus,
3036 1581 3176 1653 quia
3197 1588 3357 1641 extra
3378 1586 3694 1643 ecclesiam

2031 1670 2195 1726 nulla
2226 1668 2535 1738 certitudo,
2559 1668 2658 1723 sed
2692 1667 2792 1738 qui
2824 1668 2998 1724 modo
3030 1671 3250 1727 suntin
3270 1673 3698 1748 ecclesia,quo-

2034 1760 2348 1815 dummodo
2380 1762 2595 1813 certam
2629 1757 2894 1812 obtinent
2913 1757 3219 1814 ﬁdem.Vel
3245 1761 3304 1816 in
3326 1762 3703 1837 locum,quia

2034 1865 2265 1921 semper
2297 1850 2672 1919 promovetur
2690 1847 2893 1916 justus
2926 1846 2983 1901 in
3016 1845 3286 1903 altiorem
3308 1851 3558 1920 gradum
3581 1852 3707 1908 vir-

2035 1943 2230 1994 tutum
2258 1955 2271 1992 :
2296 1934 2659 1992 tabernaculi
2684 1934 2810 1990 dico
2835 1958 2862 1983 ‹‹
2886 1935 3274 2004 admirabilis,
3294 1960 3320 1986 »
3337 1937 3394 1992 id
3409 1940 3705 2014 est,digni

2038 2027 2425 2083 admiratione
2459 2042 2471 2078 :
2506 2028 2570 2079 ut
2600 2023 2947 2080 admirabile
2977 2025 3108 2093 fuit,
3140 2026 3295 2098 quod
3340 2027 3708 2086 Laurentius

2037 2121 2264 2174 tantam
2297 2115 2629 2188 passionem
2662 2113 2968 2169 sustinuit.

2110 2207 2399 2264 Transibo
2431 2205 2560 2260 dico
2593 2204 2664 2259 ad
2698 2203 2940 2259 domum
2973 2203 3075 2258 Dei
3110 2226 3137 2252 «
3174 2203 3232 2259 in
3254 2221 3392 2259 voce
3431 2205 3707 2263 exsulta-

2038 2299 2217 2354 tionis
2249 2301 2305 2352 et
2336 2291 2741 2350 confessionis.
2770 2313 2797 2340 υ
2822 2291 2883 2348 Id
2907 2296 2998 2347 est
3027 2292 3085 2346 in
3118 2308 3212 2347 me
3260 2292 3607 2351 exsultando
3638 2300 3709 2352 et

2040 2388 2225 2444 Deum
2256 2384 2553 2441 laudando
2579 2400 2590 2437 :
2617 2380 3002 2437 confessionis
3036 2381 3164 2437 dico
3197 2404 3225 2430 «
3252 2398 3432 2438 sonus
3453 2383 3707 2456 epulan-

2039 2478 2191 2533 tis.»
2226 2476 2287 2531 Id
2340 2477 2449 2540 est,
2484 2471 2581 2543 qui
2632 2470 2777 2526 mihi
2827 2473 2916 2526 est
2964 2472 3129 2525 tanta
3175 2470 3434 2540 refectio,
3478 2477 3711 2544 quanta

2041 2564 2274 2622 refectio
2305 2561 2599 2618 cantilena
2621 2563 2710 2615 est
2732 2557 3129 2632 epulantibus.
3164 2558 3442 2627 Souus,id
3461 2564 3549 2617 est
3567 2560 3707 2617 dul-

2042 2651 2474 2730 cis-cantilena,
2508 2654 2564 2705 et
2592 2652 2682 2704 est
2714 2665 2897 2704 sonus
2929 2648 3027 2703 hic
3054 2647 3297 2720 genitivi
3330 2665 3504 2706 casus
3527 2651 3704 2722 quasi

2016 2743 2295 2819 sonitus.
2326 2740 2431 2795 Vel
2462 2738 2724 2794 transibo
2755 2736 2816 2791 in
2847 2738 3089 2792 domum
3112 2737 3457 2812 Dei,ductus
3480 2738 3539 2794 in
3560 2756 3705 2795 voce

2042 2829 2450 2889 exsultationis
2481 2832 2538 2884 et
2567 2824 2973 2893 confessionis,
2995 2826 3051 2881 id
3085 2830 3192 2894 est,
3216 2825 3276 2882 in
3298 2844 3433 2883 voce
3463 2827 3705 2900 angelo-

2045 2939 2177 2978 rum
2207 2917 2633 2976 exsultantium
2664 2920 2721 2973 et
2750 2913 3124 2971 laudantium
3175 2916 3385 2986 Deum,
3419 2935 3546 2990 quae
3591 2934 3706 2973 vox

2046 3011 2159 3067 fuit
2189 3008 2335 3065 mihi
2365 3025 2546 3064 sonus
2575 3005 2890 3079 epulantis.

2120 3098 2328 3171 Incipit
2357 3098 2428 3153 de
2478 3096 2739 3152 secunda
2785 3097 2970 3167 parte,
3004 3093 3226 3149 scilicet
3273 3094 3704 3152 animalitatem

2050 3207 2219 3246 suam
2242 3183 2973 3244 eonfortare.Contiuuatio
2988 3199 3001 3237 :
3019 3184 3503 3256 Quandoquidem
3518 3188 3707 3241 trans-

2053 3280 2147 3335 ibo
2180 3278 2239 3333 in
2270 3294 2407 3332 voce
2438 3273 2865 3343 exsultationis,
2891 3288 3026 3345 ergo
3047 3275 3132 3340 tu,
3160 3295 3186 3321 «
3212 3273 3411 3328 anima
3432 3291 3617 3343 mea,»
3640 3273 3703 3331 id

2048 3371 2156 3433 est,
2191 3362 2525 3420 animalitas
2559 3376 2687 3416 mea
2715 3382 2742 3408 «
2778 3376 2955 3431 quare
2986 3358 3175 3415 tristis
3205 3360 3312 3415 es?
3338 3383 3364 3409 n
3397 3364 3453 3416 ct
3482 3384 3509 3411 «
3542 3377 3637 3416 me
3672 3383 3704 3411 »

2049 3452 2412 3525 superiorem
2463 3450 2580 3504 vim
2615 3471 2641 3498 ‹‹
2678 3464 2861 3520 quare
2909 3447 3271 3504 conturbas?
3304 3471 3332 3499 »
3365 3450 3549 3515 Quam
3593 3448 3701 3505 ali-

2049 3543 2283 3617 quando
2314 3540 2419 3595 tibi
2450 3538 2665 3594 dolenti
2700 3536 2843 3593 facis
2874 3535 3200 3593 condolere.

2119 3630 2245 3687 Noli
2278 3646 2406 3686 esse
2450 3627 2655 3695 tristis,
2691 3626 2791 3683 sed
2823 3648 2851 3675 «
2883 3642 3054 3699 spera
3097 3624 3158 3680 in
3206 3625 3324 3682 Deo
3358 3648 3384 3675 ››
3418 3629 3476 3682 ct
3521 3626 3702 3683 debes

2048 3724 2257 3790 facere,
2284 3743 2310 3768 ‹‹
2345 3716 2624 3790 quoniam
2664 3738 2689 3763 η
2722 3730 2827 3787 ego
2859 3714 3165 3770 confessus
3186 3737 3213 3762 ‹‹
3240 3713 3431 3771 adhuc
3462 3716 3702 3772 confite-

2047 3811 2153 3867 hor
2182 3809 2288 3877 illi,
2315 3830 2341 3857 ι)
2375 3807 2486 3862 hoe
2518 3803 2760 3874 scilicet,
2778 3808 2864 3876 tu,
2890 3804 2988 3875 qui
3025 3821 3085 3859 es
3113 3825 3140 3853 «
3164 3802 3472 3872 salutare,»
3502 3804 3558 3859 id
3590 3804 3700 3877 esi,

2049 3898 2312 3956 Salvator
2338 3913 2525 3957 meus,
2561 3892 2856 3966 particeps
2886 3893 3076 3948 factus
3100 3914 3126 3941 ‹‹
3162 3893 3274 3948 mei
3326 3892 3544 3965 vultus,
3580 3916 3608 3943 »
3638 3894 3700 3950 id

2047 3994 2156 4057 est,
2192 4004 2332 4042 mea:
2363 3982 2770 4050 humanitatis,
2804 3981 3027 4038 scilicet
3058 3981 3232 4039 homo
3264 3999 3325 4037 es
3357 4006 3382 4031 α
3410 3985 3467 4038 et
3486 3983 3697 4056 Deus,»

2047 4078 2104 4133 id
2137 4080 2246 4145 est,
2280 4076 2514 4130 Creator
2544 4096 2569 4122 (ι
2607 4088 2794 4126 meus.
2830 4093 2857 4120 »
3167 4136 3186 4152 ο

2118 4168 2187 4222 Et
2219 4165 2347 4221 ideo
2379 4163 2556 4219 debes
2597 4178 2854 4233 sperare,
2887 4158 3027 4232 quia
3076 4160 3231 4231 quod
3264 4184 3289 4209 ‹‹
3326 4159 3521 4216 anima
3569 4178 3702 4217 mea

2048 4256 2281 4313 turbata
2312 4257 2401 4309 cst
2430 4274 2456 4301 ιι
2493 4275 2517 4301 ‹‹
2555 4251 2627 4306 ad
2661 4249 2977 4321 meipsum,
3010 4269 3038 4299 »
3073 4248 3131 4303 id
3164 4252 3273 4319 est,
3309 4266 3423 4304 non
3463 4247 3699 4306 aliunde

2047 4345 2282 4400 turbata
2310 4345 2399 4397 est
2433 4339 2631 4396 anima
2678 4354 2827 4407 mea,
2863 4336 2976 4393 nisi
3007 4355 3077 4393 ex
3106 4353 3200 4392 me
3234 4353 3246 4392 :
3282 4341 3339 4393 et
3371 4337 3479 4393 hoc
3504 4337 3699 4393 mani—

2047 4435 2193 4491 feste
2224 4431 2367 4487 dicit
2397 4428 2512 4485 alia
2541 4425 2867 4495 translatio,
2901 4443 3027 4498 qua:
3061 4426 3271 4482 habet:
3306 4444 3340 4482 a
3361 4426 3583 4498 meipso
3604 4451 3619 4494 ;
3643 4431 3702 4483 et

2048 4524 2188 4597 quia
2217 4539 2282 4576 ex
2311 4536 2404 4574 me
2435 4518 2670 4572 turbata
2699 4519 2808 4587 est,
2833 4540 2857 4565 ‹‹
2884 4519 3193 4588 propterea
3217 4538 3243 4564 ››
3267 4533 3298 4572 o
3331 4514 3484 4572 Deus
3515 4540 3542 4564 ‹‹
3577 4532 3697 4572 me-

2047 4630 2177 4668 mor
2205 4627 2302 4665 ero
2337 4607 2422 4663 tui
2454 4630 2475 4655 ι»
2513 4605 2614 4678 qui
2664 4621 2872 4660 sanare
2924 4607 3089 4677 potes
3125 4627 3151 4656 ι(
3184 4605 3254 4659 de
3284 4607 3440 4660 terra
3483 4604 3697 4661 Jorda-

2042 4702 2159 4769 nis,
2187 4723 2214 4750 »
2249 4699 2305 4753 id
2339 4701 2447 4764 est,
2481 4697 2553 4751 de
2584 4710 2675 4749 me
2707 4694 3032 4749 secundum
3064 4693 3173 4749 hoc
3205 4694 3361 4766 quod
3395 4696 3549 4749 terra
3578 4694 3695 4749 fac-

2046 4796 2146 4848 tus
2180 4805 2334 4857 sum,
2359 4784 2709 4840 fructificata
2739 4799 2842 4855 per
2863 4781 3362 4854 baptismum.Per
3381 4781 3695 4839 Jordanem

2045 4878 2370 4951 accipimus
2398 4872 2786 4946 baptismum,
2819 4869 2959 4943 quia
2988 4868 3047 4925 in
3093 4887 3159 4927 eo
3210 4870 3322 4926 fuit
3368 4869 3696 4943 baptizatus

2045 4969 2334 5033 Christus,
2368 4982 2436 5021 ex
2466 4979 2580 5036 quo
2614 4960 2782 5016 nobis
2813 4959 3098 5032 processit
3144 4958 3475 5032 baptismus
3509 4977 3522 5015 :
3557 4959 3696 5030 quia

2045 5056 2379 5129 baptismus
2411 5052 2668 5124 irrigans
2697 5067 2803 5105 nos
2836 5052 2893 5105 et
2920 5048 3124 5105 lavans
3153 5047 3558 5121 peccata,facit
3589 5065 3693 5104 nos

2044 5151 2260 5203 terram
2294 5141 2672 5197 fructiferam.
2708 5140 2776 5193 Et
2806 5136 2944 5210 quia
2968 5137 3244 5194 Jordanis
3274 5138 3591 5193 descensus
3616 5136 3695 5192 in-

2040 5236 2416 5306 terpretatur,
2451 5230 2509 5284 in
2544 5228 2653 5284 hoc
2683 5232 2958 5283 notamus
2990 5226 3409 5298 humilitatem,
3429 5243 3605 5298 quam
3635 5225 3693 5281 in

2042 5317 2803 5396 baptismohabcmus,dum
2820 5333 3097 5388 pompam
3125 5314 3340 5396 diaboli
3366 5315 3690 5387 rejicimus:

2041 5420 2098 5470 et
2123 5429 2218 5468 ero
2252 5426 2477 5465 memor
2501 5407 2585 5462 tui
2615 5407 2685 5462 de
2718 5409 2872 5461 terra
2902 5429 2927 5454 ‹‹
2965 5388 3347 5476 Ilermoniim,
3376 5428 3403 5454 ››
3428 5404 3485 5459 id
3508 5404 3692 5471 est,dc

2042 5502 2291 5573 meipso,
2313 5499 2639 5554 secundum
2672 5493 2781 5548 hoc
2804 5494 2960 5566 quod
2992 5511 3124 5549 sum
3161 5512 3441 5566 separans
3465 5511 3498 5548 a
3520 5496 3691 5563 me,ct

2041 5587 2546 5648 anathematizans
2566 5601 2771 5639 omnes
2793 5587 2983 5640 sectas
3005 5583 3688 5638 hmreticorumdlermon

2042 5695 2296 5749 namque
2319 5675 2403 5732 vel
2427 5671 3329 5741 Hcrmouiim,anathcmatizatio
3353 5670 3691 5743 interpreta-
