3914 6402
177 440 285 509 341

1352 438 1852 503 EXPLANATIO
1893 436 1975 502 IN
2017 438 2404 503 PSALMOS.

3465 444 3584 509 342

179 583 293 649 tur,
324 576 551 635 scilicet
583 599 611 628 α
643 594 678 633 a
706 579 905 633 monte
936 575 1190 647 modico,
1222 598 1252 628 ιο
1285 576 1343 632 id
1373 580 1481 644 est,
1513 593 1548 632 a
1579 574 1823 648 meipso,
1854 570 1912 640 Α
1941 572 1999 629 id
2028 575 2137 641 est,
2170 573 2311 646 quia
2343 596 2371 626 «
2402 573 2608 630 dicunt
2638 572 2784 631 mihi
2830 590 2933 647 per
2974 573 3240 648 singulos
3282 576 3434 646 dies,
3476 576 3585 634 Ubi

179 669 276 743 qui
306 668 499 724 factus
530 683 665 723 sum
700 682 873 722 mons
906 666 1235 721 secundum
1283 664 1664 721 eminentiam
1709 663 1826 719 vir»

178 757 510 825 tutum,sed
543 760 741 812 tamen
764 755 997 811 modico
1030 756 1354 811 secundum
1374 753 1822 809 humanitatem.

176 848 425 906 Hermon
459 844 699 918 quidam
732 861 903 900 mons
956 848 1045 899 est
1095 860 1303 917 parum
1343 844 1572 899 distans
1617 860 1651 898 a
1697 843 1825 899 Jor-

175 938 340 994 dane.

244 1027 313 1082 Et
342 1012 651 1098 propterea
680 1023 857 1078 etiam
885 1039 1115 1078 memor
1145 1040 1242 1078 ero
1275 1022 1379 1087 tui,
1412 1022 1552 1093 quia
1569 1026 1623 1076 et
1647 1022 1703 1077 in
1724 1021 1829 1077 Ve-

174 1113 282 1170 teri
311 1118 370 1170 et
399 1112 461 1168 in
510 1112 666 1167 Novo
717 1113 1095 1167 Testamento
1148 1111 1513 1182 promittitur
1558 1110 1826 1166 liberatio

176 1202 550 1276 sperantibus
573 1199 633 1255 in
658 1200 925 1266 Domino,
947 1200 1133 1256 ethoc
1169 1199 1340 1254 dicit:
1370 1222 1397 1249 «
1420 1201 1704 1271 Abyssus,
1720 1221 1747 1248 ››
1770 1198 1847 1253 id

175 1296 281 1359 est,
305 1292 531 1348 Novum
555 1288 674 1345 sive
691 1289 874 1345 Vetus
895 1289 1338 1344 Testamentum
1364 1311 1391 1339 «
1418 1289 1647 1343 invocat
1666 1289 1828 1360 abys-

177 1398 330 1449 sum,
368 1402 389 1428 ιι
426 1379 483 1434 id
516 1381 607 1433 est
636 1376 797 1433 aliud
829 1378 1296 1432 Testamentum.
1330 1378 1553 1432 Novum
1598 1377 1830 1431 invocat

174 1470 378 1540 Vetus,
394 1466 568 1540 quasi
590 1466 998 1522 testimonium
1013 1466 1126 1521 sui.
1140 1467 1320 1521 Vetus
1337 1466 1825 1529 invocatNovum,

177 1560 248 1617 ad
281 1556 698 1630 complendum
721 1572 789 1610 ea
818 1571 945 1626 qua)
970 1550 1394 1625 promittentur
1422 1555 1480 1608 in
1502 1553 1831 1609 Veteri.Por

177 1647 459 1721 abyssum
492 1643 621 1699 ideo
651 1643 1101 1698 Testamentum
1133 1642 1543 1715 intelligimus,
1578 1640 1717 1714 quia
1749 1641 1827 1697 si-

176 1739 275 1791 cut
305 1734 557 1807 abyssus
582 1735 671 1787 est
701 1747 918 1802 magna
957 1731 1348 1803 profunditas,
1382 1731 1465 1786 ita
1514 1730 1572 1785 in
1622 1731 1829 1786 Testa-

172 1821 390 1883 mentis
420 1824 509 1876 est
533 1835 750 1892 magna
776 1819 1150 1891 profunditas
1181 1818 1483 1892 sapientiae
1524 1822 1581 1874 et
1629 1817 1827 1889 cogni-

170 1910 350 1968 tionis
372 1909 473 1966 Dei
507 1924 522 1964 :
557 1912 614 1966 et
645 1907 922 2007 quaelibet
947 1907 1487 2007 abyssusostendit
1531 1905 1827 2007 liberatio-
1858 1940 1906 2007 Β

166 2017 305 2057 nem
334 2015 560 2067 eorum,
576 1998 677 2070 qui
703 2012 993 2053 memores
1015 2001 1157 2052 sunt
1177 1995 1432 2053 Domini.
1448 1996 1611 2063 Quod
1627 1998 1825 2051 autem

166 2090 420 2164 abyssus
466 2087 552 2144 sic
603 2086 837 2143 invocat
888 2086 1170 2160 abyssum
1223 2086 1636 2159 cognoscimus
1688 2106 1715 2133 α
1768 2084 1827 2138 in

165 2195 309 2235 voce
342 2179 772 2233 cataractarum
805 2178 1062 2240 tuarum,
1098 2195 1126 2224 »
1163 2174 1221 2229 id
1256 2178 1365 2241 est,
1381 2173 1440 2228 in
1472 2172 1829 2246 praedicatio-

168 2284 244 2324 ne
275 2265 700 2340 prophetarum
733 2266 790 2318 et
820 2261 1243 2335 apostolorum,
1260 2262 1575 2318 Cataracta:
1598 2260 1829 2335 proprie

167 2357 454 2415 dicuntur
482 2352 886 2426 aquaeductus.
919 2351 979 2407 id
1010 2355 1118 2420 est,
1153 2350 1319 2407 locus
1359 2351 1515 2406 unde
1563 2349 1746 2405 currit
1774 2353 1832 2404 et

169 2443 385 2502 ebullit
433 2459 632 2515 aqua:
676 2441 760 2497 ita
811 2441 999 2497 sancti
1048 2440 1296 2513 apostoli
1343 2444 1400 2495 et
1446 2439 1761 2513 prophetae,
1797 2454 1832 2493 a

170 2534 400 2608 quibus
432 2532 602 2588 nobis
631 2530 840 2587 deﬂuit
860 2548 993 2586 vera
1024 2529 1311 2586 doctrina.

243 2624 398 2680 Item
428 2638 654 2695 memor
696 2636 793 2676 ero
823 2619 932 2690 tui,
964 2623 1203 2692 propter
1239 2618 1369 2686 hoc,
1403 2618 1541 2690 quia
1576 2638 1603 2665 ‹‹
1634 2614 1832 2672 omnia

177 2712 416 2770 excelsa
444 2714 566 2777 tua,
606 2732 627 2759 ν
664 2709 721 2764 id
751 2712 860 2776 est,
901 2707 1197 2781 graviores
1245 2724 1450 2779 pinnae,
1480 2704 1659 2761 veluti
1705 2704 1834 2777 ipsa

168 2808 361 2869 mors,
393 2804 452 2856 et
483 2800 700 2854 ﬂuctus
732 2797 838 2863 tui,
873 2818 900 2846 n
934 2796 992 2850 id
1024 2800 1113 2851 est
1143 2795 1388 2851 leviores
1417 2810 1621 2866 pmnae,
1654 2792 1831 2848 veluti

166 2891 388 2958 fames,
419 2892 476 2944 et
506 2885 723 2945 similia
756 2908 783 2935 «
820 2884 1183 2940 transierunt
1214 2900 1391 2954 super
1421 2898 1534 2949 me,
1570 2904 1595 2931 η
1632 2881 1687 2935 id
1722 2884 1828 2947 est,

166 2978 311 3035 licet
344 2993 437 3032 me
469 2975 856 3045 submergant
876 2972 934 3027 in
956 2971 1066 3027 hac
1087 2971 1224 3038 vita,
1251 2975 1449 3026 tamen
1482 2970 1833 3042 quandoque

84 3084 93 3091 ·
162 3065 536 3123 transibunt.

240 3151 464 3211 Positis
492 3149 688 3205 causis
736 3164 917 3221 quare
967 3148 1176 3203 debeat
1226 3163 1451 3201 memor
1489 3163 1637 3214 esse,
1670 3145 1835 3217 ponit

166 3259 393 3301 causas
419 3256 520 3312 per
541 3254 689 3310 quas
713 3235 918 3310 possit.
935 3235 1308 3291 Continuatio
1330 3252 1341 3290 :
1362 3235 1496 3290 Ideo
1514 3235 1690 3291 etiam
1712 3250 1832 3288 me—

1934 666 2025 718 est
2058 663 2209 718 Deus
2241 662 2418 719 tuus?
2448 684 2476 714 »

2007 751 2317 808 Concludit
2365 769 2433 808 ex
2481 753 2755 808 omnibus
2805 752 3135 824 praepositis
3189 754 3406 822 causis,
3441 771 3507 811 ac
3537 753 3585 813 si

1938 839 2020 895 ita
2049 839 2268 895 diceret
2301 856 2313 895 :
2352 863 2379 891 ‹‹
2407 842 2551 907 Quia
2600 859 2668 898 ex
2703 842 2815 896 Deo
2847 841 3206 912 baptismum
3237 841 3443 911 habeo,
3479 844 3587 901 mi-

1938 929 2314 987 sericordiam
2349 933 2500 1003 apud
2538 948 2629 986 me
2662 930 3009 999 orationem,
3044 935 3102 986 et
3131 929 3247 987 alia
3272 948 3402 1003 qua:
3432 933 3591 990 dicta

1939 1024 2080 1075 sunt
2112 1035 2124 1074 :
2162 1020 2289 1075 ideo
2334 1023 2395 1075 tu
2432 1042 2457 1069 «ι
2494 1020 2693 1075 anima
2734 1036 2884 1087 mea,
2918 1041 2946 1070 ››
2984 1019 3041 1074 id
3087 1024 3195 1087 est,
3227 1019 3585 1090 animalitas,

1940 1126 2056 1164 non
2088 1110 2265 1164 debes
2298 1108 2657 1173 contristari,
2683 1113 2739 1164 et
2775 1130 2800 1157 ‹‹
2836 1125 3014 1180 quare
3060 1108 3248 1165 tristis
3277 1125 3361 1177 es,
3394 1110 3592 1167 anima

1940 1214 2071 1253 mea
2089 1198 2117 1253 ?
2140 1203 2203 1253 ut
2232 1216 2430 1270 supra.

2427 1287 2497 1341 IN
2542 1286 2890 1342 PSALMUM
2930 1286 3095 1342 XLII.

2225 1377 2503 1431 Trruws.
2547 1376 2611 1430 In
2638 1376 2802 1446 ﬁnem
2829 1376 3082 1431 Psalmus
3111 1377 3300 1432 David.

2015 1487 2041 1514 ‹‹
2075 1464 2286 1519 Judica
2317 1482 2430 1531 me,
2467 1465 2641 1519 Deus.
2678 1486 2704 1512 η
2742 1464 3011 1521 Psalmus
3041 1466 3153 1521 iste
3181 1467 3451 1523 convenit
3484 1468 3589 1522 Da-

1940 1554 2033 1610 vid
2067 1554 2123 1608 id
2158 1559 2265 1621 est,
2300 1553 2475 1609 alicui
2508 1554 2667 1622 justo
2699 1553 2915 1609 afﬂicto
2947 1555 3203 1612 miseriis
3231 1556 3410 1628 huius
3437 1555 3589 1627 vitae,

1941 1642 2204 1715 dirigens
2234 1660 2341 1698 nos
2373 1642 2433 1697 in
2466 1643 2665 1697 finem.
2701 1642 2945 1698 Materia
2977 1648 3064 1699 est
3110 1649 3331 1717 martyr
3377 1644 3592 1717 aliquis

1941 1732 2196 1788 afﬂictus
2228 1730 2433 1787 multis
2478 1731 2670 1797 malis,
2702 1732 2772 1786 de
2827 1748 2944 1803 qua
2986 1733 3068 1787 ita
3116 1733 3254 1807 agit.
3290 1734 3353 1789 In
3402 1734 3593 1806 prima

1939 1825 2105 1892 parte
2135 1821 2217 1875 ita
2247 1820 2501 1876 afﬂictus
2526 1821 2748 1891 justus,
2785 1820 2928 1892 petit
2958 1824 3195 1878 tandem
3226 1822 3484 1896 separari
3517 1824 3590 1880 ab

1941 1908 2160 1981 impiis.
2196 1908 2257 1964 In
2286 1910 2543 1965 secunda
2573 1913 2738 1981 parte
2767 1925 2831 1965 se
2856 1910 3111 1967 afﬁrmat
3140 1912 3499 1968 intraturum
3530 1911 3590 1967 in

1937 1996 2319 2053 secretarium
2367 1997 2490 2054 Dei.
2546 1998 2610 2053 In
2660 1998 2832 2054 tertia
2890 2003 3053 2072 parte
3100 2000 3371 2057 hortatur
3419 2017 3590 2057 suam

1938 2084 2391 2152 animalitatem,
2424 2091 2488 2141 ut
2519 2090 2712 2159 speret
2742 2087 2801 2141 in
2831 2087 3101 2144 Domino.
3137 2088 3393 2146 Intendit
3432 2090 3590 2146 enim

1938 2174 2266 2231 confortare
2295 2192 2464 2230 suam
2488 2174 2912 2232 animalitatem
2941 2182 2999 2232 et
3027 2176 3270 2234 debiles.

2009 2263 2131 2318 Vox
2162 2263 2435 2335 martyris
2466 2263 2747 2319 dicentis:
2775 2286 2795 2312 σι
2820 2264 3030 2320 Judica
3050 2266 3398 2322 me.Deus.»
3419 2267 3509 2332 Et,
3522 2281 3597 2323 ne

1940 2351 2366 2425 intelligeretur
2397 2351 2632 2424 penitus
2654 2352 2911 2423 judicari
2941 2352 3108 2422 velle,
3144 2354 3228 2410 ita
3254 2355 3412 2427 quod
3441 2355 3597 2411 Deus

1939 2439 2206 2497 intendat
2236 2457 2364 2512 quae
2396 2442 2519 2495 sint
2548 2440 2608 2495 in
2639 2457 2706 2496 eo
2756 2440 3020 2509 bona,.et
3050 2459 3177 2514 qua:
3228 2441 3404 2512 mala,
3439 2443 3595 2516 quod

1940 2531 2180 2602 quidem
2214 2529 2274 2584 in
2307 2528 2467 2585 omni
2491 2530 2656 2600 justo
2688 2533 2845 2586 esset
2873 2530 3229 2604 arrogantia,
3253 2531 3384 2588 ideo
3416 2532 3601 2588 deter-

1941 2619 2130 2674 minat
2162 2619 2457 2691 quomodo
2488 2622 2647 2690 petat
2669 2617 2948 2690 judicari,
2982 2618 3227 2687 scilicet,
3265 2644 3286 2669 ι
3333 2620 3600 2677 discerne

1940 2724 2183 2763 causam
2216 2724 2408 2763 meam
2441 2707 2511 2762 de
2542 2710 2713 2779 gente
2746 2724 2860 2762 non
2898 2713 3124 2775 sancta,
3159 2730 3187 2759 η
3224 2708 3281 2764 id
3313 2713 3422 2778 est,
3456 2725 3601 2765 con-

1942 2797 2134 2851 sidera
2159 2800 2342 2851 totam
2374 2794 2557 2849 vitam
2591 2810 2783 2850 meam
2815 2795 3130 2852 discretam
3176 2799 3234 2851 et
3264 2801 3596 2869 separatam

1942 2900 1977 2939 a
2022 2883 2139 2937 vita
2188 2883 2378 2954 gentis
2429 2899 2544 2937 non
2595 2887 2829 2950 sanctae,
2862 2887 2919 2937 et
2971 2884 3207 2940 tandem
3240 2902 3449 2956 separa
3477 2901 3594 2954 me,

1943 2971 2101 3042 quod
2135 2975 2225 3025 est
2256 2993 2283 3019 ‹‹
2317 2985 2473 3035 erue,
2508 2992 2533 3018 ››
2565 2970 2719 3040 quod
2765 2970 3028 3025 futurum
3080 2975 3169 3026 est
3215 2972 3277 3026 in
3318 2971 3544 3044 judicio
3578 2989 3592 3028 :

1946 3082 1974 3111 ‹‹
2006 3060 2077 3115 ab
2122 3058 2361 3113 homine
2409 3056 2631 3129 iniquo,
2666 3080 2693 3106 η
2731 3058 2787 3112 id
2839 3062 2949 3124 est,
2984 3059 3293 3116 manifeste
3344 3060 3591 3118 faciente

1943 3148 2118 3213 mala,
2157 3170 2183 3197 α
2216 3151 2274 3202 et
2305 3145 2526 3212 doloso,
2560 3168 2586 3195 »
2624 3146 2680 3200 id
2712 3150 2821 3213 est,
2855 3146 3078 3203 occulte
3107 3153 3372 3205 nocente.

2014 3239 2084 3292 Et
2128 3236 2303 3292 debes
2351 3251 2574 3304 eruere,
2611 3257 2637 3284 «
2670 3235 2809 3306 quia
2850 3240 2915 3291 tu
2966 3253 3049 3304 es,
3085 3236 3263 3307 Deus,
3312 3237 3594 3295 fortitudo

166 3351 307 3391 mor
331 3328 606 3401 ero,quia
641 3350 661 3377 α
698 3325 986 3382 Dominus
1008 3323 1325 3393 mandavit,
1356 3345 1385 3374 »
1417 3324 1475 3379 id
1498 3323 1834 3396 est,promi-
1863 3304 1907 3372 (ἶ
1947 3343 2096 3392 mea,
2130 3348 2158 3375 ››
2189 3324 2247 3378 id
2280 3329 2391 3392 est,
2417 3323 2654 3379 Creator
2683 3341 2871 3395 meus,
2903 3328 2961 3379 et
2989 3342 3170 3382 causa
3217 3327 3400 3383 totius
3451 3343 3595 3383 mea:

167 3423 252 3479 sit
286 3443 317 3472 «
353 3415 819 3474 misericordiam
853 3431 1024 3470 suam
1053 3413 1113 3469 in
1147 3413 1261 3479 die,
1296 3436 1322 3463 η
1358 3414 1416 3468 id
1467 3417 1576 3479 est,
1610 3412 1669 3467 in
1701 3430 1834 3485 pro«

169 3508 500 3584 speritate:
538 3528 565 3556 ‹‹
599 3509 656 3560 et
686 3507 878 3572 nocte,
915 3526 935 3551 υ
973 3501 1029 3558 id
1063 3507 1170 3570 est,
1207 3502 1584 3557 adversitatc:
1610 3519 1724 3557 non
1747 3501 1834 3556 di-

170 3616 312 3654 cam
345 3593 715 3666 simpliciter,
733 3592 834 3647 sed
871 3614 899 3641 ‹‹
931 3590 1228 3646 canticum
1262 3590 1456 3662 ejus,»
1493 3590 1682 3658 idest,
1708 3594 1836 3645 tan-

168 3691 304 3744 tam
337 3687 395 3740 et
425 3687 545 3738 tam
578 3679 952 3736 manifestam
984 3677 1469 3745 misericordiam,
1503 3695 1631 3750 qua:
1671 3676 1840 3733 nobis

170 3774 410 3832 confert
468 3786 744 3842 magnam
816 3766 1287 3823 exsultationem.
1344 3765 1472 3823 Alia
1538 3766 1841 3824 translatio

168 3864 363 3921 habet
395 3877 409 3916 :
442 3864 500 3916 et
529 3862 699 3914 nocte
729 3854 1128 3913 manifestavit
1152 3873 1282 3911 eam
1318 3855 1804 3911 misericordiam.

247 3949 429 4008 Ponit
478 3948 618 4004 item
667 3961 911 4003 causam
956 3962 1060 4016 per
1111 3961 1291 4015 quam
1340 3945 1527 4016 possit
1563 3962 1693 4000 esse
1726 3961 1846 3999 me—

171 4058 337 4098 mor.
372 4038 529 4093 Deus
561 4037 662 4091 dat
692 4033 838 4089 mihi
871 4032 1358 4097 misericordiam,
1392 4035 1450 4085 et
1484 4053 1511 4081 «
1544 4031 1726 4086 oratio
1759 4035 1850 4086 est

168 4129 341 4204 apud
375 4143 491 4192 me,
525 4145 552 4174 ››
583 4122 641 4178 id
688 4125 798 4187 est,
835 4119 1021 4174 habeo
1054 4120 1209 4190 apud
1263 4135 1359 4173 me
1411 4119 1698 4173 rationem
1750 4135 1853 4190 per

174 4230 372 4292 quam
402 4210 503 4268 Dei
538 4208 759 4282 possim
793 4224 921 4263 esse
943 4222 1170 4261 memor
1200 4222 1214 4259 :
1249 4205 1432 4260 oratio
1466 4204 1592 4259 dico
1625 4226 1653 4255 ‹‹
1682 4205 1798 4260 Deo
1821 4227 1848 4254 ››

179 4305 414 4370 debita,
449 4300 505 4356 id
537 4301 645 4365 est,
680 4297 754 4353 ad
786 4297 1069 4351 honorem
1118 4293 1221 4349 Dei
1255 4309 1268 4348 :
1321 4292 1438 4349 Deo
1485 4292 1614 4348 dico
1666 4292 1856 4349 datori

184 4417 216 4447 «ι
248 4394 390 4451 vita:
413 4406 553 4446 mea:
590 4404 602 4442 :
638 4408 665 4437 »
700 4402 819 4459 qua
848 4382 1109 4440 oratione
1140 4399 1245 4455 ego
1281 4403 1308 4431 α
1340 4380 1533 4436 dicam
1565 4381 1859 4449 Deo,Sus-

184 4485 402 4556 ceptor
431 4494 601 4534 meus
633 4493 717 4545 es,
752 4497 780 4524 »
815 4473 874 4528 id
907 4474 1017 4542 est,
1050 4487 1145 4526 me
1198 4469 1500 4525 infirmum
1547 4469 1860 4542 suscepisti

191 4572 273 4630 ad
308 4565 756 4642 protegendum.

1945 3413 2328 3480 fortitudinis,
2364 3417 2423 3469 et
2450 3412 2579 3468 ideo
2611 3436 2636 3463 ‹‹
2671 3429 2851 3485 quare
2885 3430 2977 3469 me
3007 3414 3298 3487 repulisti,
3332 3437 3359 3464 »
3388 3415 3447 3470 id
3485 3418 3596 3485 est,

1948 3521 2127 3578 quare
2149 3502 2441 3575 permittis
2474 3519 2565 3557 me
2600 3502 2679 3558 ita
2706 3502 2997 3569 tribulari,
3030 3504 3188 3576 quod
3236 3503 3435 3560 videar
3480 3521 3517 3559 a
3544 3508 3603 3561 te

1950 3592 2271 3666 repulsus?
2307 3614 2334 3642 «
2367 3592 2437 3646 Et
2485 3608 2662 3663 quare
2714 3592 2901 3648 tristis
2950 3591 3180 3662 incedo,
3213 3594 3356 3650 dum
3396 3592 3609 3667 afﬂigit

1952 3701 2045 3740 me
2075 3681 2350 3737 inimicus
2372 3680 2399 3735 ?
2433 3702 2458 3730 ι)
2494 3687 2557 3736 ut
2586 3699 2783 3753 supra.

2023 3770 2152 3827 Noli
2186 3768 2600 3842 repellerc,sed
2634 3770 2833 3841 potius
2858 3791 2884 3817 «
2917 3770 3120 3825 emitte
3151 3768 3343 3824 lucem
3375 3792 3403 3820 ››
3428 3770 3611 3840 adju-

1955 3861 2200 3926 dicium,
2233 3882 2259 3907 ‹‹
2297 3862 2354 3912 et
2376 3857 2679 3913 veritatem
2708 3862 2892 3927 tuam,
2931 3880 2951 3905 ιο
2989 3857 3048 3912 id
3088 3861 3198 3923 est,
3241 3856 3474 3925 Filium,
3507 3859 3609 3929 qui

1958 3948 2176 4003 dicitur
2204 3946 2304 4000 lux
2336 3944 2471 4016 quia
2500 3962 2606 3999 nos
2638 3942 2962 3999 illuminat:
2987 3942 3379 4016 veritas,quia
3408 3943 3467 3998 in
3483 3960 3611 4000 om-

1959 4036 2136 4093 nibus
2166 4050 2360 4101 verus,
2387 4038 2443 4087 et
2477 4055 2503 4082 ‹‹
2537 4033 2676 4104 quia
2706 4032 2866 4104 ipsae,
2895 4054 2922 4081 ››
2949 4031 3006 4087 id
3039 4035 3146 4099 est,
3172 4030 3272 4087 lux
3298 4035 3356 4088 et
3374 4033 3610 4104 veritas,

1962 4140 2055 4178 me
2082 4122 2452 4176 deduxerunt
2488 4142 2512 4167 η
2538 4120 2665 4190 jam
2695 4121 2766 4175 de
2816 4119 3039 4175 familia
3081 4119 3299 4176 diaboli
3334 4142 3362 4170 «
3402 4124 3460 4176 et
3506 4122 3615 4177 ad-

1963 4212 2259 4266 duxerunt
2288 4225 2381 4263 me
2410 4208 2471 4263 in
2504 4213 2764 4263 montem
2797 4213 3070 4265 sanctum
3094 4214 3285 4281 tuum,
3310 4233 3336 4259 ››
3355 4210 3536 4279 idest,
3551 4215 3620 4267 ut

1965 4313 2156 4355 essem
2188 4314 2359 4352 mons
2380 4300 2620 4353 sanctus
2638 4297 2761 4353 Dei.
2778 4302 2863 4366 Et,
2882 4314 2956 4354 ne
2976 4297 3444 4373 intelligeremus
3458 4298 3620 4356 hunc

1959 4387 2192 4460 justum
2217 4386 2344 4457 jam
2376 4384 2633 4457 positum
2665 4386 2725 4441 in
2754 4386 3088 4457 securitate,
3123 4388 3285 4443 addit
3315 4410 3343 4439 «
3374 4388 3508 4444 etin
3529 4390 3623 4444 ta-

1971 4473 2288 4531 bernacula
2316 4478 2435 4540 tua,
2462 4497 2482 4522 n
2521 4475 2577 4529 id
2610 4475 2793 4543 est,in
2825 4474 3068 4531 ecclesia
3091 4493 3207 4548 qua
3226 4475 3332 4532 tibi
3352 4474 3621 4531 militem.

2045 4563 2256 4635 Incipit
2285 4563 2355 4618 de
2386 4563 2645 4618 secunda
2673 4568 2836 4634 parte
2871 4580 2883 4617 :
2917 4562 3050 4618 Jam
3081 4581 3216 4619 sum
3255 4563 3625 4619 introductus

275 4654 767 4728 Quandoquidem
800 4667 892 4707 me
925 4646 1259 4721 suscepisti,
1298 4669 1325 4697 α
1359 4664 1536 4719 Quare
1559 4663 1695 4719 ergo
1727 4646 1868 4703 Obli-
1899 4671 1943 4735 υ
1978 4654 2034 4708 in
2067 4650 2463 4719 tabernacula,
2490 4656 2545 4706 et
2575 4668 2677 4723 per
2706 4651 2814 4707 hoc
2839 4651 3076 4708 tandem
3108 4675 3135 4701 «
3170 4651 3423 4708 introibo
3454 4652 3528 4708 ad
3551 4652 3630 4708 al-

195 4754 309 4804 tus
330 4762 394 4801 es
425 4742 585 4799 mei?
616 4765 642 4793 »
677 4746 735 4798 et
766 4738 1048 4813 supponit
1075 4752 1338 4803 causam,
1374 4753 1552 4807 quare
1586 4736 1741 4790 Deus
1773 4735 1865 4791 sui

1976 4748 2099 4799 tare
2129 4740 2250 4808 Dei,
2290 4764 2315 4789 ››
2348 4739 2572 4796 scilicet
2602 4764 2629 4789 «
2663 4741 2735 4797 ad
2767 4740 2972 4808 Deum,
3006 4762 3034 4790 ι)
3069 4741 3127 4796 id
3160 4745 3273 4812 est,
3304 4741 3626 4811 Christum,

194 4835 480 4894 videatur
509 4831 752 4900 oblitus,
786 4846 922 4885 cum
955 4826 1098 4882 dicit
1132 4843 1144 4879 :
1181 4847 1209 4874 ‹‹
1243 4825 1313 4879 Et
1352 4841 1531 4895 quare
1564 4825 1873 4880 contrista-

198 4928 315 4981 tus
346 4921 552 4977 incedo
576 4920 605 4974 ?
636 4942 665 4969 »
699 4919 858 4975 Licet
889 4914 1273 4972 contristatus
1303 4912 1400 4982 sit,
1452 4917 1649 4968 tamen
1700 4931 1760 4968 se
1800 4913 1872 4968 ad

200 5015 404 5072 Deum
432 5009 795 5065 incessanter
824 5005 1093 5061 incedere
1125 5002 1267 5057 dicit
1308 5000 1416 5056 iste
1453 5001 1657 5072 justus
1691 5019 1703 5056 :
1745 5001 1872 5057 ideo

204 5098 466 5158 dicendo
499 5095 881 5153 contristatus
916 5117 943 5144 κ
976 5093 1141 5158 dum,
1174 5113 1203 5142 η
1237 5090 1295 5145 id
1343 5094 1453 5159 est,
1486 5090 1628 5162 quia
1661 5112 1687 5141 «
1721 5090 1874 5146 afﬂi-

204 5190 305 5266 git
335 5203 429 5242 me
458 5184 760 5241 inimicus.
797 5206 825 5235 ››

292 5276 410 5332 Nec
440 5279 672 5331 tantum
706 5272 916 5346 afﬂigit
947 5288 1040 5326 me
1074 5269 1231 5325 mala
1262 5266 1550 5335 faciendo,
1574 5268 1675 5324 sed
1697 5269 1875 5324 etiam

211 5363 725 5437 exprobrando,et
751 5361 860 5417 hoc
890 5363 1009 5416 est:
1049 5381 1076 5409 «
1108 5359 1249 5413 dum
1282 5356 1734 5429 confringuntur
1749 5375 1886 5413 ossa

213 5470 379 5518 mea,
433 5474 461 5502 »
514 5451 573 5507 id
624 5454 732 5516 est,
788 5450 930 5505 dum
979 5449 1064 5504 sic
1113 5444 1367 5520 graviter
1406 5443 1675 5513 tribulor,
1729 5447 1883 5518 quod

214 5541 685 5613 confringuntur
714 5556 849 5595 ossa
880 5554 1037 5604 meu,
1072 5537 1131 5591 id
1163 5540 1272 5602 est,
1307 5534 1514 5588 robora
1532 5550 1681 5604 mea,
1706 5539 1762 5589 et
1782 5554 1881 5606 pa-

216 5630 437 5688 tientia
453 5646 604 5696 mea,
619 5631 904 5700 quantum
920 5628 990 5683 ad
1004 5625 1339 5698 opinionem
1356 5638 1641 5689 meorum,
1653 5645 1679 5673 ‹‹
1692 5622 1771 5678 ini
1783 5624 1883 5679 mi-

223 5720 283 5777 ci
317 5719 429 5774 mei
453 5718 553 5790 qui
575 5716 862 5773 tribulant
885 5714 1498 5786 me,exprobraverunt
1519 5709 1665 5765 mihi
1682 5713 1882 5781 dum,»

1982 4828 2271 4897 scilicet,«
2306 4828 2404 4900 qui
2432 4828 2689 4884 lzetiﬂcat
2709 4829 3079 4901 juventutcin
3118 4845 3331 4900 meam,
3365 4851 3395 4880 γ’
3428 4830 3486 4884 id
3519 4833 3628 4897 est,

1974 4921 2354 4992 juvenescerc
2383 4917 2556 4972 faciet
2577 4918 2946 4987 juventutem
2996 4918 3189 4974 dando
3221 4917 3631 4975 immortalita-

1983 5012 2100 5062 tem
2150 5010 2208 5063 et
2247 5004 2803 5078 impassihilitatem.
2833 5001 3061 5061 Dicitur
3108 5005 3378 5062 Christus
3428 5006 3631 5073 altare,

1985 5096 2125 5169 quia
2154 5110 2257 5168 per
2287 5111 2420 5150 eum
2449 5094 2782 5151 oﬂ‘errimus
2811 5094 3105 5152 orationes
3127 5099 3359 5152 nostras
3387 5095 3524 5151 Deo.

2058 5185 2128 5239 Et
2156 5184 2295 5256 quia
2325 5182 2599 5252 introibo,
2627 5183 2754 5254 jam
2792 5204 2819 5231 ι(
2860 5182 3180 5239 conﬁtebor
3206 5182 3336 5250 tibi,
3371 5205 3400 5235 ››
3435 5182 3493 5238 id
3523 5185 3637 5254 est,

1985 5272 2239 5328 laudabo
2269 5277 2325 5329 te
2356 5272 2414 5327 in
2458 5272 2569 5328 hac
2616 5272 2734 5327 vita
2779 5294 2807 5320 ‹‹
2862 5271 2921 5326 in
2955 5271 3215 5344 cythara,
3252 5294 3279 5320 »
3328 5271 3389 5326 id
3438 5275 3547 5341 est,
3577 5269 3638 5326 in

1994 5361 2444 5417 mortihcatione
2494 5361 2688 5417 carnis
2723 5378 2735 5415 :
2787 5360 2892 5415 tibi
2941 5360 3092 5432 dico,
3138 5384 3165 5412 ‹‹
3202 5362 3351 5418 Deus
3383 5376 3573 5416 meus.
3609 5381 3638 5411 »

1994 5451 2099 5505 Hic
2131 5449 2337 5521 incipit
2363 5450 2433 5504 de
2465 5449 2639 5505 tertia
2671 5454 2855 5522 parte.
2889 5448 2975 5503 Ad
3023 5449 3131 5506 hoc
3173 5449 3471 5522 jungitur,
3505 5448 3645 5521 quia

1994 5555 2100 5610 ego
2131 5537 2384 5592 introibo
2415 5537 2488 5592 ad
2520 5537 2701 5592 altare
2736 5537 2851 5593 Dei.
2891 5560 2918 5587 ‹‹
2961 5540 3149 5604 Quare
3187 5562 3212 5587 ι»
3244 5555 3351 5610 ego
3387 5560 3414 5587 ‹‹
3447 5537 3646 5593 anima

1995 5645 2146 5696 mea,
2180 5652 2205 5676 ››
2239 5626 2294 5682 id
2318 5631 2425 5694 est,
2463 5627 2799 5684 animalitas
2834 5645 2963 5684 mea
2991 5652 3017 5676 ‹‹
3051 5628 3237 5684 tristis
3268 5628 3370 5684 es?
3398 5650 3421 5677 ι)
3455 5630 3512 5683 et
3533 5624 3649 5683 alia

1994 5721 2060 5772 ut
2091 5717 2149 5772 in
2181 5716 2293 5773 alio
2326 5716 2574 5788 psalmo.
