3914 6378
342 453 460 513 843

379 571 390 584 ’
822 602 893 658 IN
934 598 1283 657 PSALMUM
1323 598 1513 655 XLIII.

342 737 615 791 Trruws.
651 732 713 786 In
742 730 905 800 ﬁnem
935 726 1005 784 ad
1054 726 1389 800 intellectum
1436 726 1572 795 ﬁliis
1624 724 1797 783 Chore
1847 724 1997 795 psal-

993 816 1116 855 mus
1147 799 1339 855 David.

413 953 442 980 ‹‹
476 930 629 984 Deus
661 927 903 983 auribus
934 926 1171 981 nostris.
1213 947 1240 975 »
1273 923 1542 980 Psalmus
1575 923 1685 978 iste
1718 920 2004 995 praeponi-

340 1022 441 1075 tur
464 1016 601 1073 filiis
632 1017 839 1083 Chore,
871 1016 928 1071 id
959 1020 1066 1089 est,
1100 1014 1476 1081 Christianis,
1510 1014 1580 1069 ad
1635 1011 1998 1068 intellectum

342 1105 943 1173 habendum,scilicet
974 1111 1038 1162 ut
1063 1106 1396 1179 intelligant
1418 1122 1520 1179 per
1539 1103 1885 1177 temporalia
1905 1105 2003 1159 bo-

342 1218 423 1256 na
454 1201 589 1256 data
620 1198 859 1270 antiquo
882 1197 1113 1270 populo.
1150 1197 1481 1269 signiﬁcata
1512 1212 1639 1250 esse
1671 1193 2003 1266 spiritualia

341 1291 662 1362 bona,quae
685 1288 813 1359 jam
846 1288 1060 1342 dantur
1079 1286 1408 1342 Christiano
1441 1283 1751 1357 populo,et
1772 1282 2001 1355 plenius

344 1380 649 1436 dabuntur
670 1377 726 1432 in
752 1378 948 1432 futuro
976 1375 1112 1432 ﬁliis
1134 1375 1339 1447 Chore,
1356 1374 1593 1429 directis
1612 1371 1673 1427 in
1697 1372 1871 1426 finem
1901 1388 2003 1443 per

341 1470 506 1527 hunc
537 1467 921 1524 intellectum.
942 1465 1185 1521 Materia
1207 1467 1347 1521 sunt
1370 1467 1676 1536 martyres,
1693 1461 1789 1534 qui
1823 1460 1999 1516 etiam

341 1559 691 1632 loquuntur.
726 1556 970 1613 Modus:
993 1556 1055 1611 In
1088 1554 1279 1627 prima
1309 1556 1471 1626 parte
1502 1551 1668 1624 ponit
1693 1552 1846 1606 bona
1872 1567 1999 1622 quae

342 1648 486 1706 facit
514 1652 667 1703 Deus
711 1645 849 1701 huic
890 1643 1126 1717 populo,
1164 1659 1297 1698 cum
1330 1641 1767 1714 comparatione
1797 1654 2000 1695 eorum

278 1774 284 1780 ο
343 1757 479 1813 quae
507 1737 641 1793 fecit
671 1735 849 1809 priori
882 1733 1097 1808 populo
1132 1750 1143 1788 :
1179 1732 1494 1788 ostendens
1523 1731 1646 1786 hzec
1678 1746 1807 1786 esse
1834 1733 2000 1786 aeter-

345 1847 449 1898 na,
480 1844 615 1885 cum
648 1826 751 1882 illa
782 1824 1035 1881 fuissent
1064 1820 1427 1894 temporalia.
1453 1821 1517 1875 ln
1552 1820 1811 1875 secunda
1840 1824 2003 1892 parte

346 1917 517 1993 ponit
546 1914 704 1972 mala
735 1930 864 1986 qua:
894 1910 1148 1969 sustinet
1179 1911 1236 1966 in
1269 1908 1379 1966 hac
1407 1909 1546 1980 vita,
1582 1908 1850 1982 quamvis
1884 1909 2005 1965 sint
2031 1949 2080 2017 Β

347 2008 410 2065 in
442 2007 641 2064 futuro
672 2001 929 2060 habituri
964 2000 1153 2057 multa
1191 1999 1364 2055 bona.
1399 1999 1560 2065 Quod
1614 2002 1808 2054 autem
1850 1997 2000 2069 justi

347 2098 409 2154 in
440 2096 550 2153 hac
578 2094 699 2149 vita
723 2091 1032 2166 patiuntur
1059 2082 1405 2163 temporalia
1434 2087 1609 2156 mala,
1644 2092 1847 2144 contra
1890 2088 2002 2144 hoc

347 2189 459 2257 est,
492 2183 648 2258 quod
680 2178 905 2255 priores
927 2179 1076 2252 justi
1108 2176 1309 2251 populi
1337 2175 1741 2233 liberabantur
1789 2196 1822 2234 a
1870 2194 2002 2234 cor-

347 2271 651 2348 poralibus
682 2267 875 2326 malis.
907 2268 969 2325 In
1002 2268 1174 2324 tertia
1197 2270 1361 2340 parte
1392 2272 1520 2323 orat
1546 2266 1780 2323 liberari
1814 2284 1849 2323 a
1877 2284 2002 2323 ma-

346 2364 423 2421 lis
453 2361 635 2434 hujus
662 2359 815 2416 vitae.
848 2356 1101 2414 Intentio
1133 2360 1222 2412 est
1250 2355 1494 2412 invitare
1527 2357 1597 2412 ad
1633 2354 1999 2428 patientiam.

419 2450 545 2507 Vox
591 2451 918 2520 martyrum
977 2443 1411 2501 ostendentium
1472 2458 1598 2518 quae
1658 2445 1811 2501 bona
1867 2445 2005 2502 fecit

352 2545 505 2600 Deus
536 2535 796 2610 antiquis
843 2534 1130 2609 patribus,
1164 2551 1300 2590 cum
1348 2533 1553 2591 dicunt
1585 2551 1597 2590 :
1633 2558 1661 2584 «
1694 2535 1849 2590 Deus
1895 2552 2004 2591 nos

352 2627 711 2695 audivimus,
762 2647 791 2675 π
836 2628 895 2682 et
939 2641 1055 2681 non
1106 2623 1233 2680 sine
1261 2622 1674 2697 intelligentia,
1706 2625 1804 2681 sed
1838 2648 1866 2675 «
1899 2640 2002 2680 au-

350 2719 520 2777 ribus
552 2716 790 2782 nostris,
830 2737 857 2765 η
890 2714 951 2771 id
988 2719 1097 2787 est,
1131 2731 1265 2771 cum
1316 2713 1722 2788 intelligentia,
1756 2730 1883 2788 qua:
1915 2714 2006 2771 est

350 2806 594 2866 interior
635 2804 773 2874 oris,
806 2807 863 2861 et
907 2802 1019 2860 hoc
1063 2819 1179 2859 non
1232 2820 1266 2859 a
1312 2802 1672 2875 quicunque,
1706 2804 1805 2859 sed
1838 2826 1865 2853 ‹‹
1901 2819 2004 2876 pa-

351 2903 472 2957 tres
503 2893 709 2966 nostri,
744 2916 773 2943 η
804 2892 862 2949 id
897 2895 1007 2965 est,
1031 2891 1373 2965 patriarchae
1406 2894 1463 2948 et
1488 2891 1807 2965 prophetas,
1839 2915 1866 2942 ‹‹
1900 2909 2004 2947 an-

351 2985 771 3045 nuntiaverunt
796 2980 970 3039 nobis
1008 3004 1034 3031 ››
1062 2998 1180 3039 non
1211 2979 1382 3054 quasi
1415 2978 1709 3050 ftctitium,
1743 2981 1845 3037 sed
1879 2997 2004 3037 rem

348 3082 569 3135 Veram.

426 3188 454 3217 κ
486 3163 607 3221 Hoc
638 3158 1136 3219 annuntiaverunt
1174 3181 1202 3209 ››
1257 3176 1407 3233 opus
1453 3159 1609 3231 quod
1640 3162 1914 3234 operatus
1945 3174 2008 3216 es

353 3255 416 3313 in
448 3250 657 3311 diebus
680 3266 885 3308 eorum
916 3248 975 3305 in
1008 3249 1216 3306 diebus
1248 3247 1529 3321 antiquis,
1560 3248 1645 3303 ita
1689 3246 1955 3321 legemus
1989 3264 2003 3303 :

772 449 1182 511 HAYMONIS
1219 446 1756 508 IIALBER‘STAT.
1786 430 2032 506 EPiSC.
2064 442 2241 506 opp.
2270 442 2473 505 PARS
2503 444 2553 505 I.
2590 476 2667 488 -
2693 441 3100 515 COMMENT.
3136 441 3333 503 BIBL.
3374 456 3394 466 ε

2023 566 2082 644 Α
2111 575 2341 649 fugaret
2367 576 2586 645 decem,
2612 599 2641 626 «
2673 580 2731 632 et
2760 573 3139 643 illuminatio,
3160 596 3188 624 »
3220 573 3277 629 id
3309 574 3418 642 est,
3442 572 3758 631 consiliuiﬁ

3637 429 3760 501 3M

2111 683 2260 738 quos
2291 665 2421 721 illos
2454 664 2854 732 illuminabas,
2884 668 2949 720 ut
2978 664 3213 737 quando
3243 680 3346 737 per
3392 662 3640 719 insidias
3667 679 3764 720 eo-

2112 771 2242 810 rum
2275 755 2504 826 aliquos
2539 754 2841 811 devincere
2874 753 3129 810 faciebas
3163 771 3176 809 :
3226 770 3353 826 quas
3402 751 3762 810 illuminatio

2111 847 2235 900 erat
2263 869 2288 893 ‹‹
2322 843 2521 899 vultus
2553 844 2659 913 tui,
2700 867 2726 893 »
2758 844 2816 899 id
2866 846 2975 913 est,
3009 844 3330 915 procedens
3377 860 3446 898 ex
3490 841 3615 899 sola
3659 858 3765 898 vo-

2109 932 2337 988 luntate
2385 936 2488 990 tua
2534 951 2607 990 ne
2661 932 2816 1005 quod
2855 932 2965 988 hoc
2994 931 3228 988 volebas
3256 936 3494 1005 propter
3521 930 3767 1003 aliquod

2113 1023 2388 1078 meritum
2422 1039 2646 1091 eorum,
2681 1023 2783 1079 sed
2832 1039 3013 1094 agens
3062 1020 3146 1077 ita
3189 1045 3215 1071 ‹‹
3249 1020 3528 1093 quoniam
3574 1020 3633 1076 in
3676 1021 3772 1078 eis

2112 1111 2518 1185 complacuisti
2560 1135 2585 1160 η
2618 1112 2750 1179 tibi,
2780 1111 2869 1167 vel
2902 1112 3017 1167 Deo
3049 1110 3226 1167 Patri.

2182 1203 2253 1256 Et
2301 1201 2441 1273 quia
2489 1205 2613 1256 «tu
2664 1201 2788 1273 ipse
2823 1224 2850 1249 ››
2899 1200 3008 1256 hoc
3061 1200 3247 1257 fecisti
3296 1199 3401 1269 eis,
3446 1224 3473 1250 α
3509 1217 3571 1256 es
3605 1221 3631 1249 υ
3663 1216 3777 1256 rex

2112 1304 2278 1345 meus
2309 1294 2367 1348 et
2398 1290 2551 1346 Deus
2598 1306 2785 1359 meus,
2821 1314 2848 1339 ‹‹
2884 1293 2947 1345 tu
2997 1290 3142 1362 ipse,
3176 1290 3327 1359 dico,
3362 1289 3463 1364 qui
3516 1290 3777 1346 mandas

2112 1379 2332 1435 salutes
2362 1379 2565 1447 Jacob,
2597 1404 2624 1429 ››
2652 1380 2706 1435 id
2741 1384 2849 1450 est,
2881 1380 3049 1435 nobis
3087 1380 3498 1449 luctatoribus,
3533 1380 3631 1453 qui
3663 1395 3781 1452 per

2110 1466 2290 1524 Jacob
2323 1468 2747 1539 signiﬁcamur.
2780 1468 2883 1523 Vel
2915 1469 3116 1537 Jaceb,
3152 1469 3209 1523 id
3241 1473 3352 1539 est,
3382 1469 3629 1526 Judaico
3662 1485 3781 1543 po-

2112 1555 2269 1630 pulo,
2303 1558 2403 1630 qui
2435 1562 2673 1613 vocatus
2704 1557 2816 1614 fuit
2842 1558 3044 1614 Jacob.

2183 1646 2272 1700 Tu
2304 1662 2366 1701 es
2414 1659 2513 1700 rex
2545 1662 2734 1711 meus,
2770 1649 2828 1701 et
2858 1662 3039 1702 cornu
3089 1648 3383 1713 nostrum,
3428 1669 3457 1696 (ι
3510 1648 3569 1704 et
3617 1646 3679 1701 in‘
3721 1648 3790 1703 te

2112 1750 2294 1789 cornu
2329 1757 2356 1781 ››
2386 1738 2607 1805 nostro,
2637 1733 2696 1790 id
2730 1738 2840 1803 est,
2874 1733 3211 1791 defensione
3234 1738 3437 1791 nostra
3467 1758 3496 1785 ‹‹
3527 1734 3793 1793 Ventile-

2112 1818 2330 1891 bimus,
2370 1834 2397 1872 ἠ
2429 1823 2486 1879 id
2510 1818 2617 1892 est,
2652 1823 3029 1897 projiciemus
3059 1824 3117 1880 et
3138 1823 3548 1897 dispergemus
3578 1820 3793 1880 inimi-

2112 1930 2211 1969 cos
2239 1917 2471 1968 nostros
2505 1934 2531 1961 ››
2563 1915 2682 1968 tam
2715 1911 2979 1969 carnales
3010 1929 3190 1986 quam
3223 1911 3579 1986 spirituales,
3610 1904 3788 1986 quod

2110 2002 2376 2058 futurum
2408 2003 2497 2058 est
2525 1992 2584 2057 in
2607 2000 2859 2074 judicio,
2892 2001 2992 2058 ubi
3025 2000 3163 2059 boni
3205 2020 3239 2057 a
3268 1999 3442 2058 malis
3490 2019 3785 2076 separan-

2110 2093 2227 2146 tur.
2264 2091 2369 2147 Pcr
2400 2107 2581 2146 cornu
2622 2090 2751 2147 ideo
2802 2089 3126 2164 accipimus
3175 2088 3595 2159 defensionem,
3628 2088 3788 2164 quia

2111 2178 2390 2236 cornibus
2438 2179 2762 2235 defendunt
2802 2197 2865 2235 se
2915 2178 3195 2237 animalia
3227 2197 3240 2235 :
3275 2184 3329 2236 et
3369 2176 3670 2250 ventilant,
3709 2170 3781 2237 id

2111 2272 2219 2338 est,
2255 2272 2531 2340 separant
2560 2285 2593 2323 a
2621 2284 2683 2323 se
2715 2266 3017 2334 animalia,
3052 2286 3081 2318 «
3114 2270 3172 2324 et
3214 2267 3275 2323 in
3324 2267 3561 2325 nomine
3602 2273 3707 2325 tuo
3748 2291 3782 2345 xy

2111 2356 2253 2431 quia
2281 2354 2377 2411 hic
2406 2356 2694 2412 habemus
2728 2372 2940 2412 nomen
2973 2359 3167 2423 tuum,
3200 2356 3423 2413 scilicet
3453 2350 3783 2415 Christiani

2111 2461 2321 2501 sumus
2355 2462 2368 2501 :
2423 2468 2451 2495 ‹‹
2486 2462 2835 2517 spernemus
2871 2467 2898 2495 »
2949 2444 3087 2501 item
3137 2445 3198 2501 in
3240 2445 3470 2520 judicio
3512 2470 3540 2497 κ
3573 2446 3783 2503 insur-

2112 2538 2315 2607 gentes
2348 2557 2375 2583 »
2409 2534 2469 2589 in
2499 2533 2738 2590 bacvita
2759 2534 2862 2589 «in
2877 2551 3005 2591 nos.
3025 2558 3051 2584 »
3068 2535 3355 2607 Eccejam
3380 2534 3439 2591 in
3461 2535 3574 2592 hoc
3597 2550 3780 2593 versu

2112 2623 2369 2679 ostendit
2390 2639 2496 2679 nos
2518 2622 2823 2680 habituros
2842 2625 3057 2679 zeterna
3078 2623 3251 2693 bona,
3280 2640 3408 2697 quas
3427 2623 3598 2699 longe
3630 2629 3784 2682 sunt

2114 2712 2359 2768 meliora
2371 2711 3777 2788 temporalibus,qua3habueruntantiguipatres.

2183 2801 2253 2857 Et
2275 2799 2423 2857 bene
2453 2800 2605 2873 dico,
2639 2801 2793 2875 quod
2824 2800 2884 2856 in
2920 2805 2975 2857 te
3007 2798 3422 2858 ventilabimus
3452 2806 3509 2859 et
3537 2819 3779 2877 sperne-

2115 2907 2250 2946 mus
2280 2889 2572 2955 inimicos,
2609 2889 2749 2963 quia
2780 2907 2884 2964 per
2914 2908 3022 2947 nos
3053 2908 3358 2964 nunquam
3412 2890 3522 2948 hoc
3550 2892 3775 2965 poteri-

2115 2995 2251 3034 mus
2285 2995 2297 3034 :
2332 2982 2391 3034 et
2420 2977 2530 3033 hoc
2561 2978 2704 3035 dicit
2729 3002 2758 3029 ‹‹
2788 2996 2902 3035 non
2937 2978 3095 3035 enim
3122 2976 3181 3035 in
3215 2997 3355 3037 arcu
3402 2997 3530 3038 meo
3560 2998 3770 3054 spera-

2115 3068 2190 3124 bo
2224 3090 2251 3117 »
2283 3067 2342 3123 in
2375 3067 2585 3123 minori
2608 3067 2949 3124 fortitudine
2980 3085 3127 3137 mea,
3145 3092 3171 3118 α
3193 3073 3250 3125 et
3269 3068 3501 3143 gladius
3525 3087 3712 3140 meus,
3734 3093 3766 3121 ιο

2116 3156 2173 3212 id
2205 3161 2318 3226 est,
2349 3157 2540 3229 major
2565 3157 2654 3213 vis
2685 3174 2816 3212 mea
2846 3180 2874 3207 ‹‹
2910 3175 3024 3215 non
3058 3157 3304 3214 salvabit
3334 3175 3446 3215 me.
3485 3181 3511 3209 »

2187 3246 2257 3301 Et
2284 3262 2415 3302 vere
2446 3263 2561 3302 non
2593 3244 2844 3302 salvabit
2875 3263 2968 3302 me
2998 3243 3233 3320 gladius
3261 3246 3346 3303 vel
3380 3258 3548 3304 arcus
3570 3264 3769 3320 meus,

354 3340 557 3402 Patres
586 3339 769 3397 nostri
805 3336 1301 3394 annuntiaverunt
1330 3320 1500 3393 nobis
1519 3352 1667 3409 opus
1698 3320 1853 3410 quod
1876 3353 2006 3410 ope-
2034 3320 2081 3390 (ἶ
2118 3334 2256 3407 quia
2285 3338 2349 3390 tu
2382 3333 2543 3392 solus
2573 3334 2768 3408 potius
2799 3334 3074 3404 salvabis,
3094 3340 3152 3391 et
3181 3335 3291 3393 hoc
3313 3335 3454 3392 dicit
3476 3361 3502 3387 ‹‹
3526 3326 3767 3394 salvasti

358 3434 522 3487 ratus
552 3440 615 3484 es
642 3428 703 3482 in
735 3424 944 3482 diebus
978 3441 1181 3481 eorum
1213 3441 1227 3480 :
1258 3426 1413 3481 sicut
1442 3425 1501 3480 in
1549 3424 1856 3482 eductione
1906 3440 2009 3499 per

357 3532 522 3575 mare
546 3514 838 3585 Rubrum,
873 3513 931 3569 et
960 3511 1076 3569 alia
1105 3512 1544 3585 hujusmodi,et
1572 3513 1751 3569 etiam
1783 3529 1851 3570 ea
1879 3518 2007 3587 quae

357 3603 548 3664 fecisti
579 3602 640 3659 in
667 3600 874 3658 diebus
906 3601 1186 3674 antiquis,
1219 3605 1285 3657 ut
1332 3602 1404 3657 de
1453 3602 1744 3658 creatione
1793 3602 1921 3658 caeli
1954 3602 2011 3659 et

357 3699 545 3764 terrae,
579 3697 638 3749 et
666 3708 737 3748 ea
766 3707 893 3764 quis
914 3688 1101 3747 fecisti
1128 3688 1291 3761 Abel,
1324 3689 1464 3763 Noe,
1494 3694 1604 3747 etc.

424 3764 546 3839 Hoc
576 3796 746 3855 opus,
780 3778 1025 3851 scilicet,
1062 3801 1091 3828 «
1125 3794 1339 3835 manus
1369 3782 1492 3849 tua,
1529 3801 1557 3828 »
1587 3778 1645 3835 id
1679 3782 1786 3847 est,
1812 3795 2008 3853 cpera-

354 3870 438 3930 tio
468 3874 573 3927 tua
601 3892 630 3921 ‹‹
661 3871 866 3943 gentes
912 3865 1281 3940 disperdidit,
1327 3890 1354 3917 »
1404 3869 1476 3924 de
1526 3866 1644 3923 illis
1691 3866 1831 3924 dicit
1879 3870 2008 3943 quas

354 3958 521 4035 prius
550 3955 901 4014 habitabant
927 3955 987 4012 in
1008 3960 1164 4012 terra
1180 3955 1613 4028 promissionis,
1628 3980 1655 4005 «
1677 3961 1733 4012 et
1754 3954 1886 4030 plan
1896 3961 2008 4014 tas-

351 4048 418 4119 ti,
456 4069 484 4099 n
516 4045 574 4103 id
600 4051 712 4115 est,
745 4043 993 4102 firmiter
1022 4044 1301 4101 stabilisti
1335 4045 1393 4102 in
1425 4050 1582 4102 terra
1609 4045 1844 4102 illarum
1868 4063 2007 4121 gen-

352 4128 504 4194 tium
536 4154 565 4186 α
598 4148 719 4206 eos,
744 4157 772 4183 η
795 4134 853 4190 id
879 4139 988 4205 est,
1023 4138 1219 4206 patres
1251 4138 1484 4191 nostros
1510 4151 1522 4191 :
1547 4138 1603 4191 et
1634 4152 1705 4191 ne
1736 4138 2008 4209 putaren-

349 4228 451 4283 tur
476 4224 589 4282 illae
620 4224 826 4297 gentes
857 4221 1099 4291 debiles,
1135 4221 1352 4294 quibus
1392 4222 1505 4280 cito
1551 4227 1707 4280 terra
1739 4242 1846 4281 sua
1894 4242 2003 4281 au-

353 4314 626 4381 ferretur,
658 4310 859 4368 subdit
890 4326 903 4366 :
940 4333 967 4360 ‹‹
1009 4308 1280 4366 Afﬂixisti
1330 4311 1577 4385 populos
1612 4334 1638 4361 »
1691 4313 1749 4368 in
1795 4314 2004 4387 primis

351 4426 381 4454 «
413 4408 470 4460 et
502 4422 529 4451 η
562 4399 773 4458 deinde
791 4394 994 4455 multis
1012 4397 1203 4455 modis
1221 4398 1471 4456 afflictos
1488 4424 1516 4450 ‹‹
1536 4400 1808 4474 expulisti
1832 4419 1951 4458 eos.
1975 4414 2003 4452 ἡ

421 4491 494 4549 Et
524 4506 597 4548 ne
624 4482 813 4549 Judaei
845 4486 955 4545 hoc
988 4504 1108 4545 suae
1140 4489 1490 4561 deputarent
1521 4490 1820 4563 probitati,
1863 4490 2006 4548 dicit

346 4580 462 4637 hbe
510 4586 627 4637 non
676 4595 745 4636 ex
794 4577 961 4652 ipsis,
996 4574 1097 4635 sed
1131 4595 1199 4633 ex
1231 4579 1358 4652 ipso
1388 4576 1506 4635 Deo
1555 4579 1668 4635 sibi
1719 4580 1999 4637 evenisse.

2117 3423 2273 3479 enim
2308 3440 2415 3479 nos
2448 3424 2519 3479 de
2551 3423 2956 3497 affligentibus
2980 3441 3086 3481 nos
3124 3449 3151 3475 ››
3183 3425 3241 3480 in
3269 3424 3379 3481 hac
3408 3426 3543 3495 vita,
3568 3430 3625 3483 et
3646 3443 3768 3484 non

2118 3516 2350 3569 tantum
2395 3511 2724 3586 afﬂigcntes
2756 3530 2883 3582 nos,
2926 3515 3028 3569 sed
3061 3537 3089 3565 α
3124 3514 3298 3571 etiam
3348 3516 3608 3571 edientes
3656 3532 3770 3573 nos

2118 3600 2456 3669 confudisti,
2492 3624 2521 3651 ››
2554 3601 2612 3657 id
2643 3606 2750 3670 est,
2782 3602 3128 3672 confundas,
3149 3604 3383 3677 quando
3405 3604 3628 3661 dicetur
3642 3594 3769 3662 eis:

2120 3688 2407 3746 Discedite
2437 3706 2471 3745 a
2500 3706 2612 3758 me,
2630 3688 2946 3762 maledicti,
2963 3688 3021 3745 in
3043 3689 3240 3764 ignem
3254 3695 3557 3747 aeternum.
3572 3680 3771 3749 Potest

2117 3777 2214 3835 hic
2242 3795 2447 3834 versus
2478 3777 2591 3853 legi
2623 3779 2693 3835 de
2723 3778 2818 3836 his
2836 3796 2962 3853 quzs
2993 3779 3131 3836 facit
3150 3780 3307 3837 Deus
3324 3778 3595 3836 fidelibus
3613 3778 3770 3850 suis,

2118 3867 2177 3923 in
2200 3866 2310 3923 hac
2324 3866 2464 3939 vita,
2486 3866 2649 3923 utsic
2669 3870 3064 3924 continuetur.
3086 3860 3285 3926 Securi
3309 3885 3623 3941 possumus
3634 3885 3765 3926 esse

2118 3956 2271 4029 quod
2305 3954 2364 4010 in
2396 3959 2452 4011 te
2482 3955 2923 4023 ventilabim‘us,
2943 3972 3288 4029 spernemus
3315 3955 3605 4028 inimicos,
3625 3957 3767 4031 quia

2117 4046 2180 4101 tu
2204 4045 2333 4117 jam
2366 4042 2601 4101 salvasti
2636 4061 2742 4100 nos
2771 4045 2841 4100 de
2872 4042 3293 4119 afﬂigentibus,
3313 4062 3384 4102 ne
3404 4062 3510 4102 nos
3525 4034 3765 4119 possent

2116 4152 2150 4189 a
2180 4133 2333 4189 bono
2364 4130 2749 4202 rctrahere,ot
2771 4133 3034 4190 odientes
3064 4151 3171 4190 nos
3201 4126 3537 4202 confudisti,
3565 4149 3635 4191 ex
3653 4124 3763 4192 hoc

2115 4224 2273 4297 quod
2305 4240 2419 4279 non
2451 4226 2769 4295 potuerunt
2800 4223 3165 4279 conformare
3206 4240 3311 4279 nos
3341 4223 3474 4281 sibi.
3506 4212 3577 4279 Et
3624 4222 3763 4297 quia

2114 4311 2353 4368 salvasti
2385 4310 2658 4385 nos,ideo
2688 4336 2716 4360 «
2749 4308 3125 4368 laudabimur
3155 4335 3180 4360 η
3204 4328 3321 4368 non
3352 4315 3583 4368 tantum
3613 4328 3647 4367 a
3668 4312 3764 4369 bo-

2114 4401 2343 4469 nis,sed
2375 4398 2548 4456 etiam
2582 4417 2616 4456 a
2636 4398 2915 4473 malis,ut
2945 4416 3079 4456 cum
3111 4398 3308 4456 dicent
3333 4416 3346 4455 :
3373 4423 3400 4449 «
3426 4400 3541 4457 Nos
3565 4400 3760 4457 insen-

2114 4488 2225 4546 sati
2256 4489 2434 4544 vitam
2464 4486 2699 4545 illorum
2731 4489 3088 4561 putabamus
3120 4488 3433 4557 insaniam,
3467 4504 3597 4545 ecce
3618 4505 3761 4563 quo-

2114 4578 2287 4633 modo
2337 4577 2489 4631 inter
2538 4576 2687 4633 filios
2733 4576 2833 4632 Dei
2875 4578 3199 4651 computati
3231 4580 3372 4634 sunt
3418 4573 3568 4650 (Sep.
3602 4576 3696 4650 v):
3731 4597 3758 4626 ιο

349 4667 770 4761 Continuatid:
805 4669 958 4761 Deae
988 4667 1140 4761 dico,
1175 4668 1328 4740 quod
1363 4671 1448 4738 tu,
1492 4669 1665 4761 Deus,
1698 4667 2001 4761 plantasti,
2113 4684 2242 4740 qua:
2274 4665 2403 4722 laus
2435 4664 2548 4761 erit
2575 4665 2697 4761 «in
2727 4664 3020 4761 Deo,”»-id
3051 4670 3160 4761 est,
3195 4666 3266 4723 ad
3299 4664 3578 4761 honorem
3607 4656 3710 4722 Dei
3741 4679 3756 4721 :

350 4781 379 4808 κ
405 4768 520 4815 non
554 4757 710 4824 enim
744 4755 856 4830 ipsi
889 4755 1281 4829 possederunt
1309 4759 1526 4812 terram
1560 4756 1719 4812 illam
1770 4757 1826 4812 in
1859 4775 2002 4832 gau-

348 4847 468 4917 dio,
506 4869 533 4896 η
562 4846 619 4903 id
650 4849 760 4919 est,
795 4861 898 4919 per
927 4862 1091 4902 arma
1122 4861 1230 4901 sua
1256 4850 1313 4901 et
1344 4845 1495 4903 vires
1527 4864 1687 4919 suas,
1722 4871 1749 4895 ‹‹
1786 4851 1842 4903 et
1868 4848 2002 4903 bra-

346 4934 550 4992 chium
600 4951 825 5003 eorum,
862 4955 889 4983 ››
941 4933 998 4989 id
1049 4937 1157 5002 est,
1193 4933 1473 4990 fortitudo
1522 4939 1578 4990 et
1616 4935 1877 5008 potentia
1906 4954 2002 4992 eo-

347 5027 504 5096 rum,
539 5046 566 5073 ‹‹
602 5030 717 5079 non‘
745 5022 990 5079 salvavit
1018 5037 1137 5092 eos,
1176 5044 1202 5071 »
1236 5026 1293 5077 et
1340 5021 1389 5079 si
1440 5024 1665 5095 seipsos
1710 5039 1825 5079 non
1867 5041 2001 5096 pos-
2074 5038 2081 5045 '

348 5116 481 5170 sent
511 5111 734 5168 salvare
766 5111 839 5167 ab
888 5109 1005 5167 illis
1053 5111 1350 5183 gentibus,
1386 5116 1526 5167 tunc
1574 5109 1761 5167 multo
1802 5112 2003 5169 minus

344 5200 407 5257 in
438 5196 634 5276 gladio
660 5199 767 5256 suo
799 5200 1188 5273 possederunt
1216 5215 1418 5256 earum
1460 5199 1723 5272 gentium
1758 5204 1999 5260 terram.

345 5287 455 5346 Per
502 5288 766 5362 gladium
814 5288 1139 5350 humanam
1190 5289 1488 5360 virtutem,
1542 5306 1645 5361 per
1691 5288 2000 5347 brachium

344 5376 672 5449 potentiam
701 5376 1088 5450 intelligimus
1123 5393 1136 5431 :

417 5464 732 5522 Brachium
764 5483 881 5521 non
914 5466 1157 5522 salvavit
1186 5484 1305 5534 eos,
1341 5490 1368 5515 «
1406 5467 1503 5522 sed
1549 5467 1787 5523 dextera
1817 5473 1940 5537 tua,
1970 5492 1997 5518 η

342 5549 402 5607 id
433 5556 542 5620 est,
578 5553 839 5625 prosperi
871 5559 1113 5610 eventus
1144 5572 1291 5627 quos
1324 5559 1385 5611 tu
1420 5556 1602 5611 dabas
1634 5556 1739 5625 eis,
1767 5563 1832 5613 ut
1863 5576 1997 5614 cum

346 5639 429 5695 eis
456 5642 961 5697 circumcuntibus
1006 5643 1340 5699 ceciderunt
1389 5646 1543 5700 muri
1590 5645 1840 5713 Jericho,
1880 5672 1903 5696 ‹‹
1942 5651 1999 5702 et

2116 4759 2172 4812 et
2203 4772 2308 4811 nos
2341 4778 2369 4804 ‹‹
2403 4752 2816 4810 confitebimur
2845 4752 2972 4823 tibi,
3010 4777 3037 4804 »
3070 4753 3127 4811 id
3173 4759 3282 4824 est,
3317 4753 3626 4812 laudamus
3655 4759 3712 4811 te
3732 4768 3755 4833 _:

2113 4868 2141 4894 «
2175 4849 2232 4900 et
2287 4843 2347 4899 in
2399 4843 2636 4900 nomine
2682 4848 2804 4915 tuo,
2840 4866 2866 4892 ιο
2899 4842 2958 4898 id
3007 4847 3116 4912 est,
3151 4840 3289 4916 quia
3338 4842 3433 4899 hic
3477 4842 3756 4899 habemus

2112 4951 2324 4990 nomen
2353 4938 2523 4989 tuum
2554 4956 2580 4983 ‹‹
2615 4932 2675 4988 in
2699 4930 3002 5002 saeculum,
3038 4955 3065 4982 ››
3095 4932 3153 4988 id
3185 4937 3294 5001 est,
3329 4931 3389 4988 in
3420 4935 3722 4988 aeternum.

2184 5022 2397 5096 Incipit
2423 5022 2492 5078 de
2525 5022 2783 5079 secunda
2812 5024 2997 5094 parte.
3032 5018 3298 5077 Tandem
3328 5038 3436 5077 nos
3485 5018 3752 5091 salvabis,

2111 5135 2139 5161 ‹‹
2173 5129 2329 5166 nunc
2362 5116 2557 5167 autem
2595 5134 2622 5160 ››
2653 5111 2713 5167 in
2747 5110 2855 5167 hac
2883 5108 3003 5166 vita
3033 5133 3061 5161 «
3087 5107 3376 5184 repulisti,
3411 5132 3441 5159 »
3471 5108 3528 5164 id
3558 5112 3664 5176 est,
3680 5108 3755 5164 ita

2110 5199 2429 5274 permisisti
2462 5200 2667 5274 afﬂigi,
2710 5200 2865 5273 quod
2915 5203 3264 5272 putarnmur
3311 5216 3345 5256 a
3390 5202 3446 5255 te
3493 5195 3749 5270 repulsi:

2109 5313 2137 5340 ‹‹
2171 5294 2228 5345 et
2258 5289 2574 5345 confudisti
2604 5306 2711 5345 nos
2730 5312 2757 5338 ››
2779 5305 2892 5345 non
2927 5288 3081 5360 quod
3105 5287 3165 5345 in
3188 5287 3545 5344 conscientia
3565 5288 3754 5343 nostra

2109 5396 2213 5434 eon
2225 5379 2513 5434 fusionem
2540 5382 2597 5434 et
2626 5376 3091 5434 erubescentiam
3110 5376 3570 5451 pateremur,sed
3586 5391 3755 5456 quan-

2108 5471 2234 5524 tum
2266 5469 2337 5523 ad
2369 5466 2569 5524 oculos
2600 5466 2931 5538 hominum,
2947 5466 3046 5539 qui
3079 5470 3291 5540 putant
3312 5483 3417 5521 nos
3449 5462 3754 5522 confusibi-

2108 5557 2220 5614 les:
2256 5562 2312 5613 et
2342 5557 2616 5629 deinceps
2648 5580 2675 5605 «
2710 5574 2825 5613 non
2858 5556 3196 5629 egredieris,
3237 5579 3263 5604 ››
3288 5554 3343 5610 id
3378 5558 3615 5623 est,non
3635 5552 3752 5634 mit.

2108 5651 2195 5702 tes
2228 5646 2535 5702 manifeste
2565 5644 2838 5717 angelum
2858 5650 3027 5700 tuum
3047 5660 3308 5717 pugnare
3328 5642 3631 5699 nobiscum
3650 5665 3675 5690 α
3694 5640 3747 5696 in

347 5724 679 5789 brachium,
702 5727 1996 5805 nidest,fortitudotua:utcumunusquisqne
2104 5735 2441 5802 virtutibus,
2470 5758 2494 5781 η
2532 5734 2585 5788 id
2620 5739 2725 5799 est,
2752 5733 2809 5787 in
2842 5732 3194 5789 exercitibus
3228 5756 3255 5781 ‹‹
3289 5731 3504 5787 nostris
3540 5754 3565 5779 ››
3600 5729 3741 5785 sicut
