3914 6406
149 488 271 554 345

1333 492 1830 555 EXPLANATIO
1874 492 1951 554 IN
1994 492 2378 556 PSALMOS.

3445 482 3562 554 346

147 620 338 683 fecisti
361 624 628 699 patribus
650 621 999 699 nostris,pro
1020 624 1238 699 quibus
1255 625 1562 684 manifeste
1583 643 1802 701 pugna—
1830 626 1886 696 Α
1916 624 2156 685 semitas
2186 629 2418 684 nostras
2451 649 2479 677 »
2510 624 2727 700 quibus
2777 624 2849 683 ad
2898 624 2955 682 te
2992 622 3323 684 incedimus
3352 650 3382 679 «
3414 643 3450 685 ει
3475 626 3569 685 via

150 713 295 771 bant
324 711 537 788 angeli.

220 802 348 860 Non
369 805 602 858 tantum
625 801 1021 875 repulisti,sed
1047 803 1221 859 etiam
1236 805 1523 877 quosdam
1538 808 1806 862 nostrum

153 914 183 945 «ι
205 890 465 948 avertisti
486 912 515 941 »
546 908 581 946 a
608 891 762 947 bono
792 892 1384 964 proposito,faciendo
1411 917 1431 943 ι
1461 910 1566 950 nos
1588 899 1808 951 retror-

151 998 286 1037 sum
335 982 468 1054 post
515 978 786 1035 inimicos
837 985 1089 1048 nostros,
1128 1003 1149 1031 »
1186 982 1244 1037 id
1277 987 1389 1049 est,
1422 985 1486 1037 ut
1537 999 1807 1055 sequere-

150 1087 287 1127 mur
338 1068 613 1125 inimicos
664 1073 916 1137 nostros,
950 1073 1008 1125 et
1038 1074 1179 1125 tunc
1214 1092 1241 1121 ‹‹
1269 1070 1369 1143 qui
1401 1072 1648 1127 oderunt
1681 1088 1805 1139 nos,

152 1158 506 1234 diripiebant
538 1156 672 1226 sibi,
706 1179 734 1208 η
770 1158 827 1213 id
858 1163 966 1225 est,
1020 1158 1078 1213 in
1130 1164 1357 1231 partem
1409 1178 1577 1215 suam
1628 1160 1839 1233 rapies

151 1246 296 1305 bant
327 1263 455 1316 nos,
486 1250 544 1303 et
573 1245 681 1302 hoc
712 1249 802 1302 est
830 1246 1151 1302 maximum
1186 1251 1544 1304 tormentum
1578 1253 1809 1304 sancto-

151 1354 308 1403 rum,
340 1335 576 1409 quando
602 1335 801 1390 vident
832 1352 971 1390 suos
1003 1335 1085 1390 ita
1114 1336 1381 1392 devocari
1413 1356 1448 1393 a
1479 1339 1610 1392 fide.

222 1425 520 1493 Quosdam
548 1422 828 1495 avertisti,
868 1446 895 1474 ‹‹
914 1441 1021 1481 nos
1048 1447 1074 1475 ››
1098 1428 1292 1480 autem
1326 1426 1423 1497 qui
1458 1425 1809 1494 restitimus,

150 1536 180 1565 α
205 1512 421 1570 dedisti
454 1516 740 1585 tanquam
772 1529 906 1568 oves
938 1530 1204 1569 escarum
1229 1536 1256 1564 ››
1282 1532 1408 1586 (λικε
1432 1533 1547 1571 non
1570 1515 1808 1582 fructui,

151 1604 253 1660 sed
278 1602 386 1660 soli
414 1601 695 1659 occisioni
728 1603 1019 1675 deputatae
1054 1608 1275 1675 sunt,et
1307 1603 1367 1658 in
1396 1605 1672 1676 gentibus
1701 1604 1815 1661 dis-

146 1690 385 1766 persisti
418 1707 526 1747 nos
559 1710 587 1740 ‹‹
619 1692 855 1763 quando
904 1691 1087 1764 fugati
1138 1710 1347 1749 sumus
1387 1694 1458 1750 de
1491 1694 1722 1749 civitate
1750 1693 1812 1749 in

149 1779 468 1848 civitatem,
494 1800 522 1829 ››
544 1777 602 1833 id
624 1782 735 1847 est,
760 1778 1057 1835 tradidisti
1080 1778 1139 1834 in
1170 1796 1382 1836 manus
1409 1781 1811 1849 inimicorum,

149 1864 217 1924 ut
244 1862 476 1939 aliquos
502 1864 607 1921 tibi
640 1865 699 1921 in
732 1864 1212 1924 tribulationibus
1240 1867 1631 1940 acquirerent.

224 1972 253 2006 α
273 1953 604 2012 Vendidisti
627 1953 912 2028 populum
935 1958 1160 2025 tuum,»
1183 1953 1242 2011 id
1264 1960 1667 2031 est,martyres
1679 1961 1812 2014 tuos

157 2064 182 2096 ι
215 2044 347 2102 sine
375 2043 561 2118 pretio
592 2066 620 2094 η
657 2042 874 2117 aliquo,
910 2045 1049 2117 quia
1098 2043 1414 2118 aliquando
1466 2062 1580 2102 non
1623 2046 1812 2103 ullum

149 2122 452 2191 hominem
485 2132 544 2188 in
578 2137 765 2189 morte
808 2126 1145 2189 sanctorum
1196 2130 1459 2191 lucratus
1493 2151 1506 2189 :
1542 2139 1598 2192 et
1627 2135 1675 2191 si
1708 2134 1813 2191 ali-

193 2222 393 2280 uando
439 2214 670 2295 aliquos
717 2219 983 2278 lucratus
1014 2240 1101 2291 es,
1132 2222 1303 2295 pauci
1336 2223 1589 2293 fuerunt,
1618 2229 1676 2281 et
1705 2225 1815 2281 hoc

193 2240 393 2280 uanae
439 2240 670 2295 auquos
720 2240 983 2278 lucratus
1014 2240 1101 2291 es,
1132 2240 1303 2295 pauci
1336 2240 1589 2293 ruerunt,
1618 2240 1676 2281 et
1706 2240 1815 2281 hoc

152 2240 339 2370 dicit:
378 2333 406 2363 ιι
429 2315 488 2367 et
519 2328 634 2367 non
670 2310 780 2367 hiit
810 2309 1128 2368 multitudo
1165 2311 1221 2366 in
1253 2312 1815 2369 commutationibus

152 2417 382 2471 eorum,
414 2424 442 2452 »δ
476 2399 534 2456 id
566 2404 674 2469 est,
709 2401 946 2474 quando
1008 2401 1161 2458 Deus
1221 2398 1321 2458 dat
1379 2420 1540 2471 suos,
1592 2408 1659 2460 ut
1704 2403 1817 2460 ali-

155 2507 304 2564 quos
334 2481 621 2563 acquirat.
656 2488 908 2545 Posuisti
939 2490 1118 2545 etiam
1152 2507 1259 2547 nos
1289 2492 1666 2563 opprobrium
1702 2510 1816 2548 non

155 2578 468 2648 extraneis,
503 2576 602 2651 qui
654 2596 783 2634 raro
832 2577 1030 2634 vident
1069 2596 1197 2644 nos,
1233 2581 1332 2635 sed
1367 2604 1393 2628 (ί
1429 2581 1643 2637 nostris
1674 2580 1818 2637 vici-

157 2652 251 2724 nis
275 2689 304 2719 »
343 2666 443 2740 qui
477 2683 628 2740 saepe
662 2668 1023 2740 objecerunt,
1057 2672 1114 2723 et
1143 2667 1253 2723 hoc
1302 2669 1681 2741 opprobrium
1718 2686 1821 2743 per

158 2761 356 2830 partes
380 2755 739 2829 exsequitUr,
764 2756 965 2811 dicens
991 2773 1003 2811 :
1030 2780 1056 2805 ‹‹
1075 2756 1606 2814 Subsannationem
1635 2762 1691 2814 et
1722 2758 1819 2815 de-

159 2845 348 2902 risum
381 2833 474 2902 his
505 2845 605 2918 qui
632 2845 693 2899 in
724 2843 972 2900 circuitu
1004 2848 1203 2901 nostro
1234 2850 1393 2901 sunt.
1429 2869 1456 2895 ››
1489 2847 1823 2903 Subsanna—

161 2932 243 2991 tio
278 2936 347 2991 fit
376 2952 481 3010 per
510 2950 747 3003 nasum,
782 2932 997 3015 derisio
1028 2950 1130 3005 per
1154 2933 1377 2990 hiatum
1412 2936 1551 2991 oris.

231 3022 488 3080 Posuisti
512 3039 619 3078 nos
637 3022 697 3078 in
721 3021 1169 3077 similitudinem
1193 3023 1488 3095 gentibus,
1504 3023 1728 3080 scilicet
1757 3028 1824 3081 ut

163 3113 233 3169 ad
258 3115 526 3168 nostram
559 3106 1013 3166 similitudinem
1046 3109 1462 3167 maledicerent
1490 3112 1619 3169 aliis
1650 3117 1708 3169 et
1738 3113 1823 3168 sic

163 3192 636 3259 dicerent:Ta1is
671 3198 1003 3256 maledictio
1036 3199 1143 3255 tibi
1180 3200 1275 3270 sit,
1299 3200 1492 3273 qualis
1515 3206 1603 3258 est
1632 3202 1821 3271 Petro,

1915 719 2039 783 tua,
2074 739 2102 765 »
2131 714 2189 771 id
2222 720 2329 785 est,
2364 733 2397 771 a
2440 715 2745 790 praeceptis
2773 714 2910 772 tuis.
2946 716 3189 789 Semper
3233 716 3389 773 enim
3441 733 3571 791 ope—

1916 803 2027 859 rati
2051 821 2258 859 sumus
2284 805 2612 863 secundum
2645 808 2931 877 praecepta
2954 808 3076 860 tua.
3107 803 3211 861 Vel
3244 805 3393 873 sine,
3429 824 3566 875 non,

1917 891 1999 948 ita
2023 890 2260 965 legitur,
2284 892 2612 961 declinasti,
2637 893 2693 948 id
2726 898 2836 962 est,
2855 893 3146 950 declinare
3176 893 3364 951 fecisti
3394 895 3571 951 semi~

1916 985 2007 1036 tas
2051 985 2284 1037 nostras
2315 999 2349 1036 a
2377 981 2470 1038 via
2514 986 2634 1050 tua,
2670 986 2735 1038 ut
2782 999 2981 1056 supra,
3012 981 3101 1038 vel
3154 983 3239 1039 sic
3289 1000 3521 1057 quoque
3553 1002 3566 1041 :

1918 1092 1946 1119 ‹‹
1981 1070 2222 1126 semitas
2254 1075 2543 1138 nostras,»
2578 1071 2635 1126 id
2666 1075 2775 1138 est,
2808 1088 2985 1144 opera
3013 1089 3140 1144 qua:
3170 1090 3239 1127 ex
3267 1072 3437 1129 nobis
3464 1073 3571 1129 ha-

1917 1157 2146 1225 bemus,
2183 1157 2283 1231 qui
2317 1160 2643 1214 secundum
2676 1177 2782 1214 nos
2812 1159 2957 1215 nihil
2988 1160 3124 1215 boni
3156 1161 3341 1217 facere
3372 1179 3575 1234 possu-

1919 1246 2212 1315 mus,illas
2237 1247 2475 1303 semitas
2510 1270 2537 1298 ‹‹
2557 1248 2921 1319 declinasti,»
2952 1248 3011 1304 id
3043 1254 3149 1317 est,
3170 1249 3487 1307 deelinatas
3518 1255 3576 1307 et

1919 1335 2178 1390 diversas
2211 1335 2521 1390 ostendisti
2554 1358 2581 1385 «
2619 1353 2652 1391 a
2678 1337 2770 1391 via
2800 1341 2953 1403 tua,»
2990 1336 3047 1393 id
3080 1338 3267 1417 ὁδὶ,ᾳῦ
3300 1338 3576 1411 operibus

1918 1423 2059 1489 tuis,
2095 1422 2194 1495 qui
2227 1440 2532 1495 nunquam
2567 1423 2681 1479 nisi
2713 1424 2867 1479 bona
2898 1423 3060 1480 facis.
3090 1450 3095 1455 ο

1991 1511 2261 1568 Diversae
2313 1512 2622 1568 ostendisti
2674 1512 2818 1583 vias,
2855 1536 2883 1562 ‹‹
2918 1513 3197 1586 quoniam
3241 1530 3347 1569 nos
3377 1513 3579 1583 humi-

1919 1598 2097 1668 liasti,
2137 1623 2163 1649 ››
2226 1601 2283 1656 id
2337 1606 2448 1673 est,
2509 1601 2789 1670 afflixisti,
2849 1601 2908 1658 in
2982 1618 3096 1676 quo
3170 1603 3581 1677 cognoscimus

1921 1688 2330 1762 unusquisque
2362 1707 2422 1746 se
2454 1691 2738 1747 miserum
2770 1695 2827 1746 et
2850 1707 2912 1747 se
2942 1690 3089 1747 nihil
3119 1691 3258 1747 boni
3290 1708 3359 1747 ex
3388 1707 3451 1748 se
3480 1692 3581 1749 ba-

1920 1777 2078 1834 bere.
2110 1779 2195 1833 Ad
2229 1778 2405 1834 aliam
2456 1779 2811 1836 sententiam
2859 1779 3238 1836 continuatur
3264 1779 3346 1836 ita
3379 1797 3392 1837 :
3428 1781 3583 1837 Bene

1920 1867 2073 1935 dico,
2108 1868 2264 1940 quod
2298 1866 2541 1923 semitas
2574 1872 2807 1937 nostras
2836 1884 2953 1924 non
2986 1868 3176 1924 fecisti
3207 1868 3458 1938 deviare,
3489 1869 3581 1926 vel

1923 1954 2109 2012 fecisti
2132 1957 2385 2029 pendere
2410 1973 2444 2012 a
2462 1954 2555 2012 via
2578 1960 2733 2025 tua,«
2755 1956 3032 2030 quoniam
3056 1973 3163 2013 nos
3193 1957 3576 2028 humiliasti,»

1922 2043 1980 2099 id
2007 2048 2115 2112 est,
2146 2043 2402 2101 humiles
2451 2045 2782 2117 ostendisti,
2815 2062 2944 2117 qua;
2982 2044 3316 2104 humiliatio
3346 2052 3437 2105 est
3465 2070 3495 2099 «
3517 2048 3582 2105 in

1921 2132 2048 2189 loco
2081 2132 2443 2202 afﬂictionis,
2478 2149 2501 2183 ιε
2536 2134 2594 2189 id
2638 2138 2747 2203 est,
2778 2133 2841 2189 in
2885 2133 2995 2190 hac
3040 2134 3181 2203 vita,
3222 2138 3356 2208 post
3401 2153 3583 2209 quam

1924 2220 2125 2278 nullus
2173 2220 2337 2278 locus
2387 2221 2784 2292 correctionis,
2813 2226 2871 2279 et
2902 2223 3047 2279 adeo
3079 2240 3188 2279 nos
3230 2223 3584 2295 humiliasti,

1924 2310 2077 2382 quod
2115 2332 2144 2360 ‹‹
2175 2311 2387 2366 umbra
2417 2312 2646 2377 mortis,
2672 2333 2700 2361 »
2732 2312 2788 2367 id
2819 2315 2928 2380 est,
2961 2310 3091 2384 ipsa
3120 2329 3280 2370 mors
3310 2336 3339 2362 «
3372 2329 3586 2387 coope-

1926 2398 2045 2454 ruit
2075 2417 2202 2466 nos,
2230 2422 2257 2447 ››
2288 2401 2347 2455 id
2380 2405 2489 2469 est,
2525 2400 2699 2457 occisi
2732 2417 2960 2456 sumus.
2992 2399 3095 2456 Vel
3128 2424 3156 2450 ‹‹
3189 2400 3400 2458 umbra
3429 2419 3585 2458 mor-

1925 2487 2061 2556 tis,»
2092 2487 2149 2543 id
2183 2493 2291 2553 est,
2315 2488 2590 2557 haeretici,
2616 2489 2775 2562 quia,
2797 2488 2845 2543 si
2869 2506 3043 2562 quem
3076 2489 3134 2544 in
3167 2507 3379 2564 corpus
3408 2496 3585 2547 suum

1928 2577 2152 2645 dicunt,
2188 2576 2389 2632 statim
2420 2577 2517 2633 ille
2545 2595 2579 2633 a
2607 2595 2742 2633 vera
2771 2578 2887 2633 vita
2916 2578 3198 2651 privatur.

2000 2664 2134 2720 Ideo
2167 2683 2283 2721 non
2315 2683 2525 2722 sumus
2556 2665 2720 2722 obliti
2754 2670 2830 2734 te,
2864 2666 3003 2739 quia
3034 2666 3256 2725 scimus
3286 2669 3440 2742 quod
3472 2692 3500 2719 «
3535 2667 3587 2725 si

1929 2752 2095 2809 obliti
2170 2771 2381 2810 sumus
2458 2772 2756 2824 nomen,»
2808 2755 2866 2810 id
2918 2759 3028 2823 est,
3077 2756 3586 2815 honorificentiam

1931 2863 1958 2889 «
1982 2841 2083 2897 Dei
2108 2841 2350 2912 nostri,»
2371 2847 2431 2898 et
2461 2842 2510 2899 si
2531 2842 2641 2899 hoc
2664 2842 2899 2917 gravius
2923 2843 3191 2914 facimus,
3217 2844 3459 2916 scilicet,
3479 2869 3508 2896 «
3531 2846 3583 2903 si

1930 2929 2319 3002 expandimus
2368 2947 2581 2986 manus
2628 2936 2917 2988 nostras»
2947 2936 3005 2988 et
3049 2932 3353 2989 interiores
3401 2937 3459 2990 et
3487 2950 3583 2990 ex-

1930 3016 2172 3073 teriores
2202 3042 2228 3067 ‹‹
2252 3019 2324 3073 ad
2383 3019 2568 3074 Deum
2627 3018 2907 3087 alienum,
2939 3041 2967 3070 η
3003 3019 3063 3074 id
3111 3025 3218 3090 est,
3252 3020 3353 3094 qui
3393 3015 3585 3095 neque

1932 3123 2039 3162 nos
2085 3106 2321 3176 creavit,
2354 3123 2542 3179 neque
2590 3106 2811 3163 bonum
2860 3104 2995 3163 fecit
3041 3109 3232 3172 nobis.
3265 3108 3488 3167 scilicet
3531 3112 3582 3167 si

1932 3194 2068 3251 iacti
2116 3212 2324 3252 sumus
2373 3194 2690 3252 idololatrai
2722 3220 2749 3247 «
2779 3197 2935 3253 Deus
2980 3198 3239 3269 requiret
3285 3194 3419 3256 ista.
3455 3222 3484 3250 ››
3515 3192 3587 3257 Et

161 3293 250 3348 vel
273 3290 478 3361 Paulo,
501 3290 590 3346 vel
623 3290 957 3346 Laurentio.
982 3289 1084 3345 Vel
1114 3290 1365 3363 posuisti
1395 3310 1502 3349 nos
1531 3292 1591 3347 in
1623 3292 1825 3349 simili-
1872 3354 1877 3363 ,
1933 3284 2074 3356 quia
2102 3283 2318 3356 aliquiS
2350 3282 2670 3342 dicemtisi
2692 3302 2905 3342 manus
2930 3284 3361 3359 expandi8,hoc
3391 3287 3584 3362 requi-

165 3382 432 3438 tudinem
466 3378 701 3450 Christi,
728 3382 794 3434 ut
823 3379 975 3434 sicut
1004 3378 1273 3437 Christus
1304 3381 1617 3453 opprobria
1641 3382 1822 3438 susti-
1852 3366 1895 3436 C
1933 3373 2186 3446 ret,quia
2207 3373 2315 3429 hoc
2337 3374 2484 3430 bene
2504 3374 2679 3443 Videt,
2703 3375 2805 3430 scd
2828 3373 2878 3431 si
2900 3372 3118 3431 Oblitus
3137 3392 3221 3447 es,
3245 3393 3362 3431 non
3391 3377 3584 3450 requi-

165 3469 316 3539 nuit,
350 3471 434 3527 sic
464 3474 522 3526 et
549 3488 676 3539 nos,
711 3469 909 3525 statim
958 3469 1124 3544 ponit
1170 3487 1355 3526 unum
1396 3471 1468 3527 de
1496 3472 1825 3545 opprobriis

165 3575 294 3632 quae
325 3558 609 3615 sustinuit
637 3558 943 3615 Christus:
970 3559 1477 3617 «commotionem
1521 3562 1730 3635 capitis
1765 3562 1825 3618 in

164 3647 423 3722 populis,
461 3671 489 3698 »
519 3640 578 3705 id
638 3652 747 3715 est,
790 3665 969 3722 super
1026 3665 1174 3722 quos
1236 3649 1434 3721 populi
1495 3650 1826 3708 deridentes

166 3738 476 3794 moverunt
523 3738 716 3811 capita
764 3755 890 3807 sua,
926 3737 1080 3793 sicut
1122 3755 1301 3812 supra
1339 3737 1563 3796 dictum
1597 3744 1704 3809 est,
1738 3740 1825 3797 di-

165 3830 364 3882 centes
389 3843 403 3882 :
430 3816 626 3882 «Vah!
647 3827 746 3899 qui
771 3827 1025 3884 destruis
1054 3827 1343 3901 templum
1370 3828 1472 3885 Dei
1495 3829 1677 3903 (Marc.
1712 3847 1786 3886 xv
1810 3848 1824 3899 ;

164 3908 352 3971 Matth.
385 3915 583 3985 xxvn),
615 3918 725 3971 etc.
757 3936 784 3964 »

236 3986 387 4070 Quid
423 4001 661 4076 singula
692 4018 1031 4058 enumerem
1054 4004 1083 4058 7
1113 4026 1141 4055 ‹‹
1175 4008 1297 4060 tota
1324 3992 1436 4073 die,
1475 4027 1503 4054 »
1536 4005 1592 4059 id
1625 4009 1828 4072 est,as-

167 4090 338 4149 sidus
390 4114 418 4140 ‹‹
451 4090 802 4146 verecundia
849 4107 998 4158 mea,
1031 4113 1060 4142 ››
1111 4090 1335 4149 scilicet
1380 4092 1826 4165 opprobriorum

169 4194 440 4239 meorum
474 4181 611 4233 «est
640 4182 843 4233 contra
874 4195 987 4234 me.
1011 4201 1038 4228 ››
1066 4179 1283 4235 Contra
1311 4180 1471 4248 dicit,
1506 4180 1665 4252 quia,
1690 4197 1827 4236 cum

172 4274 464 4343 martyres
495 4266 917 4343 confiterentur
946 4283 1008 4322 se
1037 4283 1165 4324 esse
1185 4266 1717 4340 justos,nunquam
1738 4269 1834 4325 des

172 4340 378 4416 herent
397 4342 741 4429 hujusmodi
772 4355 1087 4428 opprobria
1106 4355 1416 4423 sustinere,
1438 4361 1497 4412 et
1525 4361 1591 4413 ut
1621 4373 1827 4430 aggra-

170 4451 263 4503 vet
297 4443 734 4513 verecundiam,
760 4443 901 4500 dicit
932 4462 945 4500 :
997 4466 1024 4495 «
1053 4444 1329 4500 Confusio
1361 4444 1527 4501 faciei
1560 4462 1701 4502 mea:
1734 4462 1827 4503 co-

164 4520 401 4608 eperuit
429 4552 543 4591 me.
582 4557 610 4583 υ
640 4533 924 4589 Naturam
958 4532 1119 4588 illam
1153 4533 1526 4607 tangit,quod
1557 4550 1692 4591 cum
1724 4534 1828 4591 ho-

176 4638 270 4680 mo
293 4623 517 4697 patitur
538 4610 797 4695 aliquam
818 4621 1663 4697 erubescentiam,sanguinem
1687 4624 1830 4680 inte-

175 4710 387 4770 riorem
429 4711 646 4780 anima,
679 4715 744 4767 ut
774 4728 836 4768 se
866 4711 1181 4784 cooperiat,
1214 4711 1397 4767 mittit
1424 4713 1495 4768 ad
1524 4713 1827 4769 exteriora.

178 4786 450 4858 Confusio
481 4788 611 4858 dico
639 4798 805 4857 illata
833 4823 863 4851 ‹‹
895 4817 929 4856 a
957 4817 1097 4857 voce
1143 4800 1550 4874 exprobrantis
1581 4805 1638 4858 et
1669 4801 1829 4858 oblo-

180 4890 412 4961 quentis
446 4912 474 4940 ››
522 4889 825 4946 veritatem
887 4913 914 4940 ‹‹
949 4907 985 4945 a
1041 4889 1187 4945 facie
1245 4889 1492 4957 inimici,
1528 4914 1555 4940 »
1611 4890 1834 4948 scilicet

176 4976 335 5033 mala
361 4977 658 5035 voluntate
694 5000 721 5029 «
751 4982 809 5033 et
836 4978 1241 5051 persequentis
1275 5001 1303 5027 ››
1330 4978 1456 5052 ipso
1488 4983 1643 5035 actu.

252 5088 279 5116 κ
306 5056 433 5122 Πωο
452 5065 654 5122 omnia
682 5071 971 5123 venerunt
991 5083 1171 5141 super
1192 5084 1357 5137 nos,»
1378 5066 1602 5124 scilicet
1632 5073 1696 5124 ut
1726 5085 1834 5126 nos

182 5152 635 5233 opprimerent,«
650 5171 759 5212 nec
779 5160 978 5233 tamen
1000 5154 1167 5212 obliti
1197 5171 1408 5213 sumus
1426 5160 1540 5224 te,»
1563 5157 1664 5214 sed
1685 5174 1835 5214 sem-

183 5256 283 5313 per
311 5228 629 5324 habuimus
672 5248 733 5300 te
776 5230 837 5300 in
873 5245 1005 5318 jugi
1050 5245 1335 5302 memoria
1366 5262 1380 5302 :
1415 5269 1444 5296 «
1476 5250 1534 5302 et
1562 5247 1622 5302 in
1652 5250 1832 5304 testa-

182 5336 377 5389 mento
394 5335 555 5401 tuo,»
573 5331 633 5388 id
650 5333 827 5402 es‘t,in
845 5332 969 5407 lege
988 5338 1093 5390 tua
1116 5357 1143 5385 ‹‹
1170 5351 1285 5391 non
1314 5333 1543 5409 egimus
1574 5335 1829 5409 inique,»

184 5419 280 5475 sed
312 5437 544 5494 semper
573 5422 899 5479 secundum
928 5426 1216 5496 praecepta
1235 5427 1340 5480 tua
1359 5423 1678 5481 habuimus
1701 5441 1828 5495 nos,

184 5510 238 5562 et
257 5507 315 5566 in
345 5509 455 5567 hoc
484 5526 655 5567 versu
686 5528 901 5585 magna
929 5513 1117 5568 virtus
1147 5516 1471 5586 martyrum
1504 5517 1757 5570 notatur.

251 5596 396 5655 Cum
424 5598 546 5655 hzec
595 5600 794 5656 omnia
828 5600 987 5658 mala
1013 5601 1277 5659 venirent
1306 5619 1483 5675 super
1514 5620 1640 5672 nos,
1672 5626 1699 5653 «
1733 5620 1833 5659 cor

186 5690 445 5743 nostrum
479 5705 593 5744 non
646 5690 891 5745 recessit
918 5695 1095 5758 retro,
1126 5713 1153 5739 ››
1187 5690 1242 5746 id
1276 5695 1386 5759 est,
1419 5708 1535 5747 non
1566 5681 1832 5764 despera-

184 5771 280 5840 vit,
315 5798 343 5823 ‹‹
375 5779 431 5831 et
488 5794 605 5832 non
663 5778 988 5847 declinasti,
1042 5779 1099 5833 id
1158 5783 1262 5846 est,
1312 5770 1602 5836 declinare
1643 5780 1829 5837 fecisti

1934 3467 2040 3530 ret,
2075 3462 2214 3535 quia
2261 3461 2406 3518 illud
2456 3462 2705 3536 ignorat,
2758 3463 2968 3537 probat
3017 3463 3171 3536 quod
3219 3463 3397 3521 etiam
3446 3458 3589 3522 obli-

1930 3551 2159 3606 vionem
2190 3551 2464 3625 requiret,
2492 3570 2627 3609 cum
2659 3550 2819 3624 dicit,
2853 3576 2881 3603 «
2916 3552 3041 3627 ipse
3071 3553 3228 3610 enim
3260 3554 3420 3611 novit
3448 3552 3583 3612 abs-

1932 3640 2168 3697 condita
2198 3642 2411 3699 cordis.
2448 3666 2477 3691 ››

2005 3729 2331 3805 Ilicineipit
2353 3733 2423 3788 de
2445 3732 2617 3788 tertia
2639 3736 2804 3804 parte
2830 3748 2842 3789 :
2879 3735 2996 3788 Nos
3028 3749 3144 3788 non
3177 3732 3587 3808 expandimus,

1934 3822 1991 3874 et
2022 3819 2171 3885 ideo,
2203 3823 2287 3889 tu,
2320 3821 2586 3890 Domine,
2615 3838 2887 3895 exsurge,
2916 3825 2973 3877 et
3001 3821 3306 3893 prmmittit
3346 3814 3589 3879 causam

1935 3926 2116 3982 quare
2146 3908 2354 3965 debeat
2374 3925 2704 3981 exsurgere,
2725 3911 3047 3981 «quoniam
3077 3914 3317 3981 propter
3345 3913 3403 3964 te
3432 3923 3587 3965 mor-

1935 3997 2231 4052 tificamur
2286 4001 2408 4052 tota
2460 3996 2553 4053 die
2586 4020 2614 4045 υ
2642 4001 2699 4053 et
2746 3997 3064 4065 intantum,
3128 3986 3284 4069 quod
3317 4020 3346 4047 «
3376 4014 3589 4056 sumus

1935 4083 2205 4140 mstimati
2256 4089 2320 4139 ut
2365 4101 2500 4141 oves
2537 4083 2866 4153 occisionis,
2902 4106 2930 4133 ››
2962 4083 3205 4154 scilicet,
3238 4089 3305 4141 ut
3342 4083 3589 4144 nullate-

1937 4188 2049 4226 nus
2080 4174 2487 4245 reputaremur
2516 4172 2732 4241 idonei,
2761 4171 2875 4228 nisi
2907 4173 2981 4228 ad
3009 4164 3363 4229 occisionem
3387 4191 3401 4243 ;
3435 4173 3585 4246 ideo,

1936 4259 2280 4327 Domine,ad
2315 4276 2420 4316 nos
2448 4260 2782 4318 liberandos
2814 4284 2841 4311 ‹‹
2875 4277 3141 4336 exsurge,
3176 4279 3355 4335 quare
3386 4262 3591 4320 obdor»

1937 4347 2094 4429 mis?
2115 4371 2141 4397 η
2164 4348 2509 4406 Obdormire
2553 4350 2769 4407 dicitur
2816 4351 2992 4421 Deus,
3027 4368 3163 4408 cum
3209 4352 3303 4431 sui
3332 4369 3449 4408 non
3474 4348 3588 4431 cito

1936 4426 2157 4495 liberan
2168 4442 2395 4507 tur,noc
2416 4442 2611 4496 tamen
2634 4432 3001 4509 deficiunt,et
3031 4456 3212 4514 quare
3241 4426 3589 4498 obdormis?

1938 4516 2450 4601 interrogationem
2475 4517 2953 4602 ponit,quiaiicet
2974 4546 3213 4585 causam
3226 4528 3587 4604 ignoremus,

1936 4622 2133 4673 tamen
2192 4616 2390 4690 aliqua
2443 4633 2623 4673 causa
2669 4621 2760 4673 est
2804 4624 2990 4691 quare
3038 4617 3194 4673 Deus
3242 4606 3363 4679 hoc,
3393 4616 3587 4676 faciat.

1860 4724 1908 4802 D
1941 4730 1968 4757 ‹‹
2001 4705 2572 4802 ΕκειιιδεεᾹΜωίηεὶς
2600 4729 2629 4756 ››
2644 4710 2703 4802 et
2722 4705 2858 4762 licet
2878 4705 3051 4762 modo
3073 4705 3302 4802 aliquos
3318 4704 3588 4802 repellas,

1943 4819 1970 4846 ‹‹
2006 4812 2122 4851 non
2154 4799 2351 4851 tamen
2382 4793 2631 4868 repellas
2661 4794 2721 4851 in
2752 4799 3058 4864 aaternum,
3091 4817 3119 4844 ››
3151 4794 3253 4851 sed
3285 4793 3387 4866 qui
3417 4794 3591 4852 modo

1939 4885 2215 4940 videntur
2233 4883 2745 4956 ejecti,a1iquando
2776 4884 2954 4941 reduc
2972 4883 3045 4940 ad
3065 4883 3371 4940 ecclesiam
3402 4887 3588 4940 tuam.

2014 4997 2042 5023 ‹‹
2065 4973 2149 5030 Ne
2170 4971 2417 5046 repellas
2438 4973 2590 5040 dico,
2613 4978 2671 5030 et
2694 4990 2765 5030 ne
2786 4977 3012 5030 avertas
3033 4972 3240 5030 faciem
3260 4975 3446 5041 tuam,
3473 4994 3511 5021 »δ
3532 4972 3591 5028 id

1941 5066 2048 5133 est,
2077 5062 2469 5136 cognitionem
2525 5067 2691 5118 tuam
2741 5063 2812 5119 ab
2861 5061 2979 5119 illis
3025 5062 3125 5135 qui
3166 5061 3340 5119 modo
3371 5056 3592 5133 repulsi

1942 5156 2165 5221 sunt,et
2186 5175 2215 5202 «
2236 5168 2418 5224 quare
2437 5152 2646 5208 faciem
2668 5155 2829 5208 tuam
2854 5150 3105 5208 avertis?
3130 5174 3157 5200 ››
3173 5150 3245 5207 Et
3264 5150 3359 5207 hic
3378 5149 3592 5206 iterum

1940 5240 2156 5310 innuit,
2188 5241 2344 5314 quod
2374 5239 2511 5297 licet
2538 5258 2778 5298 causam
2803 5241 3163 5314 ignoremus,
3186 5243 3383 5295 tamen
3415 5255 3594 5296 causa

1940 5335 2031 5388 est
2079 5348 2261 5404 quare
2309 5330 2464 5387 Deus
2494 5335 2732 5399 avertat,
2765 5336 2823 5387 et
2851 5347 3032 5405 quare
3061 5352 3089 5381 «
3125 5327 3485 5385 Oblivisceris
3510 5328 3595 5384 in-

1940 5420 2084 5493 opiae
2106 5422 2318 5476 nostrae
2349 5423 2405 5475 et
2433 5418 2832 5476 tribulationis
2863 5424 3073 5475 nostrae
3093 5418 3121 5474 ?
3145 5441 3171 5468 ››
3198 5418 3316 5475 Ηοο
3347 5416 3596 5473 refertur

1940 5509 2011 5566 ad
2035 5508 2379 5581 cos,quibus
2410 5509 2702 5564 obdormit
2724 5509 2896 5577 Deus,
2924 5525 3030 5564 nec
3059 5511 3259 5564 tamen
3289 5504 3590 5574 deﬁciunt,

1941 5615 2192 5672 quorum
2232 5596 2438 5670 inepize
2483 5597 2745 5654 oblivisci
2784 5598 3020 5666 dicitur,
3050 5596 3285 5669 quando
3316 5612 3432 5651 non
3463 5611 3594 5651 con-

1940 5690 2115 5744 fortat
2136 5685 2390 5743 rationes
2419 5703 2756 5756 eorum,nec
2785 5688 2885 5743 dat
2904 5685 3115 5743 solatia
3145 5682 3215 5742 ad
3248 5683 3592 5759 patientiam

1937 5775 2354 5845 tribulationis,
2383 5776 2616 5846 quando
2648 5794 2751 5832 nec
2782 5776 3038 5849 mitigat,
3071 5792 3176 5831 nec
3206 5768 3483 5831 removet.
