3914 6392
394 461 509 524 351

825 463 1229 526 HAYMONIS
1261 462 1810 524 HALBERSTAT.
1847 446 2094 526 EPISC.
2126 456 2299 527 OPP.
2331 464 2533 528 PARS
2564 465 2613 529 ι.
2646 499 2723 510 -—
2753 465 3158 532 COMMENT.
3191 466 3392 532 BIBL.

3696 464 3800 532 35!

392 597 547 667 steli,
581 600 932 670 acceperunt
962 610 1151 662 suam,
1186 594 1429 663 scilicet,
1461 586 1779 651 Ecclesium
1808 610 1819 650 :
1844 598 1903 651 et
1932 610 2047 650 non
2079 593 2134 662 Α
2162 594 2433 667 fimbriis,
2462 621 2489 648 »
2524 599 2582 655 id
2615 604 2725 667 est,
2741 600 2799 656 in
2826 599 3290 673 perseveratione
3321 604 3510 675 usque
3538 598 3602 660 in
3637 600 3802 661 finem

393 676 527 758 sibi,
561 688 662 744 sed
705 683 1240 753 Christo,Ecclesiaa
1286 683 1437 740 filios
1476 689 1944 756 procreaverunt,
1979 688 2045 740 ut

392 775 653 855 generati
683 774 955 831 dicantur
984 772 1322 846 Christiani,
1355 790 1471 830 non
1518 773 1767 855 Paulini,
1790 774 1878 831 vel
1935 775 2041 830 Pe-

390 852 550 925 trini.
1558 852 1564 858 ‘

460 955 566 1011 Hic
597 952 764 1009 illum
788 969 983 1025 regem
1016 969 1120 1026 per
1140 970 1309 1009 suam
1338 969 1616 1026 sponsam
1648 955 2040 1010 commendat.

389 1043 764 1101 Continuatio
797 1060 811 1097 :
844 1044 964 1099 Rex
994 1047 1114 1098 tam
1139 1042 1354 1115 dignus
1376 1048 1464 1099 est
1492 1043 1644 1099 sicut
1672 1043 1812 1110 dixi,
1835 1048 1890 1099 et
1912 1043 2039 1113 tibi,

390 1156 419 1185 «
450 1133 674 1206 regina,
704 1153 732 1181 δι
753 1132 809 1187 id
836 1130 1219 1194 est,Ecclesia
1245 1147 1257 1185 :
1284 1148 1410 1204 qua:
1435 1131 1563 1188 ideo
1585 1132 1785 1204 regina
1806 1133 2041 1205 dicitur,

389 1221 530 1295 quia
548 1223 696 1278 bene
717 1220 867 1293 regit
888 1219 1038 1275 filios
1057 1237 1194 1276 suos
1218 1236 1233 1275 :
1258 1243 1286 1269 «
1311 1220 1516 1289 astitit,
1538 1243 1563 1269 ››
1587 1220 1824 1288 scilicet,
1841 1226 2046 1293 parata

388 1311 605 1369 servire
637 1332 666 1361 ‹‹
701 1328 736 1367 a
765 1308 1182 1377 dextristuis,»
1216 1309 1273 1365 id
1296 1309 1475 1386 est,in
1516 1310 1841 1382 potioribus
1874 1310 2044 1368 bonis

387 1401 508 1457 tuis
533 1419 546 1457 :
569 1400 711 1474 quia
740 1400 862 1455 hazc
894 1398 1241 1470 temporalia
1272 1416 1387 1453 non
1420 1401 1583 1472 petit,
1604 1401 1703 1454 sed
1738 1398 1995 1455 coelestia
2028 1416 2039 1455 :

388 1490 577 1547 astitit
607 1489 736 1547 dico
769 1511 797 1539 ‹‹
831 1488 891 1544 in
919 1488 1204 1557 vestitu,»
1235 1488 1293 1543 id
1324 1488 1595 1555 est,bene
1626 1488 1834 1544 vestita
1864 1493 1921 1545 et
1952 1505 2042 1544 or-

390 1584 529 1636 nata
552 1581 708 1636 bona
728 1578 1062 1651 operatione
1091 1595 1101 1634 :
1128 1598 1156 1628 ‹‹
1180 1579 1524 1645 deaurato,»
1550 1577 1607 1633 id
1627 1582 1716 1633 est
1738 1595 1840 1650 per
1861 1579 2046 1635 chari-

386 1673 570 1727 tatem
604 1673 810 1725 ornato
844 1684 858 1724 :
893 1683 1020 1740 qum
1052 1666 1181 1723 ideo
1212 1683 1315 1738 per
1360 1684 1570 1722 aurum
1612 1670 1871 1737 notatur,
1904 1667 2045 1740 quia

386 1756 543 1816 sicut
589 1774 801 1814 aurum
850 1755 1128 1813 omnibus
1171 1755 1427 1812 metallis
1455 1762 1545 1813 est
1581 1755 1920 1828 pretiosius,
1958 1756 2043 1813 sic

384 1844 642 1905 dbaritas
675 1846 951 1903 erunibus
968 1845 1288 1902 virtutibus
1322 1862 1335 1901 :
1372 1845 1573 1919 regina
1594 1845 1723 1902 dico
1747 1846 2043 1902 «circum-

2152 710 2179 736 «
2213 688 2426 756 aureis,
2454 710 2479 736 ι»
2512 688 2570 744 id
2596 689 3007 757 cst,charitate
3038 689 3323 764 plenis,et
3350 690 3410 747 in
3441 691 3551 748 hoc
3580 694 3669 749 est
3698 692 3806 768 glo-

2152 775 2241 832 ria
2271 777 2422 849 ejus,
2455 779 2612 851 quod
2644 778 2774 850 ipsa
2800 782 2889 835 est
2920 802 2948 828 «
2983 779 3199 835 amicta
3244 780 3645 850 varietatibus,
3682 804 3710 832 n
3754 782 3801 839 id

2151 870 2261 931 est,
2296 866 2543 923 diversis
2584 867 2916 941 ordinibus,
2953 867 3804 946 clericorum,conjugatorum,

2152 959 2209 1011 et
2238 960 2599 1012 cmterorum.

2225 1044 2327 1100 Hic
2360 1045 2574 1100 iterum
2608 1046 2981 1102 commendat
3012 1063 3117 1119 per
3146 1047 3595 1105 successionem.
3616 1048 3807 1106 Conti-

2152 1134 2356 1189 nuatio
2390 1153 2401 1190 :
2428 1134 2560 1207 Ipsa
2589 1139 2678 1191 est
2709 1136 2925 1191 amicta
2951 1136 3431 1206 varietatibus,et
3460 1161 3487 1188 «
3521 1143 3657 1212 post
3685 1155 3806 1194 eam

2154 1222 2521 1279 adducentur
2542 1224 2818 1298 virgines,
2857 1248 2884 1273 ››
2917 1225 2973 1281 id
3005 1229 3116 1292 est,
3143 1226 3354 1298 integri
3406 1226 3464 1282 in
3507 1227 3725 1293 anima,
3758 1233 3810 1283 et

2152 1310 2211 1367 in
2236 1329 2496 1385 corpore,
2523 1336 2551 1363 «
2578 1315 2765 1386 regi,»
2791 1313 3013 1369 scilicet
3035 1314 3105 1369 ad
3130 1314 3503 1372 serviendum
3528 1316 3646 1372 Deo
3668 1314 3807 1389 regi.

2153 1399 2409 1458 Dicendo
2433 1402 2818 1469 adducentur,
2845 1406 3007 1458 notat
3029 1403 3184 1474 quod
3209 1421 3312 1476 per
3333 1421 3393 1460 se
3415 1404 3487 1461 ad
3528 1404 3692 1460 illam
3726 1405 3808 1460 di-

2154 1493 2437 1566 gnitatem
2470 1495 2771 1565 nequeunt
2801 1492 3121 1565 pervenire,
3142 1492 3255 1547 nisi
3282 1493 3656 1549 adducantur
3673 1510 3809 1565 prae-

2153 1581 2445 1637 dicatione
2475 1586 2532 1635 et
2561 1581 2752 1653 gratia
2782 1581 3118 1653 adjuvante,
3151 1604 3180 1630 ‹‹
3215 1586 3273 1637 et
3304 1582 3579 1655 proximas
3623 1581 3752 1655 ejus
3783 1604 3808 1631 ››

2154 1669 2387 1742 reginae,
2420 1668 2476 1724 id
2509 1673 2615 1735 est,
2641 1667 2724 1723 illi
2758 1667 2859 1739 qui
2891 1667 3025 1723 licet
3055 1684 3170 1722 non
3205 1668 3327 1724 sint
3358 1668 3593 1743 integri,
3610 1672 3809 1725 tamen

2153 1763 2293 1814 sunt
2321 1756 2709 1823 continentes,
2748 1760 2811 1811 ut
2844 1758 3005 1811 bona:
3036 1755 3243 1823 viduae,
3277 1762 3334 1812 et
3365 1755 3464 1813 alii
3489 1756 3644 1835 «tibi
3675 1757 3813 1812 affe—

2152 1852 2377 1915 rentur,
2414 1870 2441 1895 »
2473 1862 2504 1902 o
2537 1862 2655 1901 rex.
2680 1845 2822 1901 Cum
2857 1844 3001 1900 dicit
3032 1844 3368 1914 afferentur,
3385 1847 3551 1902 notat
3580 1849 3811 1901 tantam

382 1934 543 2007 data,
578 1958 606 1987 »
626 1936 687 1993 id
717 1939 827 2004 est,
842 1934 1016 2009 plena
1035 1935 1249 1991 virtute
1273 1938 1330 1991 et
1358 1956 1386 1986 «
1411 1934 1735 1992 varietate»
1767 1936 2040 2034 Gentium
2073 1954 2121 2034 Β
2150 1950 2352 1993 eorum
2372 1934 2755 2001 debilitatem,
2788 1936 2853 1987 ut
2883 1948 2987 1987 nec
3018 1932 3231 1987 adduci
3261 1932 3516 2002 valeant,
3534 1931 3651 1991 nisi
3674 1933 3814 2019 quia

380 2027 470 2085 vel
499 2026 862 2084 diversorum
895 2024 1352 2098 ordinu’m,quia
1392 2022 1491 2081 alii
1525 2029 1665 2083 sunt
1693 2020 1909 2097 clerici,
1943 2025 2042 2082 alii

381 2112 708 2191 Conjugati,
742 2116 853 2172 etc.

452 2222 485 2257 rc
516 2203 690 2273 Audi,
724 2202 869 2259 illia;
890 2224 919 2252 η
946 2201 1182 2259 Transit
1212 2196 1285 2258 ad
1318 2202 1639 2259 secundum
1666 2198 2039 2275 partem,sci-

380 2278 519 2352 licet
548 2295 620 2350 ad
652 2291 1223 2349 commendationem
1254 2308 1482 2363 sponsa:
1520 2292 1760 2359 Quando
1800 2290 2039 2364 quidem

381 2392 639 2459 sponsus
678 2381 816 2439 talis
845 2386 956 2454 est,
984 2392 1016 2438 0
1037 2384 1123 2449 tu,
1161 2402 1189 2433 «
1222 2380 1366 2450 ﬁlia,
1394 2403 1421 2430 »
1454 2379 1511 2436 id
1553 2384 1660 2449 est,
1684 2397 1716 2436 ο
1756 2380 2037 2451 Ecclesia,

380 2498 410 2527 κ
447 2474 606 2542 audi,
645 2494 672 2523 »ι
700 2472 758 2528 id
790 2475 899 2540 est,
922 2469 1183 2545 intelligo
1213 2487 1281 2526 ea
1307 2487 1434 2543 qua:
1476 2474 1618 2525 sunt
1666 2472 2036 2542 annuntiata,

380 2570 413 2616 «'
444 2568 499 2619 et
528 2563 661 2619 vide
698 2583 726 2612 ››
759 2558 1051 2633 completa
1084 2575 1097 2613 :
1132 2559 1270 2615 audi
1302 2557 1450 2625 dico,
1476 2563 1685 2615 etcum
1706 2558 2038 2616 humilitate

380 2652 520 2710 a’udi
547 2670 559 2708 :
585 2654 643 2709 et
668 2650 777 2707 hoc
807 2654 955 2708 est.“
989 2651 1047 2704 et
1073 2646 1293 2703 inclina
1321 2663 1524 2704 aurem
1554 2651 1814 2715 tuam,et
1841 2646 2040 2704 oblivi-

379 2757 545 2800 scere
579 2739 865 2815 populum
898 2743 1094 2805 tuum,
1127 2756 1156 2788 »
1187 2737 1245 2793 id
1277 2740 1387 2805 est,
1410 2740 1599 2793 sectas
1619 2735 1925 2811 gentilium
1947 2737 2037 2794 vel

378 2829 721 2890 Judzeorum
758 2845 773 2885 :
808 2847 836 2879 «
856 2831 912 2884 et
942 2827 1182 2882 domum
1216 2824 1401 2898 patris
1429 2825 1575 2894 tui,»
1605 2824 1665 2880 id
1694 2828 2040 2893 est,aonver—

378 2920 668 2978 sationem
691 2916 932 2984 diaboli,
948 2913 1172 2973 scilicet
1198 2910 1589 2971 idololatriam
1610 2913 1670 2968 in
1691 2912 2035 2986 gentilitate,

376 3015 436 3068 et
453 3007 602 3066 ritus
620 3004 840 3082 legales
861 3005 920 3062 in
942 3005 1270 3062 Judaismo.
1292 3001 1530 3076 PrOprie
1549 3007 1716 3059 vocat
1753 3002 2039 3076 propheta

375 3090 698 3157 Ecclesium
728 3088 913 3153 filiam
936 3111 1126 3163 suam,
1142 3097 1198 3150 et
1218 3097 1559 3149 casterorum
1591 3088 2033 3166 prophetarum,

377 3187 519 3263 quia
537 3200 716 3260 super
745 3183 1146 3258 apostolorum
1178 3187 1234 3239 et
1261 3182 1678 3255 prOpbetarum
1709 3181 1889 3237 fidem
1910 3180 2037 3237 tun-

376 3278 554 3334 datur
576 3273 856 3332 Ecclesia.

450 3362 591 3420 Dico
622 3358 982 3425 obliviscere,
1017 3362 1074 3414 et
1111 3358 1161 3414 si
1209 3357 1319 3413 hoc
1348 3357 1575 3425 feceris,
1610 3381 1638 3407 «
1660 3358 2034 3432 concupiscet
2062 3333 2109 3400 Ο

379 3458 499 3518 rex,
520 3470 551 3499 ·››
573 3450 633 3505 id
654 3451 762 3516 est,
781 3446 1053 3503 Christus
1074 3466 1101 3495 «
1123 3446 1391 3501 decorem
1406 3450 1635 3514 tuum,»
1658 3446 1716 3501 id
1740 3450 1849 3515 est,
1866 3451 1920 3504 te
1942 3448 2036 3504 de-

380 3548 599 3595 ccram.
623 3536 714 3603 Et,
730 3552 803 3591 ne
835 3533 937 3589 illa
957 3532 1212 3589 diceret:
1237 3549 1367 3605 quae
1388 3550 1529 3589 cura
1550 3535 1630 3588 sit
1660 3534 1816 3590 unde
1846 3540 2033 3591 atten-

379 3627 499 3693 dat,
515 3608 756 3681 subdit:
791 3634 995 3678 curare
1015 3622 1192 3677 debes
1223 3640 1251 3670 ‹‹
1276 3620 1416 3695 quia
1442 3620 1568 3693 ipse
1585 3624 1673 3677 est
1693 3622 1979 3678 Dominus
2005 3646 2033 3672 η

380 3710 482 3789 qui
504 3712 665 3770 omni
688 3711 848 3785 genti
871 3708 1241 3766 dominatur:
1265 3712 1321 3764 et
1338 3709 1462 3782 ipse
1494 3714 1583 3765 est
1603 3732 1631 3759 «
1656 3709 1812 3766 Deus
1833 3715 2029 3778 tuus,»

377 3803 437 3861 id
468 3801 828 3870 est,Creator
856 3802 1018 3871 tuus,
1051 3800 1108 3854 et
1135 3797 1312 3854 etiam
1344 3797 1521 3854 debes
1552 3798 1870 3867 attendere,
1897 3815 2037 3872 quo-

377 3893 540 3950 niam
572 3914 600 3942 «
633 3884 967 3947 adorabunt
998 3900 1131 3945 eum
1168 3910 1195 3938 »
1217 3904 1422 3945 omnes
1451 3888 1710 3961 perfecti.

449 4004 477 4033 ‹‹
511 3978 584 4037 Et
613 4002 640 4031 »
674 3980 724 4037 si
754 3978 881 4053 ipse
927 3977 1291 4050 concupierit
1333 3977 1600 4034 decorem
1644 3982 1812 4034 tuum
1847 4001 1873 4028 ‹‹
1900 3978 2031 4035 filize

376 4064 534 4145 'l‘yri,
569 4091 597 4121 »
626 4061 685 4126 id
717 4074 826 4137 est,
862 4067 1166 4141 angustiis,
1196 4066 1252 4121 id
1288 4070 1395 4134 est,
1429 4067 1642 4124 Gentes
1683 4084 1810 4140 qua:
1848 4085 2032 4142 angu-

376 4162 539 4217 stant
561 4152 747 4214 nimia
764 4156 1145 4212 multitudine
1167 4160 1563 4228 peccatorum,
1590 4178 1617 4206 ‹‹
1641 4154 2035 4230 deprecabun-

376 4254 478 4306 tur
505 4248 733 4304 vultum
758 4250 989 4314 tuum,»
1013 4242 1070 4300 id
1094 4249 1204 4313 est,
1219 4244 1509 4317 rogabunt
1531 4245 1810 4313 Deum,ut
1832 4246 1928 4303 det
1948 4246 2032 4304 eis

376 4346 551 4413 pbs‘se
580 4334 879 4410 pervenire
901 4334 973 4389 ad
995 4338 1158 4389 tuam
1185 4333 1650 4390 conformitatcm
1684 4359 1710 4383 ‹‹
1735 4335 1796 4390 in
1825 4352 2031 4393 mune-

378 4418 543 4484 ribus
567 4447 595 4475 ››
619 4423 817 4481 dando
837 4421 1261 4496 eleemosynas,
1276 4415 1541 4479 faciendo
1560 4422 1778 4479 similia
1798 4424 1914 4481 alia
1936 4443 1948 4482 :
1975 4428 2033 4482 et

376 4528 492 4573 non
521 4509 753 4570 tantum
784 4512 1040 4567 minores
1071 4512 1131 4566 in
1153 4509 1448 4585 gentibus,
1480 4511 1582 4568 sed
1617 4534 1644 4561 α
1679 4511 1886 4570 divites
1904 4512 2031 4587 ple-

375 4603 488 4660 bis.
517 4625 546 4653 »
576 4594 837 4659 Gentiles
866 4594 996 4658 ideo
1027 4596 1161 4655 illis:
1193 4616 1306 4655 non
1339 4598 1445 4654 filii
1476 4598 1865 4673 appellantur,
1893 4602 2031 4675 quia

2148 2024 2237 2081 vel
2266 2025 2324 2080 in
2354 2021 2689 2079 humilitate
2718 2021 2885 2094 quasi
2924 2020 2984 2075 in
3016 2020 3280 2077 humeris
3322 2025 3656 2093 portentur.
3685 2023 3812 2079 ﬂzec

2149 2112 2477 2188 apportatio
2496 2113 2562 2167 ﬁt
2585 2126 2687 2185 per
2712 2109 3103 2182 frequentiam
3126 2107 3688 2183 miraculorum,per
3714 2110 3813 2166 im-

2148 2207 2461 2275 portunam
2493 2198 2987 2273 praedicationem.
3011 2197 3176 2254 Unde
3204 2196 3517 2270 Apostolus
3542 2214 3556 2253 :
3584 2214 3615 2247 α
3647 2189 3813 2256 Iusta

2147 2295 2491 2369 opportune,
2523 2288 2859 2361 importune
2888 2287 2967 2357 (Il
2996 2288 3132 2343 Tim.
3165 2289 3265 2356 ιν).
3302 2308 3330 2335 ››

2218 2382 2287 2438 Et
2336 2372 2421 2436 illi
2473 2378 2558 2434 sic
2608 2375 2767 2433 allati
2818 2393 2934 2432 non
2977 2374 3281 2432 habebunt
3327 2372 3658 2443 tristitiam,
3708 2376 3810 2432 sed

2147 2492 2176 2521 ‹‹
2209 2470 2527 2526 aii‘erentur
2546 2468 2606 2522 in
2637 2465 2837 2522 laztitia
2868 2470 2924 2521 et
2952 2464 3333 2532 exultatione,
3358 2484 3385 2513 »
3419 2463 3559 2536 quia
3580 2463 3641 2519 in
3661 2482 3807 2537 pra:-

2147 2557 2298 2615 senti
2316 2557 2491 2613 etiam
2506 2554 2766 2612 Ecclesia
2787 2553 3041 2610 multum
3067 2552 3343 2609 laetantur
3364 2552 3551 2609 sancti
3571 2569 3812 2626 quoque

2147 2648 2219 2704 de
2266 2644 2518 2719 puritate
2561 2661 2679 2701 sum
2730 2641 3119 2710 conscientiae,
3154 2645 3213 2698 et
3260 2641 3332 2697 de
3373 2639 3482 2697 hac
3530 2641 3804 2722 praesenti

2145 2734 2404 2793 Ecclesia
2434 2756 2462 2784 «
2495 2734 2866 2790 adducentur
2894 2732 2955 2788 in
2986 2729 3277 2804 templum
3309 2729 3520 2805 regis,»
3549 2728 3608 2786 id
3633 2729 3806 2786 estin

2146 2838 2463 2898 supernam
2495 2820 2884 2878 Hierusalem.
3612 2894 3616 2898 θ

2217 2913 2383 2970 Ponit
2418 2929 2520 2986 per
2551 2911 2693 2984 quid
2727 2910 3047 2966 ali'erantur
3083 2913 3142 2966 et
3188 2908 3578 2965 adducantur.
3603 2906 3803 2964 Conti-

2146 2992 2349 3060 nuatio
2376 3018 2387 3058 :
2414 3002 2487 3058 Et
2508 3017 2640 3057 vere
2662 3016 2767 3074 per
2785 3016 2990 3056 omnes
3006 2997 3413 3056 successiones
3434 2994 3803 3054 adduCenlur

2144 3097 2201 3149 et
2225 3089 2708 3162 afferentur,quia
2727 3104 2961 3162 semper
2973 3091 3147 3144 erunt
3165 3086 3345 3161 aliqui
3366 3076 3797 3160 pradicatorcs,

2145 3182 2285 3255 quia
2316 3202 2344 3231 «
2369 3196 2474 3253 pro
2496 3166 2764 3252 patribus
2786 3178 2926 3245 tuis,
2948 3200 2974 3227 ››
3004 3172 3063 3232 id
3094 3181 3205 3246 est,
3228 3174 3353 3233 loco
3374 3176 3797 3250 apostolorum,

2145 3268 2246 3344 qui
2276 3272 2605 3343 genuerunt
2636 3268 2927 3324 mundum
2961 3266 3020 3322 in
3052 3266 3186 3334 ﬁde,
3221 3262 3292 3322 ad
3324 3266 3603 3322 honorem
3623 3268 3798 3321 tuum

2145 3383 2175 3410 «
2208 3359 2331 3415 nati
2362 3361 2501 3414 sunt
2528 3356 2655 3425 ﬁlii,
2694 3380 2721 3406 ››
2754 3350 2810 3411 id
2843 3355 3293 3424 est,succedunt
3321 3353 3418 3411 alii
3457 3355 3800 3427 praedicato-

2142 3462 2235 3506 res
2257 3471 2286 3497 ‹‹
2318 3435 2448 3514 tibi,
2470 3458 2497 3495 ﬁ»
2529 3446 2589 3501 id
2621 3449 2731 3516 est,
2750 3446 2820 3501 ad
2854 3450 3025 3501 tuum
3060 3462 3209 3517 opus
3237 3448 3303 3500 ut
3344 3442 3450 3500 tibi
3496 3443 3799 3500 serviant:

2142 3540 2200 3593 et
2220 3540 2285 3591 tu
2316 3557 2345 3584 ‹‹
2376 3533 2703 3590 constitues
2733 3550 2854 3603 eos,
2890 3555 2917 3583 ››
2948 3533 3005 3589 id
3050 3537 3160 3601 est,
3185 3530 3424 3589 stabiles
3468 3531 3530 3587 in
3577 3530 3698 3587 fide
3745 3530 3802 3587 et

2142 3638 2316 3697 opere
2347 3640 2361 3679 :
2397 3647 2425 3673 «
2459 3622 2774 3696 principes,
2812 3646 2840 3672 ››
2871 3622 2929 3678 id
2962 3627 3070 3691 est,
3102 3620 3416 3696 magistros
3437 3624 3495 3678 et
3528 3622 3799 3678 doctores

2144 3736 2172 3763 «
2207 3728 2386 3785 super
2414 3716 2648 3769 omnem
2681 3715 2919 3780 terram,
2957 3734 2986 3763 »
3018 3712 3076 3767 id
3108 3716 3216 3782 est,
3247 3708 3565 3768 Ecclesium
3614 3708 3795 3784 super

2143 3818 2349 3858 omnes
2379 3805 2574 3874 partes
2606 3805 2772 3857 terrae
2799 3801 3096 3857 diffusam.
3757 3870 3765 3879 ν

2212 3892 2283 3947 Et
2313 3890 2396 3946 sic
2426 3889 2539 3963 ipsi
2590 3889 2896 3946 constituti
2926 3914 2952 3941 ‹‹
2988 3892 3162 3947 erunt
3203 3890 3492 3946 memores
3516 3887 3797 3970 nominis

2140 3979 2250 4047 tui,
2284 4003 2310 4028 »
2340 3980 2400 4036 id
2429 3983 2536 4047 est,
2554 3979 2720 4035 famae
2750 3982 2863 4036 tuae
2902 3984 2961 4036 et
2997 3978 3241 4054 gloriae»
3272 3977 3332 4035 in
3364 3977 3523 4035 omni
3553 3981 3795 4051 genera-

2141 4068 2320 4138 tione,
2347 4092 2374 4118 »
2404 4068 2644 4135 scilicet,
2668 4068 2727 4123 in
2759 4068 2920 4126 omni
2951 4073 3106 4124 terra
3136 4068 3373 4125 diffusa.
3395 4091 3422 4118 «
3447 4066 3517 4124 Et
3546 4060 3604 4123 in
3631 4085 3796 4143 gone-

2140 4158 2366 4214 ratione
2400 4180 2428 4208 »
2471 4156 2837 4214 succedente.
2870 4156 2973 4214 Vel
3011 4158 3093 4213 ita
3124 4174 3149 4233 :p
3172 4146 3262 4214 Tu
3312 4146 3638 4214 Constitues
3696 4173 3791 4213 eos

2141 4270 2169 4298 «
2198 4247 2511 4319 principes,
2536 4248 2593 4302 et
2623 4263 2727 4319 ego
2756 4262 2852 4302 cro
2885 4252 3111 4302 memor
3137 4242 3198 4302 in
3230 4245 3406 4313 eis,id
3438 4236 3545 4315 est,
3578 4246 3789 4303 Faciam

2141 4352 2240 4393 eos
2262 4346 2553 4392 memores
2584 4334 2841 4391 nominis
2863 4337 2970 4403 tui,
3004 4332 3113 4393 etc.

2208 4427 2281 4481 Et
2310 4429 2545 4498 propter
2577 4424 2918 4495 hujusmodi
2970 4424 3145 4481 etiam
3196 4426 3545 4481 constitutos
3589 4420 3784 4498 patres

2141 4538 2169 4565 ‹‹
2206 4519 2514 4587 propterea
2534 4511 2734 4586 populi
2757 4506 3194 4570 confitebuntur
3208 4513 3335 4582 tibi,
3354 4537 3381 4563 ››
3399 4512 3456 4570 id
3478 4506 3790 4583 est,lauda-

2139 4605 2288 4661 bunt
2319 4608 2374 4659 te
2403 4625 2430 4652 «
2457 4602 2518 4657 in
2541 4603 2882 4669 aaternum,»
2914 4601 2968 4658 id
3002 4606 3222 4676 est,per
3240 4606 3423 4658 totam
3446 4601 3789 4676 praesentem

376 4686 583 4749 molles
606 4694 672 4747 ‘e't.
698 4689 867 4764 proni
900 4686 1039 4746 sunt
1068 4689 1140 4744 ad
1164 4682 1307 4743 vitia
1352 4688 1508 4744 sicut
1554 4688 1781 4762 puellm.
1813 4687 1915 4745 Vel
1948 4689 2031 4746 sic
2061 4702 2107 4770 Ι)
2141 4693 2323 4748 vitam
2357 4714 2383 4741 ‹‹
2418 4692 2475 4747 et
2504 4686 2760 4771 etiamin
2784 4690 3065 4748 saeculum
3093 4714 3118 4740 ››
3152 4691 3591 4771 subsecutivum
3615 4690 3789 4765 hujus

377 4785 655 4838 construe
685 4796 699 4834 :
735 4780 868 4852 ipse
898 4782 989 4834 est
1017 4776 1172 4833 Deus
1199 4780 1359 4846 tuus,
1383 4781 1442 4833 et
1469 4774 1565 4833 alii
1597 4778 1768 4833 multi
1818 4779 2031 4835 adora-

378 4868 527 4925 bunt
556 4885 691 4925 eum
721 4867 782 4923 in
814 4866 1181 4934 muneribus,
1213 4870 1270 4921 et
1298 4865 1474 4922 etiam
1498 4860 1630 4921 filiae
1662 4864 1895 4940 Tyri,et
1915 4864 2034 4923 vul-

379 4961 505 5014 tum
537 4960 706 5013 tuum
737 4955 1213 5029 deprecabuntur
1241 4968 1446 5011 omnes
1476 4954 1682 5012 divites
1712 4952 1917 5029 plebis.
1990 5000 1995 5005 .

450 5038 766 5119 Postquam
780 5040 1037 5102 ostendit
1047 5044 1360 5118 dignitates
1377 5043 1566 5117 ipsius
1588 5049 2033 5116 sponsae,osten-

380 5135 464 5192 dit
495 5148 625 5193 earn
647 5126 1004 5190 laudabilem
1027 5131 1354 5189 secundum
1379 5127 1673 5201 interiora,
1690 5148 1806 5188 non
1829 5148 2033 5190 secuns

379 5225 521 5281 dum
547 5223 852 5281 exteriora.
871 5221 1245 5278 Continuatio
1271 5239 1284 5278 :
1310 5219 1443 5294 Ipsa
1462 5236 1681 5293 sponsa
1700 5225 1788 5278 est
1807 5220 1888 5277 sic
1908 5218 2031 5295 glo-

379 5304 556 5382 riosa,
579 5318 636 5369 et
668 5334 696 5363 «ι
729 5311 923 5367 omnis
954 5310 1138 5384 gloria
1166 5311 1315 5383 ejus,
1349 5330 1376 5359 ιι
1411 5307 1469 5365 id
1519 5314 1626 5377 est,
1661 5310 1853 5366 omnis
1899 5309 2031 5384 puls

379 5396 647 5458 cbritudo
680 5390 808 5471 ejus
832 5398 985 5456 unde
1016 5400 1145 5471 ipsa
1176 5396 1479 5472 gloriatur,
1514 5404 1601 5455 est
1623 5420 1651 5449 «
1672 5400 1745 5455 ab
1783 5399 1966 5470 intus,
2002 5422 2030 5451 π

379 5487 437 5545 id
469 5494 576 5556 est,
604 5489 675 5545 ab
724 5488 1009 5560 interiori,
1056 5488 1295 5556 scilicet,
1330 5489 1389 5543 in
1439 5488 1753 5545 virtutibus
1799 5490 2028 5559 animae,

379 5570 509 5648 ejus
540 5579 690 5643 dico,
726 5576 965 5645 scilicet,
1004 5600 1029 5627 ‹‹
1066 5576 1194 5632 ﬁlia:
1227 5576 1428 5649 regis»
1461 5577 1518 5632 id
1569 5582 1658 5632 est
1695 5577 1930 5636 Christi.
1965 5580 2035 5637 Et

381 5661 477 5720 hic
508 5665 883 5720 commendat
918 5677 1047 5719 eam
1070 5680 1172 5736 per
1196 5681 1401 5737 genus.
1428 5665 1586 5733 Dico,
1611 5665 1797 5739 gloria
1843 5672 1932 5723 est
1961 5666 2032 5724 ab

384 5746 638 5816 intus,‘et
665 5746 839 5805 etiam
867 5746 1051 5821 gloria
1072 5752 1201 5821 ejus
1221 5756 1309 5807 est
1333 5752 1621 5809 bonorum
1651 5770 1891 5826 operum
1925 5782 1943 5805 α
1973 5757 2031 5813 in

2141 4804 2169 4832 ‹‹
2204 4779 2421 4837 saeculi.
2457 4802 2486 4830 ››
2515 4776 2619 4836 Vel
2652 4779 2738 4861 sic
2765 4780 2826 4835 in
2857 4796 3110 4853 persona
3139 4780 3324 4854 patris
3344 4778 3502 4837 totus
3527 4778 3788 4853 psalmus

2141 4872 2333 4944 potest
2362 4866 2476 4942 legi
2509 4864 2835 4925 secundum
2884 4869 3305 4942 Augustinum,
3325 4866 3591 4943 quamvis
3643 4864 3789 4924 dicat

2140 4959 2529 5031 Hieronymus
2556 4957 2744 5031 magis
2765 4957 2875 5013 hoc
2906 4957 3041 5013 ﬁeri
3059 4973 3128 5013 ex
3167 4958 3787 5031 superstitione,quam

2139 5058 2207 5104 ex
2235 5047 2479 5103 veritate
2528 5049 2741 5102 textus.
2776 5040 3062 5125 Loquitur
3110 5044 3281 5103 Pater
3321 5051 3380 5103 et
3421 5046 3789 5103 commendat

2140 5135 2330 5192 ﬁlium
2379 5134 2707 5191 secundum
2765 5133 3155 5205 divinitatem,
3187 5138 3322 5192 cum
3381 5132 3526 5191 dicit
3558 5152 3575 5217 ς’
3608 5159 3638 5185 ‹‹
3686 5134 3786 5191 Cor

2140 5229 2360 5293 meum,
2385 5247 2411 5273 »
2431 5224 2488 5279 id
2512 5228 2620 5296 est,
2645 5221 2873 5280 oeculta
2893 5228 2950 5280 et
2969 5223 3193 5281 secreta
3210 5240 3340 5281 mea
3361 5222 3607 5298 protulit
3627 5249 3655 5275 ‹‹
3669 5228 3783 5280 vcr-

2140 5314 2281 5371 bum
2314 5314 2558 5381 bonum,
2592 5336 2620 5363 ››
2650 5313 2706 5368 id
2739 5317 2829 5369 est.
2858 5312 3071 5369 Filium
3094 5320 3315 5386 meum,
3349 5336 3377 5363 «
3411 5312 3732 5370 cruciavit:
3757 5334 3781 5359 »

2141 5403 2244 5475 qui
2275 5400 2608 5474 specialiter
2643 5402 2834 5458 bonus
2882 5407 2992 5471 est,
3026 5403 3165 5477 quia
3196 5410 3369 5458 nemo
3398 5425 3427 5453 ‹‹
3459 5400 3649 5459 bonus
3678 5396 3781 5457 nisi

2142 5486 2305 5548 solus
2330 5491 2486 5547 Deus
2514 5489 2717 5562 (Matth.
2750 5493 2866 5560 xx),
2902 5513 2928 5539 »
2963 5491 3020 5547 in
3054 5508 3168 5565 quo
3203 5491 3382 5548 Filius
3413 5491 3783 5548 eonsubstan-

2142 5581 2302 5637 tialis
2333 5579 2521 5636 Patris
2551 5596 2679 5636 esse
2712 5584 2965 5636 notatur.
3000 5581 3105 5636 Per
3134 5598 3232 5637 cor
3262 5580 3390 5636 ideo
3424 5579 3779 5636 divinitatem

2145 5669 2334 5726 Patris
2364 5667 2685 5742 accipimus
2716 5672 2773 5724 et
2798 5686 2900 5741 per
2930 5669 3173 5730 verbum
3215 5670 3447 5741 Filium,
3472 5668 3610 5742 quia
3639 5668 3781 5724 sicut

2145 5775 2243 5815 cor
2271 5758 2528 5816 hominis
2560 5757 2718 5825 latet,
2736 5761 2792 5814 et
2821 5775 2924 5829 per
2952 5760 3126 5816 verba
3155 5758 3412 5816 hominis
3447 5756 3777 5815 manifesta-
