3914 6396
174 446 285 507 961

1352 434 1862 513 EXPLANATIO
1903 454 1982 514 IN
2028 456 2409 521 PSALMOS.

170 594 352 670 quam
381 578 651 635 dicturus
679 581 787 635 est:
818 578 879 670 In
914 581 1170 637 secundo
1201 582 1367 670 ponit
1395 583 1692 639 Christum
1725 585 1826 640 Ro-
1852 585 1908 653 Α
1938 598 2052 643 non
2086 589 2198 644 fuit
2225 592 2575 649 conveniens
2596 598 2663 651 ut
2682 593 2877 651 divina
2896 596 3445 670 Scripturapateret
3472 612 3593 656 on)-

166 669 536 740 demptorem
567 684 683 722 non
718 666 1009 723 malorum
1042 672 1097 724 ct
1128 669 1325 724 saeculi
1350 675 1704 742 amatorum,
1728 674 1830 727 sed

163 755 490 828 justorum,
522 754 670 810 etin
716 756 922 811 eadem
968 761 1131 829 parte
1172 758 1602 829 reprehendens
1638 760 1832 815 stulti-

172 844 313 901 tiam
341 861 575 913 eorum,
603 848 769 900 notat
798 846 1109 917 vanitates,
1142 847 1360 919 quibus
1400 853 1691 904 amatores
1721 866 1831 904 sae-

166 934 284 989 culi
314 932 489 989 istius
520 937 660 989 sunt
687 933 920 989 intenti.
955 934 1017 989 In
1051 935 1219 991 tertia
1258 940 1423 1007 parte
1457 940 1653 992 monet
1683 954 1830 1009 pau-

172 1040 337 1096 peres
359 1022 579 1094 jnstos,
602 1039 673 1077 ne
705 1026 911 1079 curent
950 1023 1115 1091 istos,
1150 1023 1381 1096 divites,
1401 1025 1541 1097 quia
1584 1024 1698 1080 cito
1728 1042 1827 1098 pe-

170 1110 370 1167 ribunt
398 1127 600 1167 eorum
631 1110 869 1166 divitiae.
893 1111 1145 1168 Intentio
1172 1118 1280 1182 est,
1314 1113 1558 1169 invitare
1591 1114 1662 1169 ad
1691 1132 1826 1171 con-

172 1204 461 1273 temptum
493 1200 723 1255 mundi.

240 1288 389 1357 Quia
403 1304 537 1345 vero
563 1304 688 1344 rem
719 1287 1127 1345 inconsuetam
1152 1290 1422 1347 dicturus
1453 1293 1597 1359 erat,
1621 1308 1825 1348 omnes

167 1377 377 1434 invitat
405 1378 477 1433 ad
509 1376 892 1448 audiendum,
917 1379 1119 1434 dicens
1144 1396 1193 1435 :«
1218 1379 1426 1437 Audite
1451 1380 1595 1452 haec,
1618 1397 1825 1436 omnes

164 1490 197 1517 ι(
223 1470 426 1540 gentes
446 1482 466 1521 ι
482 1488 511 1515 ››
533 1470 591 1522 et
609 1463 706 1521 hic
736 1465 935 1521 statim
963 1472 1160 1539 captat
1181 1468 1586 1539 attentionem,
1601 1474 1657 1523 et
1679 1469 1824 1525 bene

167 1559 367 1615 monet
392 1555 466 1611 ad
496 1553 883 1627 audiendum,
906 1555 1047 1628 quia
1089 1572 1213 1612 rem
1246 1574 1523 1629 magnam
1556 1557 1824 1615 dicturus

159 1648 310 1703 erat.
343 1645 496 1701 Bene
535 1660 740 1701 omnes
780 1643 1009 1711 invitat,
1042 1645 1186 1717 quia
1222 1647 1521 1717 omnibus,
1555 1645 1604 1702 si
1633 1651 1822 1702 atten-

158 1734 327 1803 dant,
348 1732 610 1807 proderit
639 1733 796 1805 quod
827 1732 1097 1791 dicturus
1127 1738 1237 1803 est,
1260 1751 1464 1791 omnes
1494 1738 1659 1792 vocat
1687 1752 1825 1807 gen-

162 1823 316 1896 tiles,
339 1827 401 1880 et
430 1838 546 1879 non
576 1825 809 1878 tantum
842 1822 1043 1879 audite
1083 1840 1185 1895 per
1221 1823 1564 1881 exteriorem
1592 1842 1817 1896 aurem,

161 1912 262 1968 sed
312 1910 491 1968 etiam
523 1934 551 1963 «
605 1910 848 1967 auribus
897 1934 926 1961 »
959 1911 1338 1969 interioribus
1368 1936 1395 1963 ‹‹
1452 1912 1752 1985 percipite,
1788 1934 1818 1963 ››

158 2000 219 2057 id
276 2005 391 2072 est,
430 1999 742 2073 diligenter
796 1998 1127 2073 intelligite,
1158 2005 1217 2057 et
1254 2017 1357 2056 vos
1388 2024 1416 2051 ι(
1462 2018 1669 2057 omnes
1718 2000 1817 2074 qui

162 2112 188 2139 ιι
220 2088 503 2145 habitatis
534 2088 760 2159 orbem,
784 2109 811 2137 ι(
836 2087 895 2142 id
927 2092 1035 2159 est,
1068 2088 1277 2159 Judazi,
1312 2088 1412 2162 qui
1445 2093 1660 2145 terram
1690 2106 1819 2163 pro-

154 2176 464 2235 missionis
512 2176 817 2246 habitatis,
850 2176 1047 2234 audite
1090 2176 1237 2247 haec,
1275 2177 1635 2251 auribusque
1681 2196 1818 2252 per-

156 2266 357 2341 cipite.

228 2357 301 2413 Et
329 2355 473 2429 quia
500 2354 713 2428 aliquis
744 2360 945 2429 posset
973 2356 1203 2412 dicere:
1235 2356 1357 2412 Illis
1388 2356 1489 2429 qui
1520 2361 1662 2414 sunt
1689 2374 1818 2430 pro—

156 2444 499 2503 fundissimi
539 2444 751 2517 iniqui,
785 2462 900 2502 non
946 2446 1185 2518 prodest
1230 2438 1458 2518 audire,
1490 2445 1636 2503 dicit
1667 2464 1681 2502 :
1713 2464 1815 2503 vos

154 2534 337 2591 etiam
367 2557 397 2585 «
431 2533 650 2608 quiquo
692 2534 1021 2608 terrigena),
1043 2558 1071 2584 n
1096 2535 1155 2590 id
1182 2539 1298 2601 est,
1330 2552 1537 2592 omnes
1567 2535 1815 2608 quicun-

155 2640 269 2696 que
297 2622 540 2695 terreni,
566 2623 735 2695 quasi
779 2623 885 2679 filii
936 2628 1125 2692 terrae,
1157 2624 1360 2680 audite
1390 2621 1513 2680 haec
1547 2642 1561 2681 :
1595 2625 1735 2697 quia
1764 2625 1815 2681 si

152 2711 338 2769 vultis
359 2712 680 2784 attendere,
703 2712 964 2785 proderit
982 2713 1166 2784 vobis,
1181 2717 1239 2769 et
1256 2714 1396 2785 quia
1416 2719 1658 2786 possent
1678 2715 1814 2770 boni

153 2801 380 2871 dicere;
413 2800 555 2858 mali
577 2801 816 2873 quidem
839 2800 1084 2857 audiant
1104 2800 1321 2873 quibus
1344 2819 1492 2873 opus
1514 2806 1621 2872 est,
1645 2803 1815 2858 nobis

152 2896 356 2947 autem
380 2891 508 2963 jam
539 2907 689 2962 opus
719 2906 836 2945 non
866 2892 976 2960 est,
1008 2889 1149 2961 quia
1176 2890 1311 2945 boni
1352 2907 1584 2959 sumus,
1619 2894 1818 2946 monet

148 2980 336 3036 etiam
366 2996 466 3036 eos
498 2982 565 3034 ut
591 2977 857 3048 audiant,
891 2978 1032 3049 quia
1061 2977 1261 3032 nullus
1300 2982 1391 3033 est
1437 2982 1556 3034 tam
1601 2979 1812 3047 bonus,

150 3069 251 3141 qui
284 3084 410 3124 non
460 3066 648 3138 possit
695 3064 1015 3135 meliorari,
1047 3066 1248 3122 dicens
1282 3082 1295 3120 :
1329 3089 1358 3117 «
1390 3071 1448 3122 ct
1490 3066 1596 3122 lilii
1625 3066 1814 3122 homi-

152 3176 324 3226 num,
350 3178 377 3205 ››
409 3154 468 3211 id
500 3158 608 3223 est,
642 3153 1081 3210 rationabilium
1127 3154 1435 3210 hominum
1467 3153 1815 3225 imitatores,

154 3246 357 3305 audite
405 3244 549 3300 haec.
583 3244 655 3300 Et
695 3243 839 3315 quid
887 3242 1154 3316 singulos
1200 3244 1526 3316 exsequar?
1555 3245 1816 3301 Audiant

1836 1957 1897 2024 ’Β

1943 675 2139 746 nibus,
2168 695 2237 733 ne
2259 697 2293 733 a
2316 680 2573 736 veritatis
2604 681 2833 737 aemulis
2853 681 3395 750 conculcaretur,et
3414 707 3443 735 ‹‹
3468 702 3599 758 ape-

1941 764 2088 821 riam
2148 768 2603 839 propositionem
2656 787 2926 838 meam,»
2963 771 3021 827 id
3071 776 3182 841 est,
3234 789 3411 845 quem
3449 778 3597 831 'ante

1920 853 2138 910 .omnia
2179 872 2438 928 propono
2483 858 2627 915 mihi
2678 876 2806 916 esse
2857 861 3248 933 sequendum,
3282 861 3370 917 vel
3422 878 3598 935 quem

1938 959 2197 1015 propono
2227 962 2356 1001 esse
2378 948 2877 1004 manifestandum
2900 948 2959 1004 in
2981 948 3090 1004 hoc
3112 948 3340 1021 psalmo
3364 964 3377 1005 :
3408 954 3467 1007 et
3487 951 3599 1019 hoc

1937 1032 2147 1089 faciam
2184 1055 2212 1084 α
2233 1034 2291 1089 in
2325 1036 2652 1107 psalterio»
2688 1055 2803 1093 non
2836 1037 3029 1094 solum
3058 1039 3253 1107 verbo,
3278 1039 3388 1095 sed
3417 1039 3597 1096 etiam

1936 1122 2200 1194 exemplo
2259 1123 2431 1192 bono,
2486 1130 2552 1180 ut
2610 1128 2766 1198 quod
2816 1128 3057 1182 doceam
3110 1143 3228 1195 ore,
3267 1126 3595 1201 compleam

1935 1226 2129 1282 opere.

2008 1299 2110 1355 llic
2141 1300 2346 1372 incipit
2365 1304 2625 1359 secunda
2654 1321 2789 1375 pars
2813 1308 2990 1376 atque
3019 1304 3298 1373 narratio,
3321 1309 3380 1362 et
3404 1304 3593 1378 loqui-

1930 1390 2031 1443 tur
2061 1389 2346 1461 Propheta
2375 1390 2433 1445 in
2468 1408 2718 1463 persona
2742 1391 3056 1461 malorum,
3078 1392 3279 1448 dicens
3303 1408 3317 1448 :
3345 1393 3588 1449 Timebo

1933 1476 2171 1548 quidem
2197 1502 2225 1528 «
2257 1477 2316 1533 in
2347 1480 2441 1536 die
2473 1479 2650 1547 malo,
2675 1503 2703 1531 )›
2730 1481 2786 1537 id
2817 1485 2927 1552 est,
2960 1480 3020 1537 in
3043 1481 3271 1553 judicio
3306 1497 3319 1537 :
3353 1486 3412 1537 et
3432 1504 3461 1533 «
3484 1498 3591 1537 cur

1932 1566 2238 1623 timebo?»
2266 1568 2429 1624 Dicet
2466 1568 2681 1641 aliquis
2714 1588 2728 1627 :
2763 1572 3009 1627 Furtum
3060 1570 3192 1642 feci,
3213 1570 3303 1626 vel
3343 1569 3588 1627 homici»

1928 1655 2120 1726 dium,
2155 1673 2270 1712 non
2304 1657 2509 1729 utique
2542 1664 2849 1731 propterea
2882 1660 3122 1731 timebo,
3140 1659 3247 1715 sed
3277 1659 3427 1728 ideo,
3452 1658 3591 1731 quia

1931 1768 1959 1795 «
1993 1745 2276 1819 iniquitas
2326 1745 2583 1803 calcanei
2633 1748 2769 1816 mei,
2796 1770 2827 1798 ››
2849 1748 3046 1804 finalis
3093 1748 3398 1820 iniquitas,
3425 1768 3454 1798 α
3483 1747 3590 1804 cir-

1927 1834 2234 1890 cumdabit
2264 1851 2376 1903 me,
2406 1858 2432 1885 »
2456 1836 2514 1891 id
2546 1840 2656 1903 est,
2680 1854 2749 1892 ex
2791 1836 2953 1893 omni
3000 1841 3164 1909 parte
3194 1836 3465 1893 ostendet
3492 1851 3588 1893 me

1927 1940 2055 1979 esse
2084 1923 2505 1979 damnabilem.
2529 1924 2700 1980 Nulla
2718 1924 3003 1998 iniquitas
3025 1926 3287 1996 damnat,
3304 1930 3429 1997 quas
3448 1928 3588 1982 ante

1927 2014 2104 2069 tinem
2137 2012 2457 2068 dimittitur
2487 2017 2544 2069 et
2573 2018 2879 2086 purgatur,
2901 2015 3231 2072 secundum
3264 2014 3374 2071 hoc
3400 2013 3588 2087 inqui-

1926 2105 2024 2157 tur
2055 2102 2208 2174 quod
2241 2099 2529 2159 Dominus
2558 2101 2702 2158 dicit
2731 2101 2965 2159 mulieri
2996 2119 3103 2176 per
3130 2107 3463 2176 serpentem
3493 2103 3589 2160 de-

1925 2194 2105 2262 cepta:
2129 2206 2143 2244 :
2165 2213 2187 2239 ι
2224 2191 2476 2263 Serpens
2507 2190 2887 2248 insidiabitur
2916 2191 3188 2249 calcaneo
3220 2181 3507 2263 mulieris,
3529 2194 3589 2248 et

1924 2279 2297 2337 conculcabit
2344 2278 2560 2336 mulier
2608 2284 2785 2353 caput
2832 2281 3120 2354 serpentis
3149 2281 3303 2351 (Gen.
3329 2280 3490 2353 iu),»
3524 2280 3584 2337 id

1924 2374 2033 2437 est,
2057 2368 2330 2424 diabolus
2380 2367 2759 2425 insidiabitur
2785 2369 2889 2424 fini
2939 2368 3202 2426 hominis
3250 2372 3316 2425 ut
3360 2368 3423 2424 in
3466 2369 3585 2425 fine

1925 2457 2200 2529 decipiat,
2228 2458 2400 2530 cuius
2433 2456 2650 2513 diaboli
2682 2461 2878 2530 caput,
2900 2457 2961 2514 id
2981 2462 3093 2529 est,
3114 2456 3383 2529 insidias,
3405 2456 3582 2515 homo

1925 2546 2249 2615 concaleat,
2283 2547 2333 2603 si
2364 2550 2528 2603 cavet
2551 2564 2586 2602 a
2613 2546 2794 2603 vitiis.
3556 2593 3562 2599 .

1998 2636 2307 2707 Proposuit
2325 2633 2719 2708 iniquitatem,
2734 2640 2792 2691 et
2808 2635 2971 2692 illam
2990 2654 3092 2709 per
3109 2640 3306 2709 partes
3321 2634 3584 2707 ex'sequi—

1925 2730 2042 2792 tur,
2067 2725 2381 2780 ostendens
2406 2740 2613 2779 omnes
2645 2724 2987 2796 iniquitates
3012 2741 3141 2782 esse
3172 2724 3474 2795 hominus,
3494 2725 3583 2781 vel

1926 2812 2261 2881 exteriores,
2295 2810 2382 2866 vel
2415 2812 2740 2867 interiores.
2777 2812 2837 2868 Si
2880 2813 3039 2869 enim
3083 2813 3260 2869 homo
3310 2813 3448 2868 facit
3477 2814 3581 2869 he-

1910 2900 2258 2967 .micidium,
2281 2900 2369 2955 vel
2400 2904 2465 2954 ut
2493 2900 2758 2956 obtineat
2786 2901 3064 2972 bona,vel
3097 2906 3162 2957 ut
3183 2902 3455 2957 ostendat
3474 2902 3586 2958 for-

1925 2988 2239 3044 titudinem
2264 3004 2456 3045 suam.
2475 2989 2654 3055 Quasi
2678 2989 2895 3061 aliquis
2916 2990 3135 3046 diceret
3156 3007 3171 3046 :
3197 2992 3285 3047 Tu
3304 2990 3457 3047 dicis
3475 3006 3584 3049 nos

1906 3078 2153 3147 'timere,
2187 3077 2289 3133 sed
2318 3093 2501 3149 quare
2529 3077 2919 3134 timeremus?
2945 3095 3082 3135 cum
3114 3078 3351 3135 vitalem
3379 3095 3587 3153 propo-

1924 3181 2032 3222 nas
2049 3166 2493 3239 Redemptorem
2513 3165 2662 3221 nulli
2680 3166 3012 3223 timendum
3029 3183 3157 3224 esse
3175 3184 3426 3239 quorum
3445 3182 3585 3241 prai-

1924 3254 2322 3327 sumptionem
2350 3253 2571 3327 frangit
2613 3254 2923 3328 Propheta,
2953 3256 3039 3312 sic
3068 3256 3272 3313 dicens
3307 3272 3322 3311 :
3354 3254 3502 3312 Vere
3531 3255 3584 3314 si

155 3335 280 3391 11330
312 3358 340 3386 α
373 3332 538 3389 dives
593 3337 652 3389 et
708 3348 931 3405 Pauper
961 3355 990 3382 ”
1023 3333 1328 3388 tendentes
1361 3356 1389 3383 ί(
1423 3333 1484 3389 in
1540 3351 1746 3403 unum,
1781 3357 1810 3384 υ
1834 3323 1885 3390 ε
1922 3323 2205 3416 iniquitas
2242 3323 2514 3399 ealcanei
2547 3323 2876 3401 circumdat
2903 3323 3256 3401 timendum
3301 3349 3411 3415 est,
3443 3345 3585 3418 quia

155 3424 216 3479 id
244 3429 357 3493 est,
386 3422 447 3478 in
477 3422 746 3480 eamdem
775 3421 1134 3477 voluntatem
1167 3421 1465 3478 audiendi.
1490 3423 1639 3479 Istas
1663 3424 1814 3480 duas

155 3512 526 3570 conditiones
556 3510 754 3567 divitis
791 3514 850 3567 et
878 3510 1173 3584 pauperis
1218 3510 1416 3584 potius
1446 3510 1642 3585 elegit,
1674 3512 1815 3585 quia

155 3602 487 3660 secundum
518 3617 617 3657 eas
648 3604 781 3673 aget
810 3600 871 3655 in
896 3601 1145 3677 psalmo.

227 3715 256 3743 α
283 3691 363 3749 Os
394 3707 615 3747 meum.
640 3713 669 3739 υ
691 3689 793 3746 Hic
825 3690 966 3745 facit
1002 3689 1245 3759 dociles,
1277 3691 1653 3764 proponendo
1684 3709 1812 3764 qua:

156 3781 427 3838 dicturus
443 3779 936 3837 est.Continuatio
955 3796 971 3835 :
991 3780 1124 3837 ideo
1144 3781 1647 3851 debetis_audire,«
1675 3782 1815 3854 quia

155 3895 183 3923 ‹‹
216 3889 283 3929 os
304 3887 505 3928 meum
526 3869 803 3942 loquetur
832 3869 1183 3941 sapientiam
1205 3875 1262 3926 et
1290 3871 1735 3943 prudentiam,»
1758 3876 1815 3928 et

155 3960 248 4018 hic
278 3978 499 4035 magna
527 3959 824 4033 proponit,
845 3959 985 4031 quia
1013 3959 1160 4014 nihil
1190 3959 1351 4015 aliud
1381 3964 1591 4017 tractat
1611 3960 1816 4017 divini-

153 4055 267 4125 tas,
289 4067 474 4124 quam
506 4048 857 4121 sapientiam
887 4052 944 4103 et
973 4048 1370 4121 prudentiam.
1394 4050 1695 4122 Sapientia
1723 4054 1814 4106 est

132 4141 414 4215 cognitio
447 4138 802 4210 divinorum,
834 4137 1147 4211 prudentia
1193 4142 1284 4194 est
1328 4138 1637 4196 instructio
1685 4156 1812 4196 mo-

153 4247 312 4300 rum,
340 4234 404 4286 et
450 4228 740 4302 Propheta
793 4227 888 4283 hic
938 4226 1251 4284 annuntiat
1295 4224 1810 4299 ‘sapientiam,'ubi

154 4319 455 4377 Christum
486 4316 701 4375 Filium
722 4315 824 4372 Dei
856 4316 1304 4389 Redemptorem
1334 4315 1665 4371 annuntiat.
1689 4317 1811 4372 Mo-

136 4425 247 4473 res
279 4408 585 4479 informat,
615 4422 754 4463 cum
785 4406 953 4462 docet
999 4404 1122 4462 hac
1173 4405 1473 4461 mundana
1519 4422 1636 4463 non
1682 4422 1813 4462 esse

155 4497 537 4567 attendenda,
554 4500 615 4555 et
651 4494 901 4553 divitum
930 4494 1163 4552 divitias
1202 4495 1604 4568 negligendas,
1635 4500 1693 4551 et
1739 4513 1812 4552 ne

155 4587 379 4645 diceret
406 4585 624 4659 aliquis
649 4602 665 4642 :
699 4584 832 4641 Haec
862 4589 966 4663 tua
994 4600 1111 4641 non
1152 4588 1294 4641 sunt
1322 4584 1636 4655 audienda,
1671 4585 1812 4659 quia

1924 3456 1952 3484 ‹‹
1977 3434 2174 3501 frater,
2200 3454 2229 3482 ››
2250 3432 2310 3487 id
2331 3436 2439 3501 est,
2464 3432 2752 3502 Christus,
2776 3437 3041 3490 nostram
3062 3434 3286 3490 habens
3308 3437 3582 3491 naturam

1924 3547 1953 3574 α
1985 3539 2103 3578 non
2133 3521 2421 3578 redimit»
2445 3521 2599 3593 illos,
2625 3522 2852 3580 scilicet
2872 3547 2901 3574 ‹‹
2924 3523 3026 3597 qui
3057 3524 3365 3581 conﬁdunt
3384 3524 3446 3581 in
3472 3524 3585 3581 vir-

1923 3614 2050 3668 tute
2081 3628 2209 3681 sua,
2241 3634 2268 3660 ››
2291 3610 2350 3665 id
2383 3613 2488 3680 est,
2512 3611 2584 3667 de
2635 3611 2979 3669 fortitudine
3010 3630 3119 3669 sua
3152 3616 3330 3685 atque
3374 3615 3583 3685 poten-

1922 3702 2006 3757 tia
2033 3701 2149 3757 Deo
2181 3700 2403 3773 gratias
2435 3716 2552 3755 non
2603 3705 2808 3773 agunt,
2842 3702 2943 3757 sed
2991 3701 3053 3757 in
3104 3702 3251 3775 ipsis
3282 3703 3587 3759 conﬁdunt

1924 3814 1952 3841 ‹‹
1987 3795 2044 3847 et
2078 3814 2104 3839 ››
2137 3789 2268 3846 illos
2300 3788 2401 3861 qui
2432 3813 2459 3838 ‹‹
2496 3788 2824 3861 gloriantur
2858 3789 2917 3845 in
2949 3789 3330 3846 multitudine
3359 3790 3584 3847 divitia-

1924 3897 2056 3937 rum
2103 3896 2346 3936 suarum
2378 3901 2409 3929 »
2440 3878 2490 3934 si
2541 3878 2781 3950 quidem
2832 3879 2892 3933 in
2942 3878 3051 3934 hoc
3100 3882 3498 3950 perseverant,
3528 3883 3587 3934 et

1923 3986 2058 4025 cum
2099 3968 2370 4023 Christus
2428 3966 2577 4022 tales
2626 3984 2741 4022 non
2792 3966 3045 4022 redimat
3075 3988 3103 4016 ‹‹
3136 3965 3386 4021 redimet
3413 3988 3443 4017 »
3483 3983 3584 4023 eos

1923 4057 2139 4128 aliquis
2164 4080 2191 4105 ››
2216 4054 2431 4111 homo?
2456 4076 2483 4103 ››
2508 4054 2635 4112 Non
2663 4055 2888 4127 utique,
2911 4059 2970 4109 et
3000 4071 3132 4110 vere
3162 4070 3279 4109 non
3311 4054 3585 4125 redimet,

1900 4146 2063 4217 quia
2084 4168 2111 4195 ‹‹
2138 4160 2253 4200 non
2293 4142 2457 4199 dabit
2502 4143 2619 4199 Deo
2669 4141 3059 4215 placationem
3108 4160 3300 4214 suam,
3321 4162 3353 4194 »
3385 4142 3447 4198 id
3473 4147 3586 4215 est,

1902 4252 2039 4291 non
2068 4232 2285 4306 poterit
2313 4231 2830 4304 Deumplacatum
2871 4232 3113 4289 reddere
3145 4231 3319 4289 malis
3349 4246 3454 4304 per
3479 4230 3585 4288 ali-

1920 4340 2102 4396 quam
2142 4321 2489 4393 orationem,
2519 4320 2607 4377 vel
2658 4319 3038 4389 oblationem,
3070 4319 3339 4387 Christus
3360 4323 3580 4377 autem

1921 4412 2113 4470 reddit
2140 4412 2328 4467 Deum
2351 4409 2649 4483 placatum
2670 4410 2797 4467 suis
2828 4409 3059 4482 amicis,
3084 4413 3350 4467 nostram
3378 4409 3583 4466 huma-

1920 4501 2166 4558 nitatem
2199 4501 2251 4556 ei
2284 4502 2665 4573 praesentans.

1993 4615 2022 4644 ‹‹
2055 4593 2126 4648 Et
2159 4614 2187 4641 ››
2220 4607 2336 4648 non
2391 4589 2555 4645 dabit
2602 4589 2718 4646 Deo
2768 4588 2981 4662 aliquis
3028 4588 3206 4645 homo
3238 4612 3267 4640 ‹‹
3317 4586 3574 4660 pretium

154 4677 285 4735 sine
307 4673 1009 4748 meditatione-proponis,
1032 4674 1290 4731 ostendit
1309 4692 1372 4733 se
1396 4692 1464 4732 ex
1485 4676 1813 4734 considera-
1840 4692 1889 4758 ι)
1920 4678 2340 4753 redemptionis
2369 4677 2578 4735 animae
2610 4694 2752 4750 suae,
2782 4700 2803 4729 ι
2833 4677 2893 4734 id
2923 4683 3033 4749 est,
3065 4676 3228 4735 nulla
3257 4676 3441 4750 pretio
3470 4694 3572 4750 po-

153 4766 314 4824 tione
341 4765 528 4839 loqui,
546 4781 680 4822 cum
715 4764 857 4821 dicit
877 4780 909 4815 ‹<
934 4768 994 4821 et
1036 4764 1340 4821 meditatio
1385 4765 1578 4822 cordis
1621 4767 1757 4838 mei,
1780 4790 1808 4817 ››

151 4854 213 4912 id
244 4859 357 4925 est,
377 4855 498 4912 sive
526 4854 737 4927 loquar
754 4852 1105 4927 sapientiam
1128 4852 1247 4909 sive
1271 4855 1666 4927 prudentiam,
1690 4862 1811 4913 stu-

152 4945 325 5003 diosa
350 4943 569 5001 mentis
598 4943 988 5017 applicatione
1019 4943 1143 5000 haec
1173 4942 1341 5000 facio.

224 5053 254 5087 α
288 5034 608 5105 Inclinabo,
634 5056 663 5084 ››
687 5032 930 5102 scilicet,
965 5037 1024 5090 et
1052 5049 1189 5089 cum
1231 5032 1439 5106 loquar
1467 5051 1536 5090 ex
1565 5036 1810 5092 medita-

151 5124 335 5196 tione,
367 5140 484 5180 non
514 5123 624 5180 erit
662 5140 731 5179 ex
760 5140 877 5193 me,
908 5124 1010 5180 sed
1061 5123 1247 5179 habeo
1297 5124 1647 5197 magistrum
1680 5126 1810 5198 Spi-

153 5214 337 5273 ritum
385 5216 680 5285 sanctum,
711 5213 785 5269 de
815 5229 931 5285 quo
982 5213 1123 5269 dicit
1154 5236 1181 5263 ‹‹
1216 5228 1417 5268 aurem
1448 5231 1664 5285 meam,
1691 5238 1718 5264 ››
1752 5215 1810 5270 id

153 5307 264 5371 est,
294 5300 663 5358 intellectum
706 5302 903 5358 cordis
947 5301 1062 5358 mei
1116 5300 1432 5374 inclinabo,
1466 5303 1524 5359 id
1556 5308 1665 5372 est,
1702 5304 1809 5359 hu-

154 5388 490 5459 miliabo,ut
505 5407 641 5447 cum
658 5390 996 5447 humilitate
1013 5391 1252 5447 audiam
1270 5391 1504 5447 cuidam
1526 5393 1810 5466 magistro

154 5496 309 5552 meo,
344 5479 570 5537 scilicet
625 5476 873 5554 Spiritui
931 5483 1157 5551 sancto,
1202 5479 1462 5552 loquenti
1511 5480 1655 5536 mihi
1688 5505 1715 5531 ‹‹
1750 5483 1810 5537 in

152 5569 520 5643 parabolam,
545 5593 575 5621 «
609 5574 667 5626 et
698 5569 853 5627 sicut
883 5568 1173 5643 Propheta
1210 5569 1271 5625 in
1315 5569 1595 5642 parabole
1623 5571 1809 5645 audit,

136 5658 239 5719 aio
266 5657 331 5716 in
356 5659 644 5733 parabole.
670 5659 900 5734 loquar.
935 5658 1218 5716 Parabola
1246 5663 1357 5727 est,
1380 5658 1479 5715 ubi
1524 5658 1686 5715 aliud
1717 5661 1811 5717 di-

140 5744 326 5823 situ,
356 5751 418 5809 et
459 5747 621 5813 aliud
661 5747 1031 5824 intelligitur,
1060 5748 1194 5808 ideo
1235 5748 1319 5807 sic
1360 5746 1642 5826 loquitur,
1673 5751 1813 5829 quia

473 5878 748 5944 PATBOL.
794 5876 998 5943 CXVI.

1919 4770 2056 4827 terit
2083 4785 2212 4826 eam
2246 4768 2551 4835 redimere,
2585 4766 2723 4840 quia
2753 4767 2946 4824 solum
2977 4783 3189 4839 corpus
3208 4766 3428 4823 Christi
3453 4764 3576 4823 ido-

1920 4875 2096 4916 neum
2129 4858 2432 4913 inventum
2463 4860 2575 4927 est,
2605 4873 2709 4928 per
2745 4857 2903 4929 quod
2944 4855 3268 4927 redemptio
3297 4855 3484 4923 fieret,
3517 4858 3577 4911 et

1918 4948 2060 5021 quia
2091 4964 2206 5003 non
2247 4946 2485 5002 redimit
2513 4944 2783 5002 Christus
2824 4945 2991 5011 tales,
3022 4961 3129 5001 nec
3177 4944 3354 5002 homo
3383 4946 3577 5015 potest

1920 5037 2226 5105 redimere,
2261 5036 2388 5091 ideo
2420 5052 2537 5092 non
2568 5038 2798 5091 tantum
2830 5038 2917 5090 est
2946 5033 3065 5090 illis
3090 5032 3437 5101 timendum,
3469 5032 3573 5089 sed

1923 5149 1952 5179 ς(
1984 5127 2161 5182 etiam
2195 5124 2485 5181 laborabit
2518 5146 2545 5174 ››
2578 5123 2676 5179 ille
2723 5140 2840 5180 non
2889 5124 3229 5195 redemptus
3259 5145 3288 5173 ‹‹
3321 5122 3381 5179 in
3410 5124 3575 5179 aeter-

1921 5233 2064 5272 num
2099 5238 2129 5265 »
2152 5218 2208 5270 et
2238 5214 2393 5270 sicut
2424 5212 2710 5285 Propheta
2738 5212 3254 5285 praesumptionem
3284 5210 3575 5269 malorum

1920 5304 2193 5378 superius
2224 5304 2414 5377 fregit,
2440 5302 2523 5359 sic
2552 5319 2807 5358 errorem
2837 5319 3041 5359 eorum
3072 5300 3165 5359 hic
3194 5293 3597 5372 destruit,qui-

1921 5399 2291 5450 mortuorum
2331 5391 2818 5448 resurrectionem
2867 5408 2983 5447 non
3034 5391 3300 5462 credunt,
3323 5393 3382 5448 et
3428 5389 3577 5447 bene

1922 5484 2051 5540 dico
2079 5482 2370 5538 laborabit
2394 5482 2453 5536 in
2477 5486 2782 5549 internum,
2806 5480 2947 5553 quia
2968 5503 2997 5532 «
3022 5481 3082 5535 in
3104 5480 3304 5548 linem,
3331 5502 3361 5531 »
3383 5478 3442 5537 id
3463 5482 3573 5550 est,

1921 5575 1981 5629 in
2013 5575 2262 5628 mortem
2297 5570 2680 5642 temporalem
2714 5591 2743 5621 «
2776 5568 2968 5625 adhuc
2997 5570 3148 5626 vivet
3180 5592 3208 5619 »
3240 5569 3386 5641 ipse.

1992 5663 2063 5719 Et
2095 5660 2224 5715 ideo
2256 5658 2435 5715 etiam
2466 5657 2777 5725 laborabit,
2801 5657 2942 5731 quia
2980 5658 3042 5714 in
3082 5656 3193 5715 hac
3217 5680 3245 5709 ‹‹
3270 5672 3387 5716 non
3416 5656 3576 5717 vide-

1918 5753 2010 5814 bit
2054 5748 2382 5819 interitum,
2424 5770 2453 5802 υ
2483 5747 2544 5809 id
2592 5749 2701 5821 est,
2752 5746 3191 5809 damnationem
3209 5770 3239 5802 ιι
3271 5758 3432 5825 cum,
3452 5768 3487 5802 »
3518 5746 3579 5809 id

3178 5877 3256 5944 12
