3936 6368
378 443 494 503 363

807 435 1219 501 HAYMONIS
1255 431 1797 494 HALBEBSTA'I‘.
1831 428 2080 494 EPISC.
2114 434 2287 495 OPP.
2323 435 2525 496 PARS
2557 434 2604 496 Ι.
2641 469 2719 478 -
2747 432 3154 496 COMMENT.
3188 431 3387 494 BIBL.

3678 431 3802 494 364

363 577 486 645 est,
509 572 647 646 quia
666 596 693 622 ‹‹
727 571 938 627 viderit
961 592 988 620 »
1010 570 1071 624 in
1103 570 1212 624 hac
1240 568 1359 623 vita
1379 587 1408 616 ‹‹
1433 565 1748 639 sapientes,
1779 584 1805 611 ››
1827 561 1884 616 id
1917 565 2025 630 est,
2060 567 2113 633 Α
2142 567 2199 622 id
2233 570 2340 634 est,
2375 566 2599 622 similes
2630 567 2837 623 ovibus
2863 584 2875 622 :
2900 567 3041 639 quia
3088 567 3242 622 sicut
3275 581 3409 622 oves
3456 582 3606 638 saepe
3653 570 3802 622 tun-

367 663 563 734 justos
608 661 764 716 viros
812 662 998 714 morte
1051 655 1360 729 temporali
1407 678 1434 704 «
1491 652 1826 708 morientes.
1869 673 1896 699 ››
1927 649 2033 705 Vel

373 749 743 823 sapientes,»
793 748 850 803 id
903 750 1012 814 est,
1065 746 1401 801 mundanos
1450 740 1832 814 philosophos
1867 755 1880 794 :
1915 754 2033 794 non

370 837 590 894 videbit
619 836 922 893 interitum
968 836 1118 906 dico,
1154 835 1256 890 sed
1290 857 1317 884 ‹‹
1354 831 1631 905 peribunt
1673 828 1852 885 simul
1884 827 2035 884 insi-

369 927 537 999 piens
584 930 642 982 ct
689 925 986 982 stultus.»
1033 922 1324 995 Insipiens
1375 924 1485 988 est,
1541 917 1642 990 qui
1689 934 1805 972 non
1852 915 2037 971 credit

370 1014 629 1070 futuram
662 1031 896 1088 pmnam
931 1029 944 1068 :
982 1012 1225 1084 stultus,
1263 1009 1389 1082 qui,
1420 1008 1559 1064 licet
1588 1007 1809 1074 credat,
1837 1009 2033 1060 tamen

371 1120 489 1160 non
521 1108 704 1160 cavet.

443 1194 515 1250 Et
535 1191 793 1249 ostendit
811 1191 1119 1259 vanitates,
1140 1188 1359 1262 quibus
1379 1187 1478 1243 isti
1501 1185 1559 1240 in
1585 1184 1874 1240 mundum
1899 1182 2039 1236 sunt

374 1281 576 1351 dediti,
601 1282 662 1338 in
695 1281 911 1354 quibus
935 1295 1138 1336 eorum
1168 1280 1332 1333 notat
1363 1273 1702 1331 stultitiam.
1728 1268 2042 1327 Continua-

376 1371 460 1428 tio
485 1387 499 1427 :
524 1370 804 1427 Peribunt
825 1392 855 1420 «
886 1372 945 1426 et
973 1367 1150 1424 etiam
1183 1364 1518 1436 relinquent
1548 1359 1755 1417 alienis
1786 1375 1925 1415 suas
1950 1355 2038 1412 di-

376 1459 627 1532 vitias,»
654 1459 712 1513 id
763 1462 871 1526 est,
917 1455 1234 1522 extraneis,
1285 1451 1374 1508 vel
1419 1451 1595 1507 etiam
1642 1448 1801 1516 filiis,
1843 1452 2039 1502 tamen

381 1546 611 1615 alienis,
647 1547 787 1619 quia
817 1546 1044 1618 perdito
1070 1541 1296 1599 homini
1328 1540 1474 1596 nihil
1505 1538 1640 1612 plus
1671 1535 1866 1593 valent
1896 1532 2041 1589 divi-

379 1637 496 1705 tiae,
529 1641 652 1691 tam
702 1635 820 1691 tilio
853 1651 1030 1707 quam
1078 1637 1350 1688 extraneo
1385 1646 1453 1684 :«
1486 1633 1545 1684 et
1594 1624 1864 1697 sepulcra
1912 1621 2041 1677 illo-

380 1742 537 1795 rum,
564 1746 592 1774 »
617 1724 676 1779 id
707 1728 816 1792 est,
841 1723 1177 1797 pyramides
1227 1725 1286 1776 ct
1332 1716 1656 1781 mausolea,
1689 1731 1817 1786 qua:
1871 1709 2042 1784 quasi

379 1830 628 1887 magnas
657 1812 950 1868 adiﬁcant
988 1813 1215 1879 domos,
1249 1807 1421 1881 quasi
1473 1803 1744 1878 sepulcra
1793 1802 2045 1856 debeant

377 1919 508 1960 esse
531 1925 558 1954 ‹‹
593 1903 806 1958 domus
838 1899 1073 1956 illorum
1121 1899 1180 1953 in
1223 1902 1506 1952 aeternum
1533 1917 1560 1943 ››
1585 1897 1642 1949 ct
1677 1893 1736 1946 in
1770 1891 1880 1946 hoc
1915 1905 2043 1944 ma-

379 2007 558 2065 gnam
590 1990 906 2047 stultitiam
931 2005 1134 2046 eorum
1160 1991 1345 2058 notat,
1370 1985 1470 2058 qui
1495 2000 1597 2056 per
1626 1982 1747 2037 hmc
1774 1978 2047 2052 sepulcra

381 2082 496 2140 sibi
529 2080 874 2138 memoriam
908 2085 1186 2136 aeternam
1220 2077 1508 2151 putabant
1541 2071 1863 2145 acquirere.

458 2193 486 2222 ‹‹
520 2168 942 2238 Tabernacula,
969 2192 997 2218 »
1022 2169 1079 2222 id
1113 2171 1223 2239 est,
1247 2180 1473 2238 magnae
1498 2163 1711 2217 domus
1734 2182 1761 2210 «
1787 2173 1991 2215 eorum
2018 2177 2046 2205 »

387 2264 684 2318 manant»
715 2259 775 2314 in
806 2257 1104 2331 progenie,
1128 2260 1185 2312 et
1213 2278 1240 2305 »
1263 2255 1398 2311 inde
1429 2253 1488 2308 in
1521 2251 1637 2306 alia
1660 2271 1688 2301 «
1719 2247 1996 2322 progenie
2019 2267 2047 2294 »

388 2355 448 2406 et
477 2350 537 2404 in
569 2348 677 2404 hoc
707 2347 884 2404 etiam
922 2346 1090 2402 stulti
1139 2346 1440 2416 apparent,
1473 2340 1573 2412 qui
1621 2343 1786 2394 tanta
1833 2335 2052 2410 palatia

389 2438 787 2507 aediﬁcabant,
809 2441 866 2493 et
884 2437 1062 2492 etiam
1085 2434 1358 2490 homines
1380 2455 1406 2481 ‹‹
1435 2431 1788 2486 vocaverunt
1810 2425 2052 2482 nomina

390 2545 501 2585 sua
529 2527 589 2583 in
621 2527 792 2584 terris
814 2525 959 2582 suis.
989 2547 1015 2574 »
1038 2523 1283 2593 scilicet,
1306 2521 1460 2576 circa
1491 2517 1762 2590 sepulcra
1790 2514 2048 2571 illorum.

389 2616 606 2691 Tangit
654 2614 1140 2673 consuetudinem
1189 2609 1524 2685 gentilium,
1559 2607 1660 2679 qui
1711 2603 2051 2672 morientes,

390 2707 621 2779 aliquos
670 2704 1108 2770 conducebant,
1152 2705 1219 2756 ut
1267 2700 1604 2754 invocarent
1653 2694 1895 2750 nomina
1942 2708 2053 2748 sua

389 2796 545 2853 circa
565 2793 931 2867 sepulturam
955 2807 1123 2847 suam
1147 2790 1206 2844 in
1232 2788 1438 2844 diebus
1463 2784 1821 2852 constitutis,
1839 2786 2050 2837 etcum

391 2885 540 2943 alios
570 2886 826 2940 facerent
861 2881 943 2937 ita
974 2881 1242 2936 invocare
1274 2893 1486 2933 nomen
1519 2890 1716 2942 suum,
1750 2871 1863 2944 ipsi
1894 2871 2051 2926 idem

391 2973 672 3031 dicuntur
702 2973 762 3028 in
795 2970 906 3027 hoc
937 2969 1205 3024 invocare
1249 2965 1490 3022 nomina
1519 2980 1648 3019 sua.
1686 2963 1748 3018 In
1781 2977 1897 3032 quo
1927 2959 2052 3032 ipse

392 3063 681 3136 Propheta
702 3076 980 3134 magnam
1004 3073 1207 3114 eorum
1240 3059 1404 3111 notat
1425 3052 1761 3118 stultitiam,
1785 3049 1924 3122 quia
1952 3065 2055 3121 per

393 3153 503 3210 hoc
535 3153 648 3226 ipsi
683 3169 816 3209 cum
853 3167 915 3207 se
947 3147 1294 3204 memoriam
1325 3149 1602 3201 mternam
1637 3140 1850 3196 habere
1881 3142 2057 3212 puta-

395 3246 547 3315 rent,
579 3246 777 3297 tamen
809 3240 870 3294 in
903 3237 1045 3294 solis
1076 3235 1249 3293 terris
1280 3250 1482 3290 eorum
1515 3232 1626 3288 hoc
1655 3230 1850 3286 ﬁebat.
1874 3230 2056 3284 Totus

394 3311 594 3388 autem
618 3346 823 3386 versus
851 3327 963 3383 sub
985 3323 1423 3381 constructione
1444 3338 1564 3377 una
1585 3320 1669 3375 sic
1693 3317 1943 3392 legitur:
1976 3321 2058 3372 ta-
2085 3311 2130 3381 C

395 3415 713 3473 bernacula
740 3430 944 3471 eorum
978 3413 1280 3480 duratura,
1308 3411 1368 3465 in
1400 3408 1675 3483 progenie
1704 3411 1762 3463 et
1779 3406 2055 3479 progenie

394 3508 747 3563 vocaverunt
776 3502 1018 3559 nomina
1048 3519 1177 3572 sua,
1214 3499 1270 3555 id
1301 3505 1410 3568 est,
1444 3498 1804 3572 prmnomina
1833 3514 1961 3565 sua,
1989 3501 2056 3553 ut

397 3595 630 3652 dicatur
658 3592 946 3666 palatium
989 3590 1227 3659 Tiberii,
1263 3589 1444 3645 turris
1492 3586 1828 3655 Crescentii,
1861 3591 1918 3641 et
1945 3585 2055 3642 hoc

397 3683 712 3751 faciebant,
738 3685 803 3737 ut
824 3679 1108 3736 memoria
1130 3695 1333 3734 eorum
1358 3678 1692 3746 haberetur,
1708 3692 1835 3746 qua:
1857 3679 2054 3730 tamen

398 3790 516 3831 non
545 3775 691 3838 erat,
721 3770 835 3828 nisi
868 3769 926 3824 in
959 3767 1131 3824 terris
1165 3767 1309 3824 suis.

467 3863 598 3919 Hanc
631 3860 829 3917 omnia
858 3875 1006 3915 vana
1054 3858 1135 3913 ita
1183 3861 1534 3929 sequuntur,
1568 3860 1624 3911 et
1655 3860 1850 3910 tamen
1903 3855 2057 3909 Deus

396 3968 512 4008 non
542 3953 634 4006 est
665 3947 1056 4015 accusandus,
1091 3945 1190 4016 qui
1231 3944 1539 4000 constituit
1585 3960 1684 3999 eos
1717 3944 1776 3997 in
1810 3943 2056 4011 ratione,

395 4041 498 4098 sed
530 4038 643 4113 ipsi
676 4037 995 4094 noluerunt
1032 4034 1358 4106 intelligere
1391 4050 1405 4089 :
1439 4038 1497 4089 et
1528 4033 1637 4088 hoc
1678 4037 1785 4102 est,
1822 4056 1848 4081 «
1884 4032 2060 4087 homo

395 4147 531 4188 cum
561 4131 718 4186 esset
762 4127 823 4182 in
871 4126 1112 4193 honore,
1139 4147 1167 4174 »
1198 4123 1256 4179 id
1307 4127 1397 4179 est
1445 4123 1504 4178 in
1556 4122 1802 4193 ratione,
1837 4121 1896 4176 in
1945 4136 2064 4192 qua

395 4224 522 4280 erat
552 4219 669 4276 Deo
700 4215 937 4282 similis,
961 4237 988 4264 ‹‹
1017 4231 1132 4270 non
1160 4212 1473 4283 intellexit,
1495 4211 1554 4266 id
1585 4215 1676 4267 est
1705 4227 1820 4266 non
1855 4209 2065 4266 intelli-

397 4313 603 4385 genter
633 4305 771 4379 egit,
797 4309 854 4360 et
877 4304 1006 4359 ideo
1040 4320 1073 4358 a
1106 4302 1474 4373 sapientibus
1507 4305 1597 4356 est
1627 4324 1655 4350 ‹‹
1689 4303 2064 4372 comparatus

400 4395 820 4470 insipientibus
844 4391 1156 4465 jumentis,
1185 4414 1212 4439 ››
1240 4390 1487 4459 scilicet,
1512 4389 1572 4445 in
1595 4388 1760 4445 nulla
1788 4389 1922 4457 alia,
1952 4388 2066 4446 nisi

400 4489 464 4547 in
496 4483 837 4559 insipientia
864 4500 876 4538 ;
903 4486 960 4539 et
982 4481 1192 4537 merito
1222 4485 1615 4551 comparatur,
1641 4478 1779 4550 quia
1801 4502 1827 4528 ‹‹
1855 4476 2067 4534 similis

405 4580 598 4635 factus
629 4579 718 4632 est
743 4573 883 4629 illis.
910 4595 937 4622 »

2141 656 2372 725 dentur,
2406 661 2464 712 et
2512 656 2748 723 iterum,
2781 659 2837 711 et
2885 656 3222 712 substantia
3261 660 3542 727 remanet,
3577 656 3661 710 sic
3713 655 3802 710 illi

2143 759 2374 817 semper
2404 745 2740 819 affligentur
2782 745 3111 819 suppliciis,
3145 749 3201 800 et
3237 749 3431 800 tamen
3464 745 3807 801 substantia

2143 850 2259 889 non
2310 835 2543 905 peribit,
2569 858 2594 884 ‹‹
2631 851 2790 890 mors
2840 834 3115 905 depascet
3163 850 3262 889 eos
3313 833 3511 900 etiam,
3535 857 3564 883 «
3597 833 3656 889 id
3690 839 3804 904 est,

2145 921 2414 979 diabolus
2459 925 2753 996 depascet,
2787 939 2892 994 per
2939 921 3391 978 similitudinem
3442 922 3602 979 dicit.
3638 923 3809 980 Sicut

2144 1010 2302 1066 enim
2349 1015 2583 1082 pratum
2617 1011 2974 1084 depascitur,
3007 1016 3064 1067 et
3093 1016 3288 1067 tamen
3340 1010 3564 1068 radices
3608 1029 3804 1068 rema-

2147 1103 2306 1170 nent,
2341 1099 2424 1155 sic
2457 1099 2562 1154 illi.
2597 1099 2823 1156 Dicitur
2853 1099 3029 1155 etiam
3074 1117 3312 1173 pascere
3342 1101 3400 1156 in
3433 1099 3544 1156 alia
3573 1100 3805 1174 signiﬁ-

2147 1188 2395 1256 catione,
2421 1188 2574 1244 sicut
2605 1193 2804 1261 pastor
2833 1188 2995 1258 dicit,
3024 1205 3198 1261 pasco
3231 1205 3487 1263 gregem.
3521 1188 3809 1246 Similiter

2148 1292 2328 1345 mors,
2353 1277 2412 1332 id
2441 1281 2549 1346 est,
2573 1277 2842 1334 diabolus
2875 1279 3152 1350 depascet
3179 1294 3299 1348 eos,
3328 1278 3384 1334 id
3416 1283 3524 1348 est,
3553 1279 3808 1335 deducet

2148 1381 2247 1422 eos
2281 1366 2350 1421 de
2381 1383 2553 1438 pmna
2585 1366 2642 1421 in
2676 1383 2930 1439 poenam.

2223 1477 2251 1503 ‹‹
2284 1455 2356 1509 Et
2386 1455 2442 1510 in
2476 1455 2791 1524 matutino,
2816 1479 2843 1505 »
2869 1456 2925 1511 id
2957 1460 3048 1511 est
3089 1456 3147 1512 in
3191 1456 3435 1528 judicio,
3459 1456 3558 1512 ubi
3598 1457 3807 1529 justus

2151 1542 2251 1599 lux
2294 1545 2619 1618 apparebit,
2648 1569 2675 1596 ‹‹
2701 1545 2853 1618 justi
2889 1569 2915 1595 »
2949 1546 3050 1618 qui
3101 1545 3159 1601 in
3209 1545 3318 1602 hac
3349 1545 3467 1601 vita
3515 1551 3656 1602 sunt
3702 1548 3807 1603 de-

2151 1633 2335 1705 pressi
2388 1635 2459 1689 ab
2491 1634 2610 1690 illis
2633 1659 2658 1684 ‹‹
2694 1635 3160 1690 dominabuntur
3187 1651 3390 1690 eorum
3424 1657 3450 1683 »
3483 1634 3584 1707 qui
3632 1640 3810 1690 erunt

2144 1722 2376 1794 judices
2407 1740 2631 1778 eorum.
2655 1747 2683 1774 «
2715 1728 2772 1780 et
2799 1722 3084 1780 auxilium
3105 1739 3329 1792 eorum,
3357 1746 3385 1773 »
3412 1725 3567 1796 quod
3588 1723 3813 1780 habent

2153 1811 2213 1866 in
2245 1811 2354 1867 hac
2382 1812 2501 1868 vita
2521 1835 2549 1862 «
2585 1829 2619 1868 a
2657 1812 2842 1885 gloria
2891 1829 3114 1881 eorum,
3143 1835 3171 1862 »
3197 1811 3426 1868 scilicet
3471 1829 3504 1868 a
3548 1812 3810 1885 potentia

2071 1942 2122 2010 B
2154 1903 2211 1956 et
2259 1900 2479 1956 divitiis
2512 1924 2538 1951 ‹‹
2588 1905 2930 1969 veterascet,
2959 1924 2986 1950 ››
3034 1899 3428 1974 comparabile
3474 1900 3583 1956 erit
3627 1900 3806 1956 veteri

2691 1991 2708 2010 ι
2828 1990 2956 2010 nm
3229 1990 3532 2010 -,.,..,.,.__-
3636 1989 3684 2010 ε,
3725 1989 3776 2010 ,ᾼ

2155 1990 2523 2054 vestimento,
2557 1991 2712 2063 quod
2745 1990 2969 2047 nullam
3013 1991 3190 2047 habet
3228 1990 3540 2047 utilitatem
3572 2014 3599 2041 «
3634 1989 3691 2045 in
3724 1989 3807 2046 in-

2155 2079 2338 2135 ferno.
2366 2101 2394 2129 ››

2230 2168 2346 2241 Ipsi
2396 2169 2882 2238 dominabuntur,
2909 2191 2937 2220 «
2987 2172 3390 2225 verumtamen
3443 2168 3598 2226 Deus
3653 2168 3809 2224 redi-

2159 2263 2278 2314 met
2323 2259 2584 2314 animam
2634 2277 2828 2315 meam
2876 2260 2946 2314 de
2997 2276 3178 2314 manu
3227 2258 3473 2324 inferi,»
3504 2258 3562 2313 id
3593 2263 3703 2328 est,
3737 2259 3810 2313 de

2158 2352 2443 2420 potestate
2474 2347 2689 2404 diaboli
2725 2365 2737 2402 :
2773 2353 2831 2404 et
2862 2347 2970 2403 hoc
3009 2369 3030 2397 ι
3066 2365 3200 2403 cum
3235 2348 3519 2420 acceperit
3548 2364 3660 2417 me,
3689 2371 3717 2397 υ
3749 2346 3808 2401 id

2159 2441 2268 2507 est,
2303 2454 2497 2492 meam
2528 2437 2979 2493 humanitatem.

2231 2527 2312 2583 De
2342 2527 2517 2583 tertia
2553 2531 2719 2600 parte
2767 2526 2991 2598 incipit.
3015 2525 3390 2586 Continuatio
3431 2543 3445 2582 :
3489 2523 3694 2598 Injusti
3725 2524 3811 2580 sic

2160 2617 2621 2685 damnabuntur,
2646 2620 2701 2671 et
2714 2617 3017 2688 justorum
3039 2615 3269 2671 animas
3294 2615 3563 2682 redimes,
3579 2631 3612 2670 ο
3634 2613 3809 2681 Deus,

2159 2710 2218 2762 et
2245 2706 2371 2761 ideo
2404 2705 2580 2761 homo
2602 2729 2627 2754 ‹‹
2657 2721 2729 2760 ne
2759 2703 3030 2761 timueris
3061 2721 3196 2760 cum
3229 2704 3388 2760 dives
3420 2705 3608 2760 factus
3639 2701 3816 2758 fuerit

2161 2796 2357 2865 homo,
2386 2819 2406 2848 υ
2444 2799 2500 2850 et
2533 2813 2646 2851 non
2698 2798 2930 2850 tantum
2979 2794 3039 2849 in
3091 2811 3154 2850 se
3184 2793 3344 2849 dives
3396 2792 3566 2850 fuerit
3613 2792 3812 2860 homo,

2160 2885 2262 2942 sed
2298 2909 2323 2936 ‹‹
2359 2901 2493 2940 cum
2543 2883 2937 2956 multiplicata
2985 2883 3160 2938 fuerit
3205 2882 3394 2956 gloria
3439 2883 3668 2951 domus,
3696 2903 3724 2929 υ
3752 2880 3812 2935 id

2161 2977 2269 3042 est,
2303 2990 2436 3029 cum
2470 2974 2880 3045 unusquisque
2910 2973 2980 3028 de
3010 2973 3182 3027 domo
3226 2973 3354 3043 ejus
3387 2971 3814 3044 multiplicatus

2163 3063 2337 3118 fuerit
2367 3063 2427 3118 in
2459 3063 2663 3136 gloria,
2697 3062 2918 3118 scilicet
2947 3061 3300 3116 divitiarum.

2235 3153 2370 3208 Ideo
2416 3168 2486 3208 nc
2535 3151 2804 3207 timueris
2833 3174 2859 3202 ‹‹
2894 3148 3167 3223 quoniam
3193 3172 3219 3197 ››
3243 3149 3368 3222 ipse
3392 3171 3420 3198 ‹‹
3442 3165 3577 3204 cum
3632 3148 3813 3205 inter-

2164 3241 2315 3310 ierit,
2364 3258 2481 3297 non
2536 3245 2731 3298 sumet
2777 3239 2994 3307 omnia,
3021 3261 3047 3287 »
3080 3236 3278 3294 omnia
3332 3242 3525 3312 negat,
3561 3241 3621 3293 et
3669 3237 3814 3293 nihil

2163 3347 2365 3388 secum
2397 3334 2591 3404 portat
2622 3331 2692 3386 de
2731 3328 2948 3385 divitiis
2988 3327 3133 3399 suis,
3166 3343 3357 3400 neque
3387 3327 3458 3382 de
3499 3325 3683 3400 gloria
3712 3343 3724 3382 :
3756 3330 3817 3383 et

2161 3419 2272 3476 hoc
2301 3423 2391 3476 est
2425 3436 2490 3476 ;‹‹
2518 3435 2707 3492 neque
2746 3417 3059 3474 descendet
3106 3432 3242 3471 cum
3272 3432 3338 3471 eo
3370 3414 3556 3489 gloria
3601 3415 3814 3470 domus

2162 3511 2360 3581 ejus,»
2388 3508 2527 3582 quia
2552 3525 2687 3564 cum
2718 3507 2940 3563 venerit
2969 3507 3038 3562 ad
3072 3505 3390 3571 infernum,
3424 3521 3539 3560 non
3573 3503 3814 3575 majoris

2164 3599 2275 3654 erit
2304 3598 2565 3670 quolibet
2594 3613 2870 3669 paupere.
3603 3656 3614 3666 ρ

2238 3688 2370 3744 Ideo
2403 3704 2518 3742 non
2551 3685 2864 3741 descendet
2903 3701 3038 3740 cum
3082 3701 3148 3739 eo
3197 3682 3381 3756 gloria
3430 3683 3637 3738 domus
3665 3682 3811 3753 ejus,

2166 3801 2191 3828 ‹‹
2232 3775 2369 3849 quia
2397 3776 2454 3830 in
2487 3798 2513 3823 ››
2546 3774 2656 3829 hac
2687 3797 2715 3823 «
2742 3775 2863 3828 vita
2895 3797 2922 3822 »
2954 3778 3188 3828 tantum
3218 3793 3238 3822 ι
3265 3771 3462 3828 anima
3491 3773 3618 3843 ejus
3649 3771 3815 3825 bene-

2167 3867 2393 3923 dieetur
2427 3888 2451 3913 ι)
2486 3864 2557 3919 ab
2608 3861 3030 3931 adulatoribus,
3057 3866 3114 3917 et
3165 3861 3275 3918 hoc
3325 3865 3548 3916 tantum
3595 3860 3652 3914 in
3698 3858 3813 3914 vita

2167 3956 2377 4030 ipsius,
2400 3947 2465 4008 u't
2496 3969 2629 4008 cum
2657 3951 2853 4006 dicent
2877 3951 3274 4007 adolescentes
3301 3952 3373 4020 ei,
3404 3951 3451 4006 si
3477 3949 3608 4005 fecit
3637 3949 3815 4004 homi-

2170 4045 2412 4113 cidium,
2435 4041 2521 4100 vel
2555 4041 2778 4113 aliquid
2801 4040 2949 4110 ,tale,
2974 4041 3077 4097 ha!
3105 4058 3283 4113 quam
3315 4041 3460 4095 bene
3492 4039 3729 4105 factum,
3761 4041 3814 4092 et

2170 4136 2301 4191 ideo
2327 4133 2502 4190 etiam
2535 4129 2768 4204 peribit,
2795 4129 2934 4202 quia
2963 4134 3104 4186 tunc
3147 4134 3379 4187 tantum
3403 4153 3430 4179 ‹‹
3456 4125 3818 4184 conﬁtebitur

2170 4224 2299 4293 tibi,
2331 4247 2359 4274 ››
2390 4223 2447 4278 id
2495 4225 2604 4291 est,
2655 4219 2924 4275 laudabit
2953 4222 3009 4275 te
3031 4243 3058 4269 «
3109 4235 3244 4275 cum
3303 4215 3656 4274 benefeceris
3684 4215 3759 4285 ei,
3789 4238 3814 4264 η

2171 4314 2231 4371 id
2263 4317 2370 4384 est,
2405 4328 2539 4368 cum
2571 4309 2741 4366 dabis
2771 4308 2823 4365 ei
2856 4324 3166 4381 prosperos
3196 4311 3456 4364 eventus.

2245 4403 2349 4460 Hic
2381 4399 2638 4457 ostendit
2675 4398 3244 4454 consummationem
3293 4395 3564 4468 nequitiae
3612 4393 3815 4466 ipsius.

2174 4489 2548 4551 Continuatio
2576 4505 2588 4545 :
2615 4486 2762 4554 Quid
2803 4503 2907 4560 per
2945 4485 3178 4559 singula
3215 4488 3549 4541 currerem?
3579 4483 3702 4556 Ipse
3730 4481 3816 4537 in-

2175 4582 2378 4640 troibit
2409 4595 2597 4650 usque
2622 4577 2681 4632 in
2709 4575 3017 4649 progenies
3040 4579 3272 4646 patrum
3305 4589 3602 4640 suorum,»
3624 4572 3679 4627 id
3710 4574 3815 4642 est,

478 4691 504 4718 (ί
540 4666 722 4722 Ηωο»
755 4663 933 4732 mala»
975 4666 1031 4718 εἴ
1061 4660 1175 4718 alia
1223 4677 1348 4732 (μιίὲ
1399 4663 1586 4715 sunt“
1621 4658 1714 4748 Via
1763 4657 1997 4714 morum
2033 4679 2060 4706 ”
2091 4683 2138 4748 Ι)
2169 4670 2381 4732 similis
2438 4668 2549 4724 erit
2599 4665 2877 4723 omnibus
2925 4663 3192 4738 patribus
3242 4663 3366 4719 suis
3420 4662 3478 4718 in
3539 4659 3811 4733 nequitia,

407 4762 548 4815 sunt
580 4780 606 4806 «
642 4752 990 4811 scandalum
1041 4750 1209 4822 ipsis,
1235 4773 1261 4797 ››
1287 4749 1345 4803 id
1378 4753 1485 4818 est,
1509 4747 1772 4816 oli‘ensio,
1796 4764 1922 4819 quae
1959 4748 2063 4802 du-

407 4849 486 4904 cit
515 4863 614 4903 eos
647 4846 719 4900 ad
760 4842 1062 4898 interitum
1090 4863 1116 4888 «
1153 4844 1210 4894 et
1241 4842 1464 4909 postea,
1492 4859 1518 4885 »
1551 4837 1607 4892 id
1641 4841 1748 4905 est,
1774 4853 1907 4892 cum
1940 4836 2062 4891 haac

405 4937 563 4994 mala
592 4959 619 4985 ‹‹
654 4931 1124 5006 complacebunt,
1170 4949 1197 4977 ››
1248 4927 1307 4982 id
1358 4931 1466 4994 est,
1511 4925 1622 4983 sibi
1672 4926 1817 4997 ipsis
1869 4925 2060 4997 place-

403 5027 554 5083 bunt
579 5047 605 5074 ‹‹
648 5024 708 5078 in
754 5040 850 5078 ore
898 5037 1026 5087 suo,
1055 5040 1082 5068 »
1116 5018 1255 5089 quia
1287 5016 1440 5088 quod
1487 5033 1585 5071 ore
1636 5016 1856 5081 dicunt,
1891 5028 2063 5085 opere

401 5115 807 5188 comprobant.
838 5111 968 5167 Alia
1012 5107 1320 5164 translatio
1372 5107 1568 5172 habet,
1593 5105 1652 5159 in
1684 5121 1782 5159 ore
1813 5122 1918 5160 suo
1964 5105 2061 5159 be-

402 5206 678 5263 nedicent
701 5221 712 5259 :
739 5201 893 5274 quod
926 5199 1140 5271 legitur
1171 5198 1253 5253 sic
1279 5213 1292 5250 :
1317 5212 1454 5251 cum
1485 5195 1606 5250 bzec
1635 5193 1791 5249 mala
1822 5194 2058 5263 faciant,

395 5299 594 5352 tamen
627 5297 831 5367 postea
859 5288 1216 5345 benedicunt
1237 5287 1445 5358 Deum,
1474 5284 1801 5353 laudantes,
1827 5302 1962 5340 cum
1989 5286 2062 5340 de

397 5383 694 5457 prosperis
723 5381 851 5439 suis
884 5377 1261 5436 successibus
1286 5377 1346 5432 in
1368 5393 1467 5433 ore
1489 5393 1595 5431 suo
1629 5393 1745 5432 non
1775 5375 1900 5449 Dei,
1922 5375 2062 5448 quia

405 5472 562 5530 Deus
589 5472 824 5528 laudem
857 5470 1181 5544 peccatoris
1212 5485 1326 5524 non
1359 5467 1585 5540 recipit.

473 5562 543 5618 Hi
592 5561 740 5618 tales
771 5584 799 5611 ι(
835 5561 893 5616 in
939 5558 1166 5615 inferno
1225 5558 1400 5631 positi
1460 5561 1673 5613 sunt.»
1719 5559 1871 5614 Bene
1918 5558 2061 5616 dicit

410 5648 700 5724 Propheta
728 5651 950 5723 positos
971 5649 1031 5704 in
1062 5649 1309 5716 inferno,
1335 5648 1475 5720 quia
1508 5663 1607 5704 eos
1632 5648 1760 5719 jam
1781 5648 1841 5704 in
1864 5649 2060 5706 divina

395 5733 782 5796 Providentia
800 5739 1102 5813 ponendos
1125 5737 1245 5794 fore
1267 5742 1613 5809 cognoverat
1633 5761 1661 5789 «
1685 5739 1840 5798 sicut
1858 5755 2012 5813 oves,
2030 5763 2058 5792 ››

2170 4764 2348 4820 etiam
2383 4773 2569 4830 usque
2614 4756 2686 4811 ad
2743 4754 2936 4827 ipsum
2969 4753 3110 4809 Cain
3142 4752 3417 4808 ascendet
3465 4767 3568 4824 per
3614 4750 3815 4823 nequi-

2170 4854 2336 4920 tiam,
2371 4854 2427 4905 et
2471 4848 2600 4902 ideo
2628 4869 2655 4896 «
2682 4861 2798 4900 non
2828 4842 3048 4898 videbit
3079 4842 3302 4908 lumen,
3329 4863 3356 4889 »
3378 4839 3434 4895 id
3468 4843 3576 4912 est,
3608 4840 3665 4894 in
3712 4838 3816 4895 hac

2169 4943 2289 4998 vita
2330 4957 2444 4995 non
2501 4951 2697 4991 veram
2758 4932 3175 5005 cognitionem,
3228 4946 3418 5002 neque
3464 4928 3523 4983 in
3571 4927 3683 4984 alia
3728 4943 3816 4983 ve-

2171 5049 2299 5087 ram
2341 5024 2857 5091 illuminationem,
2891 5026 2949 5078 et
2996 5021 3106 5077 hoc
3135 5025 3226 5076 est
3257 5044 3284 5069 α
3319 5035 3506 5090 usque
3552 5017 3610 5072 in
3659 5020 3816 5074 aiter-

2172 5136 2340 5175 ΠΠΠἸ.
2375 5139 2401 5166 ))

2243 5209 2378 5263 Ideo
2411 5221 2525 5260 non
2558 5202 2801 5272 videbit,
2827 5200 2966 5274 quia
2987 5223 3014 5250 ‹‹
3048 5215 3185 5255 cum
3225 5197 3400 5254 homo
3447 5199 3598 5253 esset
3629 5194 3690 5252 in
3723 5194 3817 5253 ho-

2171 5313 2314 5353 nore
2339 5319 2366 5345 »
2401 5298 2464 5350 ut
2494 5309 2695 5365 supra.

2650 5417 2723 5472 IN
2765 5413 3115 5472 PSALMUM
3154 5413 3344 5469 XLIX.

2596 5526 2874 5581 Trruws.
2909 5521 3164 5577 Psalmus
3197 5519 3397 5592 Asaph.

2241 5678 2268 5705 ‹‹
2295 5653 2449 5710 Deus
2475 5651 2741 5708 deorum.
2767 5670 2787 5697 υ
2814 5645 3034 5721 Asaph,
3059 5645 3170 5701 fuit
3193 5661 3348 5701 unus
3368 5661 3436 5700 ex
3466 5640 3818 5716 praestiteri-

2170 5744 2284 5803 bus
2313 5757 2462 5815 quos
2492 5738 2701 5797 habuit
2739 5735 2917 5795 David
2972 5751 3173 5794 secum
3223 5733 3293 5790 ad
3347 5730 3816 5806 amplificandum

1665 6362 1672 6363 η
1965 6358 2498 6368 νκἊ

1965 6358 2498 6368 νκἊ
