3936 6374
195 461 309 520 365

1354 463 1855 522 EXPLANATIO
1901 462 1976 522 IN
2027 462 2408 522 PSALMOS.

3488 469 3604 528 366

193 592 417 648 cultum
450 592 575 663 Dei,
609 595 666 647 et
696 593 767 646 ad
802 593 932 663 ejus
965 594 1310 649 memoriam
1344 593 1501 648 hunc
1545 593 1837 664 psalmum
1870 595 1922 660 Α
2022 593 2334 650 Exsultans
2367 595 2649 666 propheta
2671 597 2741 651 de
2760 597 3525 669 congregationejustorum
3549 603 3606 654 et

193 697 260 736 ex
317 682 444 752 ejus
504 680 741 735 nomine
798 679 1120 737 intitulavit
1183 683 1310 737 ideo
1371 683 1642 747 maxime,
1705 682 1843 753 quia

192 767 590 842 interpretatio
624 769 882 824 nominis
930 771 1270 842 proprietati
1305 771 1519 842 psalmi
1552 769 1840 825 convenit.

189 857 383 930 Asaph
434 874 691 930 namque
753 859 1124 931 congregatio
1174 859 1609 931 interpretatur,
1670 863 1726 913 et
1781 857 1841 912 in

189 945 296 1000 hoc
353 944 581 1017 psalmo
643 946 1037 1018 congregatio,
1091 947 1151 1001 id
1206 951 1295 1002 est
1344 964 1638 1019 synagoga
1697 947 1842 1001 ﬁde-

190 1033 354 1103 lium,
389 1033 670 1107 loquitur.
703 1035 946 1090 Materia
987 1041 1076 1092 est
1122 1037 1346 1091 Novum
1398 1038 1842 1092 Testamentum

189 1127 245 1178 et
273 1140 376 1195 per
403 1122 746 1194 oppositum
776 1123 973 1179 Vetus.
1014 1125 1224 1179 Modus
1257 1141 1270 1179 :
1325 1124 1387 1179 In
1440 1125 1632 1196 prima
1682 1129 1844 1196 parte

188 1213 445 1285 primum
478 1216 534 1268 et
558 1213 884 1269 secundum
916 1213 1133 1268 Christi
1184 1215 1499 1269 adventum
1549 1212 1732 1286 ponit,
1777 1217 1844 1267 ut

189 1301 494 1357 conﬁrmet
535 1301 646 1357 hoc
694 1303 851 1374 quod
903 1301 1172 1358 Christus
1223 1302 1282 1358 in
1327 1303 1563 1374 propria
1595 1318 1844 1374 persona

189 1393 390 1464 postea
439 1389 721 1462 loquitur.
776 1390 882 1446 Per
930 1391 1256 1446 secundum
1291 1391 1605 1446 adventum
1654 1390 1841 1446 deter-

190 1483 275 1535 ret
330 1477 540 1545 malos,
591 1477 691 1534 ubi
750 1479 1010 1534 ostendit
1065 1480 1434 1534 damnandos
1491 1478 1727 1550 impios,
1787 1482 1843 1533 et

188 1567 648 1623 remunerandos
697 1567 903 1623 bonos.
961 1568 1024 1623 In
1075 1569 1338 1624 secunda
1394 1572 1557 1640 parte
1614 1566 1844 1622 inducit

188 1655 486 1712 Christum
516 1654 854 1728 loquentem
884 1655 944 1710 in
968 1655 1156 1727 primo
1189 1657 1438 1712 adventu
1466 1656 1592 1712 suis
1613 1655 1839 1724 amicis,

187 1749 244 1801 et
273 1745 580 1801 docentem
611 1761 710 1800 eos
732 1745 860 1816 jam
911 1743 1057 1799 nihil
1109 1744 1299 1800 valere
1346 1744 1557 1817 legalia
1605 1745 1841 1800 institu-

188 1839 269 1902 ta,
308 1833 411 1890 sed
459 1832 818 1889 sacrificium
867 1831 1061 1889 laudis
1111 1834 1502 1890 solummodo.
1555 1833 1616 1889 In
1672 1833 1841 1889 tertia

186 1927 350 1994 parte
395 1920 656 1993 loquitur
704 1921 964 1978 inimicis
1014 1921 1327 1994 increpans
1375 1939 1495 1990 eos,
1530 1927 1585 1976 et
1624 1923 1839 1977 docens

187 2011 325 2083 quid
378 2010 457 2066 sit
508 2010 864 2065 faciendum.
903 2011 1152 2066 Intentio
1204 2017 1292 2066 est
1330 2010 1550 2066 hortari
1581 2010 1835 2077 Judznos,

186 2104 250 2156 ut
298 2103 433 2172 post
477 2097 691 2154 Christi
742 2099 1058 2154 adventum
1109 2099 1269 2155 nullo
1321 2099 1494 2155 modo
1546 2100 1602 2154 in
1636 2098 1835 2170 legali-

184 2189 294 2246 bus
327 2187 621 2244 institutis
653 2189 970 2256 conﬁdant,
1006 2193 1062 2243 et
1102 2193 1166 2243 ut
1213 2187 1460 2261 gentiles
1511 2189 1581 2243 ad
1633 2204 1836 2243 eorum

183 2277 458 2333 instituta
509 2292 626 2332 non
704 2277 962 2333 veniant.
1031 2277 1264 2334 Titulus
1320 2276 1404 2334 sic
1479 2277 1834 2348 exponitur:

185 2365 454 2438 psalmus
485 2365 598 2421 iste
623 2365 893 2420 convenit
921 2365 1140 2438 Asaph,
1174 2365 1232 2421 id
1265 2370 1354 2422 est
1399 2365 1836 2438 congregationi

185 2454 474 2523 ﬁdelium,
506 2471 633 2526 qua:
665 2453 759 2509 hic
791 2452 1072 2526 loquitur.
1109 2455 1242 2511 Ideo
1291 2453 1487 2526 potius
1536 2453 1696 2526 loqui
1741 2453 1838 2508 in-

185 2543 425 2599 ducitur
478 2543 808 2616 Synagoga,
855 2560 1033 2614 quam
1084 2543 1344 2599 Ecclesia
1391 2544 1462 2598 de
1512 2543 1832 2615 gentibus:

184 2632 323 2704 quia
353 2632 550 2705 potius
577 2631 796 2688 Judzeis
828 2648 1008 2703 quam
1039 2631 1289 2688 aliorum
1337 2633 1584 2688 credunt
1634 2636 1833 2687 aucto-

182 2721 340 2777 ritati
353 2768 360 2777 .

209 2844 216 2850 -
250 2813 333 2867 Ac
364 2810 414 2868 si
447 2810 665 2866 diceret
695 2809 886 2865 fidelis
918 2825 1236 2881 synagoga.
1262 2809 1449 2865 Nolite
1480 2808 1729 2864 ulterius
1751 2803 1833 2864 se-

182 2900 281 2972 qui
315 2898 528 2972 legalia
559 2896 1007 2969 instituta,quia
1029 2897 1296 2952 Christus
1322 2898 1422 2969 qui
1443 2903 1533 2953 est
1558 2921 1584 2948 «
1607 2899 1782 2964 Deus,
1802 2920 1831 2948 ι)

181 2987 239 3044 id
290 2992 383 3044 est
433 2990 658 3042 creator
685 3007 714 3036 «
745 2986 1012 3052 deorum,
1047 3007 1075 3036 »
1110 2985 1166 3040 id
1202 2990 1290 3041 est
1313 2987 1637 3055 justorum.
1672 2985 1835 3041 Unde

179 3076 324 3131 dicit
374 3073 720 3146 Scriptura:
773 3095 801 3123 ‹‹
853 3073 1041 3129 Nolite
1085 3075 1388 3130 detrahere
1437 3074 1606 3131 diis»
1642 3073 1830 3146 (Exod.

175 3165 270 3238 xx)
308 3180 321 3218 :
357 3161 484 3235 ipse
515 3165 605 3218 est
635 3162 922 3218 Dominus
951 3163 1217 3218 omnium
1248 3162 1532 3235 gentium,
1567 3163 1665 3235 qui
1697 3162 1833 3218 hac-

177 3258 353 3310 tenus
402 3250 636 3308 locutus
683 3250 795 3306 fuit
841 3251 900 3306 in
946 3251 1270 3324 prophetis,
1321 3252 1492 3308 modo
1541 3274 1570 3303 «
1601 3251 1833 3308 loeutus

1953 683 2319 754 separatione
2353 684 2423 738 ab
2459 683 2678 755 impiis,
2714 690 2913 739 monet
2945 685 3204 757 angelos,
3237 703 3486 758 quorum
3521 688 3605 742 of-

1953 771 2150 826 ficium
2182 777 2269 826 est
2301 772 2406 826 hoc
2441 773 2646 839 facere,
2682 772 2765 826 sic
2800 790 2812 827 :
2842 773 2958 828 Vos
2987 792 3018 828 o
3052 774 3264 846 angeli,
3299 799 3322 821 ‹‹
3359 792 3605 848 congre-

1952 861 2082 930 gate
2113 857 2196 912 illi
2233 881 2260 905 ››
2293 858 2540 913 Domino
2573 881 2600 906 ‹‹
2634 864 2869 916 sanctos
2899 860 3049 931 ejus.
3087 883 3114 910 ››
3143 861 3415 917 Ofﬁcium
3445 864 3604 920 enim

1953 946 2295 1018 angelorum
2328 947 2456 1014 erit,
2492 947 2722 1002 realiter
2752 966 3104 1023 congregare
3126 950 3315 1021 judici
3347 955 3604 1021 sanctos,

1953 1039 2008 1088 et
2040 1034 2226 1089 malos
2259 1035 2316 1088 in
2351 1039 2644 1090 tormenta
2675 1037 2990 1104 dimittere,
3025 1038 3422 1095 determinans
3456 1058 3603 1113 quos

1950 1127 2114 1177 vocet
2141 1128 2396 1192 sanctos,
2431 1123 2564 1178 illos
2611 1124 2834 1180 scilicet
2885 1150 2911 1176 ‹‹
2946 1127 3044 1198 qui
3097 1128 3370 1183 ordinant
3421 1134 3601 1186 testa-

1953 1216 2218 1266 mentum
2253 1213 2381 1281 ejus
2413 1229 2590 1284 super
2621 1214 2927 1278 sacrificia,
2968 1237 2994 1263 »
3050 1216 3105 1270 id
3156 1221 3262 1284 est,
3297 1217 3396 1289 qui
3445 1223 3603 1290 post-

1953 1301 2161 1372 positis
2210 1299 2498 1372 legalibus
2549 1301 2861 1369 institutis,
2897 1303 2998 1374 qui
3051 1307 3140 1359 est
3187 1311 3381 1362 rectus
3432 1308 3595 1376 ordo,

1951 1389 2175 1444 Novum
2208 1390 2653 1444 Testamentum
2687 1396 3038 1463 sequuntur.

2022 1476 2386 1548 Congrehate
2416 1482 2650 1532 sanctos
2684 1501 2711 1526 ‹‹
2746 1482 2802 1532 et
2833 1501 2859 1526 ››
2889 1478 2969 1532 illi
3005 1501 3031 1529 ‹‹
3055 1478 3226 1534 ouili»
3263 1481 3600 1554 congregati

1953 1587 1980 1616 ‹‹
2015 1563 2771 1637 annuntiabuntjustitiam
2803 1569 2932 1639 ejus
2966 1590 2992 1616 »
3026 1583 3262 1640 semper
3311 1568 3604 1627 laudando

1951 1654 2136 1710 Deum
2172 1671 2185 1708 :
2241 1652 2368 1708 ideo
2418 1677 2444 1702 α
2482 1655 2760 1725 quoniam
2797 1678 2822 1703 ››
2877 1655 2970 1710 ille
3025 1679 3053 1706 «
3084 1657 3240 1713 Deus
3274 1657 3480 1728 justus
3503 1659 3602 1730 ju-

1951 1744 2061 1798 dex
2096 1765 2123 1791 ››
2158 1746 2266 1809 est,
2303 1748 2401 1814 qui
2428 1742 2650 1812 justas,
2677 1743 2775 1814 qui
2811 1743 2868 1798 in
2902 1744 3012 1800 hac
3059 1744 3176 1801 vita
3221 1746 3455 1803 fuerant
3494 1747 3603 1803 tri-

1951 1830 2160 1898 bulati,
2193 1848 2227 1885 a
2257 1830 2428 1886 malis
2461 1837 2715 1903 separat.

2023 1919 2126 1974 Hic
2158 1919 2362 1990 incipit
2394 1920 2464 1973 de
2496 1921 2752 1974 secunda
2786 1925 2966 1992 parte.
3001 1921 3376 1980 Continuatio
3413 1941 3425 1979 :
3462 1923 3600 1982 Dico

2027 1967 2124 1974 __.-
2158 1967 2359 1990 --ητα
2398 1967 2462 1973 η
2496 1967 2752 1974 wn..-“
2787 1967 2966 1992 μην.
3005 1967 3376 1980 ..νηυμηυυ
3413 1967 3425 1979 .
3462 1967 3596 1982 mw

1870 1967 1917 2032 Β
1949 2007 2235 2063 Dominus
2266 2006 2518 2078 locutus,
2552 2012 2610 2063 et
2651 2010 2775 2080 jam
2811 2009 2930 2064 haec
2980 2010 3200 2068 scilicet
3231 2035 3258 2061 ι(
3291 2012 3463 2082 Audi,
3497 2030 3596 2085 po-

1948 2096 2123 2169 pulus
2174 2113 2364 2165 meus,
2403 2119 2427 2142 η
2478 2097 2532 2150 id
2584 2103 2694 2168 est,
2738 2097 3051 2170 diligenter
3097 2099 3382 2173 intellige,
3420 2126 3446 2151 ‹‹
3481 2107 3538 2159 ct
3569 2126 3597 2152 ››

1946 2191 2087 2241 tunc
2138 2210 2162 2233 α
2199 2184 2408 2257 loquar
2454 2186 2580 2254 tibi,
2619 2209 2646 2234 »
2679 2187 2736 2242 id
2785 2191 2896 2258 est,
2930 2190 3320 2261 comprobabo
3359 2191 3465 2246 tibi
3496 2209 3602 2264 per

1946 2273 2349 2330 testimonium
2405 2274 2846 2346 prophetarum,
2896 2276 3006 2332 hoc
3063 2277 3330 2335 scilicet:
3391 2302 3420 2329 ‹‹
3481 2281 3600 2352 Ego

1947 2381 2105 2430 sum,
2141 2387 2167 2412 ››
2199 2363 2257 2418 id
2290 2367 2400 2432 est,
2433 2381 2635 2418 verum
2668 2382 2796 2420 esse
2828 2364 3078 2434 habeo,«
3113 2367 3268 2424 Deus
3297 2390 3326 2419 »
3359 2369 3598 2440 quidem

1946 2453 2235 2518 omnium,
2269 2475 2295 2502 «
2331 2456 2471 2507 tuus
2503 2453 2657 2508 Deus
2691 2453 3017 2509 familiaris.
3054 2478 3081 2505 ››

2016 2543 2085 2596 Et
2113 2558 2216 2614 ego
2250 2565 2276 2590 «
2304 2558 2418 2596 non
2441 2558 2685 2615 arguam
2709 2547 2764 2598 te
2787 2566 2813 2591 ››
2845 2544 3121 2617 deinceps
3153 2545 3214 2600 in
3246 2568 3275 2595 «
3296 2546 3601 2603 sacriﬁciis

1945 2631 2086 2686 tuis.
2121 2653 2149 2680 »
2181 2629 2241 2686 Si
2273 2647 2389 2686 non
2422 2631 2630 2686 offeras
2661 2632 2950 2688 sacriﬁcia
2980 2632 3260 2703 carnalia,
3280 2651 3395 2690 non
3418 2635 3599 2692 oﬁ'en-

1945 2721 2071 2787 das,
2131 2718 2471 2774 holocausta
2527 2724 2726 2774 autem
2778 2743 2807 2769 «
2856 2738 2970 2776 non
3027 2721 3370 2793 vitulorum,
3420 2746 3448 2773 ››
3496 2725 3597 2780 sed

1946 2812 2127 2873 «tua,
2166 2829 2192 2854 ››
2227 2805 2283 2861 id
2333 2810 2440 2876 est,
2475 2823 2604 2878 quae
2654 2807 2714 2862 in
2763 2812 2819 2862 te
2869 2813 3028 2877 sunt,
3081 2809 3304 2865 scilicet
3351 2810 3597 2883 spiritus

1944 2893 2393 2962 contribulatus,
2429 2917 2456 2943 ‹‹
2492 2911 2724 2967 semper
2753 2899 2893 2951 sunt
2923 2896 2982 2950 in
3028 2901 3347 2970 conspectu
3378 2914 3529 2955 meo.
3565 2922 3595 2950 »

2016 2982 2155 3038 Dico
2189 2998 2302 3038 non
2338 2999 2606 3054 arguam,
2633 2983 2771 3054 quia
2796 3006 2824 3032 «
2860 3000 2974 3040 non
3005 2985 3310 3057 accipiam,
3336 3008 3363 3035 »
3392 2986 3451 3042 id
3483 2991 3591 3058 est,

1945 3089 2061 3127 non
2093 3071 2277 3127 habeo
2309 3074 2506 3143 gratos
2540 3093 2568 3120 ‹‹
2603 3070 2815 3127 vitulos
2849 3093 2876 3120 »
2909 3072 3100 3128 cordis
3149 3074 3292 3147 quin
3321 3074 3594 3134 immoles

1944 3161 2090 3216 mihi
2122 3159 2484 3232 superbiam,
2516 3158 2761 3228 scilicet,
2790 3182 2817 3209 «
2853 3161 2925 3217 de
2963 3162 3137 3217 domo
3185 3167 3307 3234 tua,
3345 3186 3373 3214 »
3404 3181 3596 3238 neque

1945 3249 2229 3322 accipiam
2263 3273 2290 3299 ‹‹
2324 3247 2520 3303 hircos
2556 3270 2582 3297 ››
2617 3264 2732 3304 non
2764 3249 2894 3305 dico
2919 3250 3291 3324 cordis,quin
3323 3253 3595 3312 immoles

179 3347 268 3400 est
297 3366 325 3395 »
361 3341 422 3396 in
454 3339 691 3413 propria
720 3356 992 3412 persona,
1031 3363 1057 3390 α
1090 3345 1147 3396 ct
1174 3341 1398 3397 vocavit
1446 3346 1661 3398 terram
1697 3363 1724 3392 »
1760 3341 1832 3397 ad
1864 3331 1906 3400 C
1947 3339 2156 3395 fetidos
2218 3342 2414 3393 motus
2479 3336 2767 3406 libidinis,
2823 3337 3060 3408 scilicet,
3113 3363 3140 3390 ‹‹
3192 3342 3264 3398 de
3318 3342 3596 3416 gregibus

181 3448 242 3488 se
273 3429 660 3486 audiendum.

214 3518 491 3576 -Vocavit
539 3522 776 3586 terram,
813 3519 1143 3574 universam
1194 3519 1434 3588 scilicet,
1479 3523 1536 3575 et
1585 3519 1694 3574 hoc
1744 3523 1835 3575 est

187 3631 213 3660 «
245 3627 278 3665 a
309 3607 453 3665 solis
485 3611 615 3664 ortu
661 3624 849 3680 usque
899 3609 969 3663 ad
1023 3625 1296 3664 occasum
1333 3625 1345 3663 :
1400 3631 1428 3659 »
1483 3609 1835 3664 determinat

181 3699 356 3754 etiam
389 3696 585 3752 locum
615 3696 674 3752 in
705 3715 817 3768 quo
850 3696 1082 3753 locutus
1113 3715 1344 3766 es,cum
1379 3697 1536 3764 dicit,
1565 3721 1591 3747 «
1625 3703 1680 3753 et
1702 3716 1832 3770 spe-

181 3786 298 3843 cies
348 3785 578 3842 decoris
626 3787 776 3858 ejus,
812 3809 839 3836 »
886 3785 944 3841 id
995 3790 1084 3841 est
1131 3786 1431 3859 speciosus
1481 3787 1655 3842 decor
1704 3789 1832 3858 ejus

182 3875 413 3932 Domini
446 3879 536 3932 est
565 3898 592 3925 «
626 3892 694 3930 ex
724 3875 884 3931 Sion.
917 3896 944 3925 »
982 3875 1146 3930 Unde
1176 3877 1488 3947 propheta:
1519 3901 1544 3925 ‹‹
1582 3877 1660 3931 De
1692 3877 1832 3932 Sion

179 3965 355 4020 exibit
382 3965 496 4029 lex,
529 3967 586 4020 et
611 3965 855 4019 verbum
887 3966 959 4019 de
993 3963 1358 4020 Hierusalem
1393 3987 1418 4014 »
1452 3966 1602 4035 (Isai.
1636 3969 1720 4033 ιι).

248 4054 388 4110 Dico
421 4053 578 4109 Deus
608 4051 840 4108 locutus
870 4056 982 4121 est,
1014 4057 1072 4108 et
1104 4052 1202 4108 ille
1233 4052 1387 4108 idem
1420 4076 1448 4102 «
1483 4054 1636 4108 Deus
1668 4075 1694 4102 ››
1729 4052 1831 4124 qui

179 4140 494 4214 aliquando
525 4140 793 4197 occultus
841 4140 971 4210 fuit,
1005 4141 1145 4212 quia
1192 4140 1478 4196 Divinitas
1523 4141 1741 4196 latebat
1769 4141 1829 4196 in

179 4228 568 4300 humanitate,
607 4251 634 4282 α
666 4230 975 4286 manifeste
995 4229 1188 4286 veniet
1221 4253 1248 4279 ››
1281 4230 1339 4284 in
1363 4229 1610 4300 judicio,
1643 4229 1741 4284 sed
1775 4233 1834 4285 et

180 4317 276 4375 ille
308 4341 337 4372 «
369 4319 527 4377 Deus
558 4323 758 4376 noster
789 4341 818 4368 »
849 4322 1114 4374 nostram
1131 4317 1561 4375 humanitatem
1583 4317 1827 4385 habens,

181 4410 320 4465 tunc
353 4429 383 4459 ‹‹
418 4425 535 4464 non
567 4405 766 4464 silebit
795 4428 824 4458 ››
857 4410 991 4464 ante
1024 4406 1312 4462 Herodem
1341 4409 1399 4462 et
1429 4405 1701 4474 Pilatum,
1727 4406 1829 4462 sed

181 4495 510 4571 increpabit
535 4513 1020 4570 unumquemque
1051 4497 1123 4553 de
1165 4496 1420 4570 peccatis
1455 4512 1468 4551 :
1502 4501 1559 4552 et
1605 4495 1701 4552 hic
1728 4512 1831 4552 no-

180 4587 338 4642 tatur
354 4584 625 4642 intentio.

247 4675 316 4730 Et
345 4678 488 4732 tunc
519 4697 548 4724 ‹‹
581 4675 918 4731 exardescet
946 4673 1103 4748 ignis
1145 4674 1205 4729 in
1256 4677 1571 4745 conspectu
1621 4673 1770 4744 ejus,
1799 4694 1826 4723 »
1863 4700 1910 4766 Β

178 4764 462 4835 praecedet
489 4763 647 4819 enim
705 4762 1028 4820 materialis
1073 4762 1228 4836 ignis
1273 4767 1406 4818 ante
1454 4765 1832 4834 conspectum

177 4852 303 4922 ejus
331 4852 622 4910 venientis
662 4853 733 4908 ad
778 4851 1097 4924 judicium,
1132 4851 1236 4923 qui
1289 4849 1574 4906 cremabit
1624 4850 1830 4906 faciem

176 4941 359 5010 terra),
394 4964 422 4991 «
451 4945 507 4996 et
537 4941 599 4996 in
631 4940 879 4996 circuitu
912 4941 1042 5013 ejus
1074 4944 1394 5011 tempestas
1443 4939 1652 5006 valida,
1698 4961 1727 4988 »
1773 4939 1832 4994 id

179 5034 286 5098 est,
319 5031 508 5086 sancti
539 5029 752 5104 angeli,
775 5030 876 5103 qui
907 5031 967 5086 in
999 5031 1110 5086 hoc
1142 5033 1560 5101 comparantur
1585 5032 1833 5100 tempes-

179 5117 304 5186 tati,
339 5119 479 5191 quia
509 5119 666 5176 sicut
694 5123 1017 5192 tempestas
1047 5119 1241 5175 valida
1269 5118 1504 5190 projieit
1538 5117 1766 5190 paleam
1799 5135 1834 5174 a

181 5207 400 5278 granis,
433 5208 518 5265 sic
547 5208 635 5264 illi
667 5209 978 5282 projicient
1007 5209 1193 5265 malos
1226 5225 1260 5264 a
1289 5208 1480 5263 bonis.

249 5295 318 5352 Et
344 5295 470 5369 ipse
499 5297 786 5354 Dominus
833 5298 1072 5354 veniens
1113 5321 1141 5348 «
1175 5297 1482 5353 advocabit
1533 5295 1764 5364 coelum,
1799 5318 1828 5347 ››

182 5382 240 5437 id
282 5388 372 5440 est
416 5385 683 5443 caalestes
731 5387 1044 5444 desursum
1097 5409 1124 5436 ‹‹
1161 5386 1232 5442 ad
1286 5402 1370 5454 se,
1406 5407 1434 5434 »
1468 5385 1527 5439 id
1566 5389 1675 5453 est,
1707 5385 1831 5456 ipse

181 5471 418 5530 veniens
447 5474 765 5532 desursum
795 5474 1104 5532 advocabit
1131 5473 1416 5541 cmlestes,
1452 5496 1479 5523 ‹‹
1514 5476 1572 5527 et
1605 5495 1631 5520 »
1661 5489 1828 5528 voca-

182 5558 267 5616 bit
293 5584 320 5611 ‹‹
354 5565 572 5620 terram
605 5587 634 5615 ››
666 5581 785 5621 non
824 5565 899 5622 ad
949 5581 1032 5633 se,
1066 5564 1167 5620 sed
1203 5587 1229 5612 «
1266 5562 1594 5618 discernere
1639 5579 1830 5634 popu-

182 5644 304 5706 lum
335 5667 535 5723 suum,
568 5675 597 5703 n
629 5653 689 5710 id
720 5656 830 5724 est,
865 5653 938 5713 ad
977 5652 1108 5726 hoc,
1143 5655 1208 5710 ut
1261 5651 1599 5708 discernaut
1645 5667 1828 5726 popu-

182 5733 304 5799 lum
335 5757 514 5803 suum
544 5759 580 5810 ο.
609 5740 804 5804 malis.

1945 3428 2084 3484 tuis.
2122 3451 2149 3476 »
2181 3428 2306 3483 Non
2342 3425 2624 3498 accipiam
2658 3427 2806 3496 ideo,
2842 3428 2981 3500 quia
3012 3446 3153 3486 mea:
3207 3435 3347 3487 sunt
3392 3449 3596 3490 omnes

1946 3520 2076 3573 ferae
2110 3517 2405 3590 sylvarum
2440 3539 2467 3564 ››
2501 3514 2723 3572 scilicet
2763 3533 2904 3573 mea:
2954 3520 3281 3590 potestatis,
3317 3525 3373 3577 et
3420 3522 3596 3581 etiam

1944 3607 2241 3662 indomitae
2276 3607 2406 3662 ferae
2439 3622 2580 3661 mea:
2612 3609 2772 3675 sunt,
2805 3612 2862 3662 et
2892 3606 3012 3664 haec
3045 3631 3073 3657 «
3096 3609 3370 3679 jumenta
3402 3633 3429 3661 ››
3463 3629 3594 3684 pas-

1943 3696 2132 3752 centia
2157 3719 2182 3744 ‹‹
2220 3695 2278 3749 in
2315 3695 2637 3762 montibus,
2672 3698 2729 3750 et
2761 3695 2955 3764 boves,
2995 3720 3021 3744 ›ι
3054 3697 3111 3753 id
3163 3703 3272 3770 est,
3305 3699 3596 3758 indomita

1943 3784 2222 3841 animalia
2248 3788 2385 3840 sunt
2417 3801 2565 3838 mea.
2601 3785 2706 3838 Per
2737 3784 3025 3841 indomita
3055 3787 3334 3843 animalia
3361 3789 3596 3861 signan-

1942 3881 2040 3930 tur
2069 3873 2334 3947 gentiles,
2371 3873 2470 3944 qui
2510 3873 2697 3944 legem
2750 3890 2863 3928 non
2915 3873 3244 3942 habebant;
3279 3891 3384 3945 per
3425 3875 3591 3932 indo-

1941 3964 2108 4031 mita,
2140 3962 2347 4029 Judaei,
2396 3961 2494 4032 qui
2544 3961 2654 4014 sub
2696 3961 2842 4032 jugo
2888 3959 3033 4031 legis
3086 3962 3456 4032 tenebantur,
3489 3965 3592 4021 sed

1941 4050 2050 4106 hoc
2083 4067 2197 4106 non
2227 4049 2406 4103 habet
2444 4047 2538 4102 hic
2592 4047 2806 4102 locum.
2840 4048 2964 4102 Non
3011 4053 3240 4104 tantum
3291 4053 3594 4109 terrestria

1940 4138 2241 4206 animalia,
2275 4139 2376 4194 sed
2420 4137 2596 4192 etiam
2650 4160 2677 4186 ‹‹
2709 4136 2968 4193 volatilia
3014 4137 3141 4193 caeli
3190 4140 3430 4212 cognovi
3464 4163 3492 4190 ››
3525 4146 3593 4198 ut

1941 4245 2090 4297 mea,
2125 4250 2151 4277 ‹‹
2185 4231 2241 4282 et
2269 4225 2644 4298 pulchritudo
2695 4226 2819 4299 agri
2868 4243 3100 4283 mecum
3150 4232 3259 4297 est,
3299 4252 3324 4278 ››
3373 4228 3430 4285 id
3479 4233 3588 4301 est,

1940 4316 2134 4373 omnis
2169 4316 2394 4371 fructus
2424 4319 2592 4371 terra)
2625 4315 2682 4370 in
2718 4333 2849 4372 mea
2877 4319 2967 4372 est
2995 4322 3302 4390 potestate.

2009 4407 2081 4462 Et
2101 4404 2230 4462 ideo
2261 4428 2288 4455 «
2323 4404 2374 4461 si
2405 4405 2686 4475 esuriero,
2725 4427 2752 4453 »
2784 4407 2939 4476 quod
2979 4409 3175 4463 tamen
3226 4407 3590 4481 impossibile

1941 4498 2049 4565 est,
2086 4519 2113 4546 «
2148 4512 2265 4551 non
2297 4493 2490 4550 dicam
2521 4493 2650 4564 tibi,
2686 4494 2852 4550 Meus
2877 4498 2968 4551 est
3008 4494 3166 4551 enim
3197 4496 3356 4554 orbis
3397 4501 3589 4570 terras,

1939 4588 2000 4640 et
2031 4583 2332 4656 plenitudo
2363 4584 2514 4656 ejus.
2549 4604 2577 4631 ››

2013 4672 2151 4730 Dico
2183 4697 2210 4724 «
2245 4672 2294 4729 si
2343 4670 2625 4738 esuriero,
2661 4693 2689 4720 »
2721 4673 2822 4728 sed
2868 4688 3174 4745 nunquam
3221 4672 3500 4746 esuriam,
3534 4679 3592 4733 et

1943 4762 2053 4819 hoc
2083 4766 2193 4830 est,
2228 4785 2256 4812 ‹‹
2289 4760 2559 4834 nunquid
2589 4762 2961 4818 manducabo
3008 4778 3215 4818 carnes
3262 4765 3588 4837 taurorum,

1943 4856 2046 4908 aut
2074 4851 2423 4924 sanguinem
2456 4850 2753 4907 hircorum
2786 4851 3047 4924 potabo?
3079 4874 3107 4902 ››
3138 4851 3243 4908 Hic
3281 4853 3592 4911 manifeste

1943 4940 2258 4997 stultitiam
2312 4956 2516 4994 eorum
2569 4939 2965 5012 reprehendit,
2997 4940 3099 5013 qui
3132 4941 3420 5013 putabant
3455 4959 3590 4999 eum

1942 5031 2268 5100 comedere,
2300 5027 2391 5084 vel
2423 5033 2623 5100 potare
2653 5030 3003 5103 sanguinem
3034 5029 3403 5087 animalium.

2013 5118 2397 5183 Determinat,
2428 5118 2582 5190 quod
2613 5117 3024 5174 holocaustum
3055 5118 3114 5174 in
3146 5124 3459 5192 conspectu
3483 5137 3591 5178 suo

1943 5207 2214 5280 superius
2246 5224 2374 5263 esse
2407 5207 2652 5263 dixerat.
2705 5206 2834 5262 Haec
2880 5207 3092 5280 legalia
3139 5207 3427 5264 sacriﬁcia
3472 5208 3592 5265 noli

1942 5298 2166 5365 offerre,
2203 5297 2303 5352 sed
2336 5296 2532 5368 potius
2562 5319 2588 5346 «
2625 5295 2868 5352 immola
2899 5296 3016 5352 Deo
3061 5297 3414 5353 sacriﬁcium
3462 5296 3588 5353 lau-

1940 5386 2051 5456 dis,
2089 5408 2115 5434 »
2144 5386 2200 5440 id
2233 5390 2343 5454 est,
2373 5383 2550 5440 lauda
2580 5383 2764 5438 Deum
2795 5388 2965 5440 tuum
2993 5385 3096 5453 ita,
3131 5385 3286 5456 quod
3331 5383 3460 5441 laus
3487 5389 3590 5443 tua

1940 5473 2017 5529 sit
2046 5475 2098 5529 ei
2131 5471 2484 5529 sacriﬁcium
2517 5471 2806 5539 laudis,id
2841 5477 2947 5541 est,
2971 5471 3212 5528 immola
3226 5472 3483 5545 teipsum
3506 5490 3591 5530 se-

1939 5563 2199 5618 cundum
2248 5559 2578 5629 libidinem,
2628 5559 2944 5629 luxuriam,
2998 5560 3360 5634 superbiam,
3402 5561 3588 5619 avari-

1937 5651 2103 5720 tiam,
2137 5654 2272 5718 ete.,
2307 5647 2447 5722 quia
2477 5664 2592 5703 non
2624 5652 2715 5704 est
2745 5648 3010 5722 speciosa
3038 5649 3170 5706 laus
3199 5647 3260 5706 in
3309 5665 3408 5707 ore
3457 5666 3592 5725 pec-

1939 5738 2175 5819 catoris,
2209 5734 2455 5800 immola
2483 5735 2746 5813 laudem,
2767 5740 2825 5798 et
2855 5736 2964 5800 hoc
2993 5736 3321 5816 assidue,et
3341 5737 3452 5803 hoc
3472 5743 3591 5805 eet:
3631 5776 3634 5778 η
