3936 6368
327 428 440 490 367

697 424 1099 488 HAYMONIS
1144 425 1688 486 HALBERSTA'I‘.
1738 425 1985 487 EPISC.
2033 425 2203 487 OPP.
2255 424 2453 485 PARS
2499 424 2548 484 Ι.
2594 457 2670 466 -
2714 420 3126 484 COMMENT.
3172 422 3368 484 BIBL.

3620 421 3751 486 368

323 582 352 610 ‹‹
385 561 445 615 et
469 558 646 614 redde
673 556 974 614 Altissimo
1005 560 1139 611 vota
1168 559 1291 627 tua,
1329 579 1356 604 ››
1390 556 1447 610 id
1479 559 1568 612 est
1598 557 1821 625 devote,
1841 561 1898 612 et
1919 556 1968 611 si
1999 558 2053 624 Α
2090 559 2327 628 peccata
2357 559 2459 610 tua
2487 554 2704 622 videas,
2735 571 2865 626 quae
2896 558 2959 610 tu
2992 554 3309 610 modonen
3338 554 3619 624 attendis,
3637 569 3753 628 per

324 648 498 716 modo
528 664 646 703 non
677 647 896 719 poteris
927 645 1194 719 implere,
1223 645 1400 700 redde
1432 646 1666 717 quando
1699 645 1937 717 poteris.

395 759 422 788 κ
454 737 526 793 Et
559 758 588 785 ››
617 739 758 792 tunc
790 759 817 786 «
850 735 1055 792 invoca
1083 751 1177 791 me
1209 734 1270 790 in
1302 733 1394 790 die
1423 733 1892 804 tribulationis,»
1918 734 1977 790 id

323 829 434 897 est,
492 823 553 881 in
611 828 876 898 tempore
933 823 1110 880 istius
1168 823 1474 897 praesentis
1543 823 1698 891 vitze,
1749 827 1804 880 et
1870 840 1976 896 ego

325 937 352 966 ‹‹
387 930 587 971 eruam
617 917 674 970 te
698 935 726 964 »
758 931 794 971 α
820 912 1220 981 tribulatione,
1239 929 1355 970 non
1387 913 1542 985 quod
1565 930 1600 969 a
1625 928 1977 985 quacunque

322 1001 702 1060 tribulatione
729 1006 898 1060 eruat
927 1002 1184 1073 ﬁdelem,
1212 1003 1318 1059 sed
1349 1001 1420 1058 ab
1454 1001 1555 1058 illa
1575 1001 1975 1070 tribulatione,

325 1091 428 1149 ubi
473 1108 678 1150 verum
730 1091 869 1150 boni
917 1097 1008 1150 est
1054 1093 1361 1160 damnum,
1413 1115 1442 1142 ‹‹
1475 1095 1532 1148 et
1565 1114 1594 1142 »
1644 1096 1709 1148 tu
1741 1095 1978 1163 ereptus

323 1205 352 1246 «ς
387 1180 806 1240 honoriﬁcabis
854 1198 949 1251 me
982 1205 1010 1232 »
1059 1182 1246 1238 Deum
1293 1180 1611 1238 laudando.
1645 1181 1791 1237 Cum
1839 1197 1977 1237 eum

324 1270 424 1329 alii
454 1271 538 1330 ita
567 1276 836 1346 ereptum
866 1271 1086 1341 vident,
1117 1271 1307 1330 Deum
1334 1270 1426 1329 sui
1458 1270 1608 1343 justi
1653 1275 1977 1343 ereptorem

321 1360 681 1419 collaudant.

395 1451 611 1526 Incipit
639 1451 814 1509 tertia
841 1469 1002 1524 pars,
1034 1455 1090 1508 et
1121 1449 1278 1508 sicut
1322 1451 1630 1524 Synagoga
1676 1449 1977 1507 Christum

323 1540 555 1619 indugt
584 1539 922 1614 loquentem
953 1539 1201 1612 suis,sic
1220 1540 1398 1596 etiam
1425 1539 1732 1613 Synagoga
1753 1539 1980 1596 inducit

322 1630 509 1687 Deum
550 1629 899 1704 loquentem
960 1629 1272 1703 peccatori.
1328 1629 1748 1685 Continuatio:
1800 1628 1978 1696 Quasi

321 1719 541 1775 diceret
568 1719 876 1792 Synagoga
908 1736 922 1774 :
959 1719 1089 1775 Haec
1119 1718 1262 1774 dixit
1293 1718 1447 1774 Deus
1470 1717 1674 1789 justis,
1707 1740 1734 1767 ‹‹
1771 1734 1980 1790 pecca-

320 1807 434 1864 tori
467 1811 663 1863 autem
695 1807 842 1863 dixit
875 1831 903 1856 ››
935 1807 1055 1863 haec
1092 1830 1120 1859 «
1153 1807 1329 1875 Deus,
1363 1809 1551 1873 Quare
1600 1811 1664 1862 tu
1713 1809 1980 1878 peccator

319 1910 561 1954 enarras
585 1895 853 1968 justitias
885 1895 1094 1953 meas?
1126 1920 1155 1946 »
1190 1897 1261 1952 de
1287 1896 1578 1952 creatione
1607 1895 1735 1951 cceli
1772 1900 1828 1951 et
1858 1900 1977 1952 ter—

2088 644 2280 702 simile
2311 646 2475 715 dicit,
2509 644 2648 718 quia
2697 644 2850 701 sicut
2899 643 3117 716 aliquis
3167 662 3290 700 rem
3335 661 3513 716 quam
3561 644 3754 700 habet

2087 739 2222 791 ante
2253 734 2454 791 oculos
2484 733 2792 791 manifeste
2817 734 2996 804 videt,
3028 734 3112 790 sic
3137 733 3199 791 in
3227 733 3320 790 die
3341 733 3551 806 judicii
3575 735 3750 808 quisv-

2087 841 2201 896 que
2231 828 2469 897 peccata
2495 841 2604 880 sua
2633 822 2945 880 manifeste
2975 828 3308 896 cognoscet.

2157 911 2274 968 Vos
2322 910 2499 968 etiam
2549 934 2577 961 α
2611 911 2714 984 qui
2765 909 3183 967 obliviscimini
3231 911 3437 980 Deum,
3477 933 3504 960 »
3535 910 3594 966 id
3626 915 3746 980 est,

2087 999 2189 1073 qui
2237 1001 2421 1056 Deum
2473 999 2533 1054 in
2586 999 2872 1055 memoria
2917 1015 3035 1056 non
3086 998 3340 1068 habetis,
3371 1022 3399 1050 «
3436 999 3748 1073 intelligite

2087 1089 2240 1156 dico,
2291 1112 2318 1140 ‹‹
2354 1088 2664 1160 nequando
2714 1087 2929 1160 rapit»
2979 1105 3081 1144 vos
3132 1088 3205 1145 ad
3253 1105 3507 1161 pmnam,
3557 1112 3588 1140 ‹‹
3619 1094 3680 1147 et
3711 1110 3745 1140 »ο

2087 1182 2228 1236 tunc
2259 1199 2287 1228 α
2325 1195 2442 1234 non
2473 1177 2552 1234 sit
2581 1175 2683 1250 qui
2712 1175 2942 1250 eripiat.

2159 1267 2291 1323 Ηωο
2349 1253 2680 1339 intelligite,
2741 1270 2800 1323 et
2851 1267 3052 1324 olferte
3099 1266 3245 1325 mihi
3301 1291 3333 1319 «
3376 1268 3744 1327 sacriﬁcium

2087 1356 2302 1425 laudis,
2335 1379 2363 1406 »
2395 1355 2454 1412 id
2487 1361 2578 1412 est
2608 1355 2887 1428 spiritum
2917 1355 3400 1426 contribulatum,
3424 1357 3562 1431 quia
3589 1358 3743 1416 illud

2087 1445 2444 1504 sacriﬁcium
2475 1468 2502 1495 α
2538 1444 2950 1502 honeriﬁcabit
2978 1461 3092 1515 me,
3123 1451 3181 1502 et
3207 1445 3347 1516 illic,
3383 1469 3412 1496 ››
3444 1447 3502 1504 id
3534 1452 3644 1516 est,
3677 1449 3743 1506 in

2087 1535 2187 1592 illo
2221 1535 2506 1594 sacriﬁcio
2543 1541 2636 1591 est
2677 1558 2705 1586 «
2737 1534 2867 1603 iter,
2901 1552 3016 1608 quo
3051 1558 3080 1586 »
3112 1535 3319 1595 itinere
3347 1553 3456 1611 ego
3481 1560 3510 1590 ‹‹
3542 1544 3742 1597 osten-

2087 1625 2246 1694 dam,
2281 1623 2365 1680 illi
2399 1647 2427 1674 »
2466 1625 2731 1681 offerenti
2780 1648 2808 1678 (ς
2843 1625 3124 1694 salutare,
3160 1648 3188 1676 »
3220 1626 3278 1683 id
3327 1630 3417 1684 est
3462 1626 3741 1686 salvatio-

2087 1731 2222 1771 nem
2247 1738 2272 1764 (ί
2311 1713 2435 1771 Dei.
2464 1737 2492 1764 υ

2625 1840 2694 1896 ΙΝ
2748 1839 3097 1898 PSALMUM
3137 1842 3201 1898 L.

323 1947 558 1954 ---η-η
585 1947 850 1968 "ww---
885 1947 1085 1953 ---ην
1195 1947 1257 1952 ν-
1777 1947 1826 1951 -_

319 2002 417 2055 ree,
453 2008 481 2037 «
515 1990 574 2052 et
604 1984 860 2042 assumis
887 1989 1308 2042 testamentum
1340 2001 1560 2054 meum,
1593 2007 1622 2036 »ι
1656 1983 1715 2040 id
1764 1988 1853 2040 est
1881 2001 1967 2040 ve-

2157 1966 2651 2055 rubus;'1n'ﬁncm
2696 1966 2943 2055 psalmus
2989 1965 3182 2055 David,
3211 1966 3442 2055 querula
3475 1971 3644 2055 venit“
3662 1968 3739 2026 ad

315 2078 502 2132 terem
533 2073 744 2148 legem,
779 2073 899 2131 sive
931 2091 1142 2131 novam
1177 2098 1199 2125 α
1235 2091 1339 2147 per
1365 2091 1430 2130 os
1460 2078 1631 2130 tuum
1666 2096 1695 2124 ››
1729 2077 1794 2130 ut
1830 2073 1977 2130 alios

317 2163 457 2219 inde
480 2163 697 2220 doceas
717 2163 745 2218 ?
777 2165 922 2220 Cum
953 2162 1096 2219 dicit
1124 2164 1404 2232 assumis,
1435 2166 1600 2220 notat
1631 2179 1754 2219 rem
1785 2161 1977 2235 ipsam

317 2268 436 2309 non
467 2268 596 2309 esse
619 2251 1002 2308 commissam
1035 2251 1349 2325 peccatori,
1380 2253 1484 2309 sed
1533 2252 1659 2324 ipse
1707 2255 1979 2324 peccator

317 2342 729 2414 praesumendo
761 2340 978 2413 ingerit
1004 2358 1088 2397 se.

389 2423 838 2486 Testamentum
892 2428 1133 2502 ingeris,
1167 2434 1372 2486 contra
1422 2447 1556 2486 vero
1603 2430 1884 2503 operaria,
1919 2434 1978 2487 et

318 2519 432 2576 hoc
459 2523 569 2588 est,
623 2541 650 2570 ‹‹
704 2523 769 2575 tu
817 2535 951 2574 vero
1001 2519 1178 2575 odisti
1228 2518 1626 2591 disciplinam,
1683 2543 1712 2569 ››
1761 2519 1820 2575 id
1863 2524 1976 2589 est,

319 2607 739 2677 correctio-nem
770 2624 986 2676 meam,
1019 2607 1158 2680 quia
1188 2607 1238 2664 si
1267 2607 1526 2679 aliquam
1559 2609 1976 2665 correctionem

319 2697 428 2754 tibi
461 2697 615 2764 dedi,
641 2696 858 2753 invitus
890 2696 1292 2765 sustinuisti,«
1329 2701 1386 2752 et
1417 2713 1718 2753 sermones
1742 2715 1971 2767 meos,»

322 2787 385 2842 id
415 2791 504 2842 est
535 2791 826 2858 praecepta
856 2804 986 2843 mea
1034 2809 1061 2836 «
1097 2787 1394 2858 proiecisti
1443 2791 1765 2844 retrorsum
1799 2811 1826 2836 ››
1859 2806 1974 2844 non

322 2875 701 2948 adimplendo
730 2893 816 2932 ea.

384 2965 735 3022 Sermonem
764 2965 1084 3039 projecisti,
1120 2988 1148 3017 «
1180 2970 1236 3022 et
1262 2966 1314 3023 si
1340 2967 1527 3022 furem
1556 2965 1815 3038 videbas,
1850 2982 1975 3022 cur-

321 3054 494 3113 rebus
523 3072 661 3113 cum
690 3070 775 3114 eo.
815 3078 842 3105 ››
876 3056 1021 3112 Cum
1054 3056 1180 3112 fure
1229 3055 1433 3124 currit,
1459 3055 1563 3127 qui
1617 3056 1840 3112 furtum
1884 3056 1971 3112 fa-

321 3143 572 3202 cientem
603 3161 720 3202 non
750 3144 1073 3219 redarguit,
1107 3148 1164 3201 et
1193 3144 1294 3217 qui
1327 3144 1636 3201 consentit.
1667 3144 1804 3200 Furi
1836 3153 1974 3200 con-

320 3233 518 3303 sentit,
541 3233 630 3290 vel
661 3233 758 3290 cui
789 3235 1014 3291 furtum
1065 3232 1275 3306 placet,
1310 3233 1396 3290 vel
1446 3233 1569 3305 qui,
1601 3249 1736 3289 cum
1788 3233 1975 3306 possit

320 3323 694 3396 redarguere,
746 3340 861 3378 non
911 3322 1228 3394 redarguit,
1279 3346 1307 3372 ‹‹

319 3411 648 3484 portionem
679 3415 842 3466 tuam
867 3411 1125 3482 ponebas
1149 3433 1176 3460 ››
1189 3411 1274 3467 vel
1306 3410 1570 3466 faciendo
1593 3410 1969 3480 adulterium,

318 3497 407 3556 vel
439 3497 857 3556 consentiendo
890 3498 1192 3555 adulteris.

389 3609 420 3638 α
455 3586 532 3654 Os
581 3586 760 3644 etiam
812 3591 983 3644 tuum
1028 3587 1349 3644 abundavit
1398 3586 1644 3657 malitia,
1680 3610 1708 3637 »
1749 3587 1807 3644 id
1859 3592 1971 3654 est,

320 3675 694 3734 abundanter
723 3674 986 3732 locutum
1025 3680 1115 3733 est
1161 3675 1317 3732 mala
1363 3679 1585 3748 aperta,
1616 3700 1643 3726 «
1675 3681 1732 3733 et
1769 3676 1974 3749 lingua

317 3770 422 3823 tua
471 3765 850 3824 concinnabit
899 3763 1084 3822 dolos.
1135 3788 1163 3816 »
1207 3765 1569 3822 Concinnare
1627 3765 1757 3823 ideo
1806 3766 1967 3836 dicit,

319 3855 458 3929 quia
486 3853 574 3911 illi
603 3855 706 3929 qui
737 3855 935 3913 dolose
967 3855 1311 3928 loquuntur,
1337 3860 1545 3911 ornatu
1577 3857 1833 3914 maxime
1863 3875 1972 3915 sua

314 3946 492 4013 verba
519 3950 902 4019 componunt.

386 4035 492 4101 Hic
551 4035 753 4092 subdit
797 4035 870 4092 de
933 4035 1310 4092 detractione.
1367 4034 1788 4092 Continuatio:
1840 4036 1966 4092 Non

316 4127 551 4186 tantum
580 4123 684 4180 illa
711 4123 869 4182 male.
897 4124 1153 4181 faciebas
1179 4124 1272 4180 bis
1304 4124 1516 4193 modis,
1552 4125 1652 4180 sed
1685 4128 1742 4180 et
1770 4126 1967 4181 detra-

317 4210 530 4281 ctione,
562 4217 619 4275 et
652 4211 762 4268 hoc
810 4217 918 4281 est,
952 4236 981 4263 «
1013 4212 1350 4284 loquebaris
1395 4213 1676 4270 adversus
1725 4215 1966 4270 fratrem

314 4303 563 4358 tuumz»
581 4301 819 4366 fratrem
846 4305 1013 4357 vocat
1042 4301 1364 4373 quemlibet
1381 4301 1703 4370 hominem,
1719 4319 1825 4358 nec
1849 4321 1966 4359 non

313 4389 572 4456 faciebas
600 4387 851 4457 horarie,
883 4389 986 4445 sed
1020 4413 1048 4438 ‹‹
1082 4390 1316 4459 sedens,
1351 4412 1380 4439 »
1413 4391 1469 4446 id
1521 4393 1628 4461 est,
1662 4391 1960 4461 assiduus,

312 4502 342 4531 «
375 4483 433 4538 et
463 4501 494 4532 »
522 4496 640 4536 non
669 4482 904 4536 tantum
953 4479 1236 4536 adversus
1286 4478 1451 4548 alios,
1486 4480 1588 4535 sed
1621 4503 1650 4530 α
1683 4480 1964 4540 adversus

310 4568 502 4625 ﬁlium
532 4569 740 4626 matris
769 4572 904 4638 tuae,
939 4591 968 4617 ››
1021 4568 1080 4624 id
1125 4572 1215 4625 est
1260 4569 1600 4641 Synagogae,
1641 4592 1670 4618 ‹‹
1705 4571 1962 4640 ponebas

310 4657 677 4728 scandalum,
730 4681 758 4709 ››

309 4747 715 4820 persuadendo
745 4747 1038 4816 hazresim,
1071 4746 1159 4803 vel
1186 4746 1409 4819 aliquid
1439 4746 1573 4816 tale,
1607 4748 1763 4819 quod
1807 4765 1842 4804 a
1869 4749 1963 4806 via

308 4852 444 4894 vera
471 4837 751 4906 retrahat,
785 4859 812 4886 ‹‹
847 4836 970 4893 haec
1000 4858 1028 4886 »
1060 4836 1259 4892 omnia
1291 4859 1318 4885 ‹‹
1353 4836 1561 4905 iecisti,
1595 4842 1652 4893 et
1681 4860 1710 4887 »
1743 4854 1848 4910 ego
1881 4843 1964 4895 ta-

309 4939 445 4981 men
479 4948 507 4976 ι(
539 4925 717 4994 tacui,
744 4947 772 4975 »
806 4924 864 4980 id
897 4929 1004 4994 est,
1039 4941 1174 4981 cum
1208 4925 1493 4996 patientia
1523 4928 1872 4999 exspectavi,
1895 4931 1962 4984 ut

309 5014 664 5086 quandoque
690 5014 899 5071 saltem
931 5014 1369 5070 convertereris.

375 5102 448 5159 Et
477 5101 588 5159 hac
621 5121 752 5160 mea
802 5102 1090 5175 patientia
1137 5102 1361 5159 abusus
1411 5120 1493 5174 es,
1528 5103 1667 5175 quia
1714 5105 1958 5175 putasti,

307 5189 463 5246 sicut
491 5191 799 5248 ad‘horam
832 5197 888 5249 te
917 5192 1159 5264 impune
1189 5191 1583 5261 dimittebam,
1617 5196 1674 5247 et
1708 5191 1816 5248 hoc
1847 5198 1957 5262 est,

304 5297 334 5328 «
367 5277 717 5346 existimasti
739 5279 985 5352 inique»
1015 5279 1103 5336 vel
1132 5280 1448 5347 vocativus,
1482 5279 1569 5336 vel
1593 5281 1956 5351 adverbium,

306 5384 334 5414 ‹‹
367 5367 524 5438 quod
552 5385 650 5425 ero
677 5368 766 5424 tui
799 5391 827 5419 ››
858 5386 974 5426 non
1001 5369 1320 5440 puniendo.
1355 5369 1415 5425 Si
1447 5369 1603 5425 enim
1650 5370 1806 5427 Deus
1844 5370 1954 5427 im-

303 5453 544 5522 punitos
571 5455 894 5514 dimitteret
923 5456 1132 5526 malos,
1167 5456 1382 5515 similis
1412 5458 1772 5530 injustorum
1803 5459 1957 5516 inve-

302 5539 549 5598 niretur.
583 5535 672 5600 Tu
702 5543 821 5602 hoc
841 5545 1082 5619 putasti,
1116 5547 1218 5604 sed
1263 5563 1379 5604 non
1431 5564 1530 5605 ero
1580 5548 1667 5605 tui
1715 5549 1951 5622 similis,

301 5628 406 5686 sed
436 5649 469 5680 (ι
499 5644 745 5703 arguam
774 5635 852 5702 te,
878 5655 907 5684 η
934 5633 994 5690 id
1022 5637 1131 5701 est,
1165 5649 1268 5707 pro
1301 5635 1556 5706 peccatis
1588 5637 1830 5709 puniam
1848 5661 1875 5690 «
1896 5642 1954 5696 et

302 5717 564 5786 statuam
589 5721 798 5782 contra
827 5719 1036 5784 molem
1069 5725 1256 5795 tum,
1292 5744 1320 5775 ιι
1341 5745 1343 5747 ί
1365 5723 1610 5795 scilicet,
1641 5730 1708 5788 ut
1753 5726 1954 5790 omnia

2157 2053 2282 2164 cuin
2337 2037 2562 2094 Nathan
2615 2037 2899 2111 propheta,
2951 2037 3165 2110 quando
3213 2037 3442 2095 intravit
3488 2039 3559 2095 ad
3604 2040 3736 2097 Ber-

2157 2126 2218 2164 δα
2255 2125 2333 2164 ce.

2155 2125 2333 2165 δαυσε.

2157 2273 2187 2302 ‹‹
2220 2252 2496 2308 Miserere
2527 2253 2643 2308 mei
2675 2252 2850 2309 Deus.
2888 2274 2916 2303 ››
2949 2252 3208 2326 Legitur,
3223 2254 3380 2326 quod
3407 2270 3545 2311 eum
3565 2253 3739 2312 vidis-

2087 2345 2176 2397 set
2203 2341 2387 2398 David
2419 2358 2661 2398 uxorem
2683 2341 2833 2398 Uria:
2865 2341 3152 2398 Bersabee
3181 2341 3471 2400 lavantem
3497 2344 3569 2399 'in
3591 2343 3738 2400 sola-

2087 2429 2173 2486 rio
2203 2447 2331 2500 suo,
2367 2429 2724 2503 complacuit
2752 2432 2829 2501 ei,
2859 2435 2917 2488 et
2948 2432 3252 2500 accedens,
3272 2450 3410 2490 cum
3430 2451 3502 2490 ea
3527 2450 3735 2501 conca-

2085 2518 2215 2576 huit
2244 2520 2324 2587 (II
2347 2521 2588 2592 Reg.xx).
2606 2522 2741 2586 Quae
2773 2537 2908 2577 cum
2930 2520 3316 2596 imprazgnata
3339 2523 3750 2591 esset,timens.

2087 2625 2160 2664 ne
2191 2607 2548 2664 adulterium
2580 2610 2944 2681 proderetur,
2985 2609 3212 2667 vocavit
3257 2612 3330 2667 ab
3371 2611 3736 2683 expeditione

2087 2697 2324 2766 Uriam;
2375 2696 2474 2754 ille
2525 2715 2791 2755 reversus
2841 2698 3032 2755 noluit
3061 2700 3266 2755 reverti
3297 2701 3369 2755 ad
3407 2698 3734 2756 thalamum

2086 2787 2374 2859 conjugis,
2410 2788 2549 2842 dum
2583 2788 2676 2843 sui
2707 2786 2850 2844 socii
2880 2791 3079 2843 essent
3107 2788 3165 2843 in
3207 2788 3590 2860 expeditione.
3615 2790 3735 2846 Re-

2086 2876 2251 2931 misit
2280 2893 2415 2931 eum
2446 2877 2627 2933 David
2657 2877 2730 2932 ad
2769 2877 2916 2933 Joab
2964 2893 3100 2932 cum
3145 2875 3378 2950 litteris,
3411 2877 3469 2933 in
3516 2878 3733 2950 quibus

2085 2965 2358 3038 prmcepit
2385 2966 2531 3023 Joab
2563 2965 2812 3039 principi
2844 2965 3064 3022 militiae
3095 2971 3316 3036 suae,ut
3345 2966 3444 3022 ubi
3466 2968 3734 3024 fortiores

2085 3055 2421 3112 defensores
2463 3055 2717 3112 civitatis
2765 3059 3148 3122 essent,eum
3196 3060 3456 3127 poneret,
3491 3061 3548 3112 et
3597 3072 3732 3114 cum

2085 3141 2274 3198 acrior
2288 3145 2445 3199 esset
2464 3141 2748 3212 assultus,
2761 3150 2968 3199 omnes
2988 3141 3128 3199 socii
3147 3141 3346 3198 Uriam
3364 3141 3736 3202 dimitterent

2084 3230 2302 3300 solum,
2333 3236 2390 3287 et
2419 3231 2504 3287 sic
2535 3232 2984 3303 interﬁceretur,
3020 3237 3077 3288 et
3103 3229 3188 3286 sic
3225 3235 3314 3287 est
3350 3231 3595 3300 factum,
3621 3232 3736 3290 fuit

1355 3327 1416 3378 et
1465 3339 1599 3378 cum
1647 3322 1971 3378 udultcrius
2002 3317 2046 3384 C
2082 3317 2267 3391 igitur
2295 3319 2476 3376 David
2508 3319 2782 3377 adulterii
2813 3337 2948 3377 reus
2978 3325 3036 3378 et
3063 3319 3609 3378 homicidii.Volens
3629 3323 3744 3379 itas

2084 3426 2196 3481 que
2227 3409 2512 3465 Dominus
2544 3426 2814 3466 revocare
2843 3426 3080 3467 servum
3111 3427 3286 3466 suum
3332 3409 3537 3479 David,
3571 3410 3732 3467 misit

2082 3498 2155 3554 ad
2185 3515 2321 3554 eum
2353 3498 2583 3555 Natban
2615 3499 2982 3572 prophetam,
3018 3498 3120 3571 qui
3164 3497 3226 3554 in
3273 3499 3530 3571 quadam
3561 3516 3730 3572 para-

2081 3585 2216 3643 bola
2235 3586 2531 3659 judicium
2563 3606 2596 3644 a
2627 3605 2762 3662 rege
2783 3592 3086 3661 quaereret.
3102 3586 3259 3644 Dixit
3281 3586 3481 3660 itaque
3501 3588 3726 3646 Natban

2080 3676 2261 3732 David
2294 3676 2414 3749 regi
2446 3677 2550 3750 (III
2576 3679 2702 3750 Reg.
2734 3680 2836 3748 xiz)
2869 3694 2883 3734 :
2917 3677 3019 3733 Dic
3066 3676 3234 3748 mihi,
3269 3694 3386 3744 rex,
3411 3677 3723 3749 judicium.

2081 3765 2332 3832 Quidam
2361 3767 2449 3822 vir
2479 3771 2622 3834 erat,
2657 3765 2759 3838 qui
2781 3765 3000 3824 multas
3032 3783 3168 3823 oves
3192 3766 3465 3835 habebat,
3498 3770 3557 3822 et
3584 3767 3723 3824 vici-

2079 3870 2224 3911 num
2254 3855 2355 3927 qui
2373 3854 2579 3911 habuit
2595 3856 2914 3927 quamdam
2943 3855 3230 3912 eviculam
3249 3860 3499 3925 tantum,
3513 3861 3571 3912 et
3591 3873 3723 3914 cum

2078 3941 2163 3997 illi
2195 3943 2416 4015 potenti
2449 3944 2926 4017 supervenissent
2963 3944 3246 4017 hospites,
3279 3943 3469 4002 noluit
3498 3961 3569 4000 ne
3598 3944 3724 4002 suis

2077 4032 2282 4090 ovibus
2315 4032 2573 4106 aliquam
2603 4034 2886 4107 accipere,
2909 4034 3012 4091 sed
3028 4033 3204 4090 vicini
3225 4034 3318 4090 sui
3337 4032 3622 4090 oviculam
3639 4049 3724 4091 ra-

2075 4122 2224 4193 puit.
2257 4122 2553 4180 Judicavit
2583 4140 2702 4194 rex,
2735 4123 2892 4195 quod
2923 4123 3018 4179 hic
3046 4122 3184 4180 talis
3213 4127 3367 4179 esset
3388 4123 3547 4180 ﬁlius
3576 4141 3721 4181 mor-

2075 4212 2174 4280 tis,
2207 4211 2359 4268 Dixit
2383 4227 2519 4285 ergo
2549 4212 2602 4267 ei
2625 4211 2858 4268 Nathan
2892 4229 2906 4269 :
2942 4214 3031 4268 'l‘u
3062 4211 3276 4280 es'ille,
3304 4212 3571 4284 quicum
3617 4213 3721 4269 ha-

2075 4299 2241 4357 beres
2277 4302 2580 4375 sexaginta
2610 4318 2841 4373 uxores,
2875 4306 2933 4358 et
2955 4302 3322 4358 concubinas
3355 4306 3498 4374 quot
3523 4301 3718 4373 velles,

2073 4390 2324 4461 rapuisti
2355 4395 2552 4447 tamen
2586 4407 2828 4447 uxorem
2858 4390 3028 4458 Urina,
3061 4391 3160 4462 qui
3192 4407 3372 4447 unam
3402 4389 3587 4447 solam
3617 4390 3726 4447 ha-.

2073 4478 2266 4534 bebat.
2303 4480 2380 4535 De
2411 4478 2521 4535 hac
2550 4496 2688 4552 ergo
2737 4478 3138 4536 admonitione
3175 4479 3357 4538 David
3385 4481 3720 4552 compunc-

2070 4570 2188 4636 tus,
2224 4567 2392 4638 czepit
2420 4568 2719 4640 poenitere,
2754 4572 2812 4624 et
2840 4569 2912 4624 de
2943 4569 3194 4625 adventu
3237 4568 3464 4624 Nathan
3511 4568 3719 4626 titulus

809 4658 869 4715 id
925 4663 1035 4727 est,
1086 4675 1523 4730 quamcumque
1580 4658 1962 4717 offensionem
1993 4691 2039 4758 Β
2074 4654 2435 4727 compositus
2485 4661 2592 4712 est.
2625 4656 2733 4723 Qui
2783 4657 2868 4714 sic
2893 4657 3230 4730 expenitur
3261 4673 3278 4712 :
3312 4656 3718 4715 Psalmus'ist'e

2072 4745 2341 4800 convenit
2375 4745 2552 4801 David
2582 4745 2906 4818 poenitenti,
2939 4746 3040 4818 qui
3069 4745 3165 4802 hic
3187 4745 3464 4819 loquitur,
3483 4745 3719 4804 habitus

2070 4850 2206 4888 cum
2251 4832 2509 4890 venisset
2560 4835 2633 4890 ad
2683 4851 2820 4890 eum
2868 4833 3100 4890 Nathan
3153 4834 3454 4908 propheta,
3499 4851 3616 4891 non
3646 4835 3716 4892 de

2071 4939 2423 4994 quocunque
2453 4923 2710 4978 adventu
2731 4922 3104 4995 Nathan,sed
3136 4924 3207 4980 de
3235 4940 3327 4995 eo,
3341 4923 3440 4995 qui
3457 4923 3568 4978 fuit
3581 4940 3712 4980 cum

2071 5011 2248 5066 David
2280 5010 2517 5067 intravit
2546 5012 2619 5067 ad
2643 5012 3039 5079 Bersabee,de
3069 5029 3185 5084 quo
3212 5011 3456 5068 introitu
3485 5011 3714 5069 Nathan

2070 5099 2355 5172 propheta
2383 5100 2754 5158 vehementer
2782 5116 2919 5157 eum
2960 5100 3304 5174 increpavit.
3337 5101 3578 5158 Materia
3626 5106 3714 5158 est

2071 5189 2250 5245 David
2279 5189 2587 5260 pmnitens,
2621 5193 2680 5246 et
2705 5188 2874 5246 valde
2895 5189 3216 5246 humilians
3240 5206 3303 5246 se
3333 5194 3568 5262 propter
3590 5206 3713 5262 pec-

2067 5282 2197 5334 cata
2227 5277 2427 5351 gravia
2457 5295 2583 5350 quae
2633 5278 2864 5335 fecerat.
2900 5278 3111 5336 Modus
3144 5295 3158 5335 :
3203 5278 3268 5335 In
3315 5278 3507 5351 prima
3552 5283 3711 5350 parte

2066 5366 2320 5423 ostendit
2349 5381 2518 5422 suam
2549 5366 2967 5424 humilitatem.
3001 5367 3072 5424 In
3090 5367 3355 5425 secunda
3382 5370 3545 5440 parte
3572 5382 3710 5422 con-

2063 5454 2602 5512 ﬁdentiam.Tertia
2629 5459 2722 5512 est
2750 5455 3180 5529 quzesequitur
3205 5473 3282 5515 ει
3304 5455 3458 5524 istis,
3474 5454 3710 5511 haresci-

2061 5543 2200 5603 licet
2229 5549 2296 5602 ut
2327 5546 2479 5605 Deus
2511 5561 2626 5601 non
2672 5544 2950 5617 respiciat
2981 5551 3224 5619 peccata
3247 5545 3476 5606 δοιὼ
3505 5548 3711 5616 quarta

2060 5634 2228 5710 petit,
2261 5637 2326 5690 ut
2357 5635 2508 5692 Deus
2536 5631 2860 5692 Ecclesiam
2891 5634 3089 5706 iaciat,
3120 5635 3184 5692 in
3221 5633 3488 5708 qua‘sibi
3516 5632 3710 5707 rplaci-

2059 5729 2188 5787 tum
2218 5721 2629 5785 holocaustum
2659 5721 2959 5790 offeratur.
2995 5723 3247 5786 Intentio
3275 5726 3494 5798 est,-ut
3515 5737 3710 5802 quan-
