3936 6402
191 483 304 556 36.9

1369 481 1874 544 EXPLANA’I‘IO
1920 480 1998 542 IN
2047 481 2426 545 PSALMOS.

3492 477 3611 542 370

187 621 548 690 tumcunque
596 612 795 689 gravia
841 616 1080 688 peccata
1118 612 1451 684 fecerimus,
1486 613 1535 671 si
1566 614 1839 672 volumus
1869 620 1925 689 Α
1952 619 2011 672 et
2042 619 2107 671 ut
2137 617 2420 689 majorem
2453 619 2727 691 aggravet
2757 632 2926 674 suam
2957 613 3294 684 stultitiam,
3327 615 3490 686 dicit,
3511 639 3531 666 α
3554 609 3620 682 et

188 707 439 764 converti
472 707 545 762 ad
577 706 784 772 Deum,
820 721 935 760 non
976 705 1378 776 desperemus,
1413 704 1552 777 quia
1581 704 1842 760 ineil‘abi-

186 798 258 854 lis
279 801 367 853 est
388 794 794 851 misericordia
824 794 948 862 Dei,
972 797 1029 848 et
1059 793 1244 849 multo
1277 794 1468 864 major
1497 811 1674 865 quam
1707 798 1846 848 sunt

187 890 420 960 peccata
444 890 664 951 nostra,
684 887 741 938 et
763 883 917 938 sicut
947 883 1006 937 in
1038 882 1168 938 aliis
1199 882 1444 955 psalmis
1476 882 1844 955 poenitentia-

187 975 339 1036 libus
399 991 515 1031 non
574 976 816 1028 excusat
859 976 1119 1044 peccata,
1155 971 1256 1028 sed
1292 988 1354 1026 se
1384 975 1639 1040 accusat,
1670 970 1753 1027 sic
1785 971 1842 1027 in

187 1065 298 1125 isto
354 1064 643 1120 confitens
698 1064 1026 1133 peccatum,
1058 1062 1409 1132 deprecatur
1457 1078 1561 1132 per
1609 1078 1679 1117 ea
1717 1079 1842 1134 qua:

190 1158 333 1211 sunt.
373 1153 432 1208 in
483 1153 610 1224 ipso
651 1150 878 1223 judice,
921 1149 1004 1206 sic
1055 1150 1258 1205 dicens
1291 1166 1304 1204 :
1345 1173 1365 1198 α
1402 1149 1675 1206 Miserere
1706 1151 1842 1220 mei,

189 1243 362 1314 Deus,
400 1265 427 1291 »
461 1241 517 1296 id
547 1244 653 1307 est,
689 1240 912 1313 respice
942 1255 1036 1294 me
1079 1239 1248 1294 oculo
1295 1238 1728 1306 misericordiae,
1764 1255 1848 1294 re-

189 1332 490 1388 formando
522 1347 639 1400 me,
669 1344 775 1385 nec
814 1329 1051 1401 aliquod
1085 1329 1380 1400 praetende
1412 1328 1710 1399 meritum,
1743 1329 1844 1384 sed

189 1421 343 1494 piam
369 1424 500 1494 peto
522 1419 986 1476 misericordiam
1019 1422 1206 1484 tuam,
1241 1422 1297 1472 et
1326 1417 1436 1472 hoc
1468 1417 1608 1472 dicit
1641 1434 1653 1472 :
1688 1441 1714 1466 ‹‹
1750 1434 1842 1472 sc-

189 1511 447 1569 cundUm
479 1525 756 1582 magnam
788 1506 1252 1563 misericordiam
1285 1510 1503 1561 tuam.»
1532 1507 1683 1561 Bene
1705 1505 1848 1560 dicit

188 1600 472 1674 prepheta
491 1613 772 1670 magnam
801 1595 1269 1652 misericordiam
1307 1611 1500 1660 suam,
1531 1594 1672 1667 quia
1700 1611 1844 1666 prm-

184 1687 406 1749 viderat
431 1687 491 1744 in
513 1686 736 1759 Spiritu
759 1691 959 1742 sancto
984 1684 1196 1740 Filium
1220 1701 1394 1740 suum
1411 1700 1474 1739 se
1493 1683 1844 1738 daturumin

187 1781 456 1842 mortem,
479 1793 584 1848 pro
615 1775 1018 1846 redemptione
1047 1772 1293 1829 humani
1324 1772 1576 1844 generis.
1610 1772 1750 1828 Dico
1781 1777 1847 1829 ut

186 1883 392 1939 parcas
427 1865 596 1932 mihi,
629 1868 686 1921 et
716 1862 1051 1920 miserearis
1083 1862 1219 1929 mei,
1254 1863 1353 1918 sed
1387 1878 1590 1934 precor
1618 1866 1683 1916 ut
1713 1879 1844 1933 pec-

1957 727 1985 755 «
2027 704 2250 760 malum
2283 707 2428 762 illud
2457 724 2651 762 coram
2683 712 2736 762 te
2771 707 2896 775 feci,
2935 729 2962 755 ››
2995 707 3051 762 id
3083 711 3192 776 est,
3226 705 3361 762 licet
3389 705 3609 781 ubique

1955 799 2300 866 praesentem
2332 800 2385 851 te
2418 796 2628 852 scirem
2661 814 2808 868 esse,
2841 802 2899 853 et
2941 797 3140 853 omnia
3185 795 3398 865 videre,
3432 801 3490 854 et
3511 798 3612 868 ju-

1955 883 2146 939 dicem
2175 885 2443 940 omnium
2476 887 2740 941 futurum
2764 903 2891 942 esse
2914 887 3350 953 scirem,tamen
3381 887 3613 959 peccavi

1954 971 2014 1026 in
2049 977 2365 1045 conspectu
2399 978 2521 1043 tuo,
2557 979 2612 1029 et
2663 975 2742 1030 ita
2795 975 3051 1047 peccavi,
3083 976 3235 1046 quod
3281 975 3329 1031 si
3361 980 3616 1048 ponatur

1955 1060 2106 1116 inter
2127 1066 2182 1116 te
2205 1067 2262 1116 et
2284 1062 2678 1130 hominem,tu
2698 1063 3072 1135 solusjustus
3097 1063 3612 1136 inveniaris,homo

1956 1148 2236 1218 injustas,
2271 1151 2413 1204 adeo
2446 1173 2473 1198 «
2507 1156 2574 1205 ut
2596 1151 2962 1222 justiﬁceris,
2998 1174 3020 1203 ι
3057 1153 3114 1207 id
3161 1157 3268 1224 est,
3290 1153 3491 1224 justus
3521 1153 3609 1208 in-

1954 1237 2205 1293 veniaris
2241 1262 2266 1287 ‹‹
2302 1239 2360 1294 in
2395 1261 2423 1288 ››
2456 1242 2733 1296 omnibus
2775 1261 2796 1289 α
2823 1241 3194 1298 sermonibus
3243 1242 3382 1313 tuis,
3415 1265 3442 1292 ››
3473 1243 3611 1316 quia

1955 1342 2084 1397 qua:
2117 1327 2714 1399 promisisti,penitus
2744 1329 3020 1401 implesti,
3056 1347 3160 1402 ego
3191 1336 3385 1387 autem
3417 1337 3472 1388 et
3503 1349 3609 1388 cas-

1956 1415 2062 1470 teri
2099 1416 2367 1471 homines
2399 1417 2634 1488 penitus
2659 1418 3026 1474 inveniamur
3054 1419 3448 1491 injusti.Unde
3470 1423 3614 1494 Apo-

1956 1503 2146 1560 stolus
2178 1522 2190 1559 :
2227 1529 2253 1554 «
2288 1507 2390 1561 Est
2420 1511 2616 1562 autem
2650 1508 2804 1563 Deus
2833 1525 3024 1574 verax,
3059 1510 3250 1563 omnis
3281 1513 3480 1565 autem
3509 1509 3612 1567 ho-

1957 1609 2052 1648 mo
2102 1595 2354 1650 mendax
2404 1597 2577 1664 (Rom.
2615 1613 2671 1652 m
2699 1615 2711 1666 ;
2741 1598 2892 1654 Psal.
2925 1601 3075 1667 cxv).
3113 1619 3141 1646 »
3172 1599 3243 1654 Et
3273 1615 3389 1653 non
3420 1598 3613 1655 solum

1954 1681 2079 1737 lum
2103 1683 2450 1753 justificeris
2497 1685 2556 1740 in
2605 1686 2980 1742 sermonibus
3025 1686 3182 1754 tuis;
3232 1688 3333 1742 sed
3373 1710 3403 1738 «
3435 1687 3612 1744 etiam

1951 1771 2216 1826 vindicas
2275 1790 2408 1828 cum
2461 1774 2750 1846 judicaris
2787 1798 2814 1823 ››
2862 1776 2920 1830 in
2971 1776 3270 1846 omnibus,
3325 1776 3382 1830 id
3419 1781 3528 1842 est,
3563 1777 3612 1832 si

1954 1860 2056 1915 fiat
2077 1861 2374 1932 judicium
2429 1863 2582 1918 inter
2609 1868 2664 1918 te
2695 1869 2752 1919 et
2781 1863 3101 1930 hominem,
3135 1865 3290 1936 quod
3323 1868 3386 1918 tu
3411 1866 3614 1936 justus

187 1960 312 2015 cato
341 1972 474 2014 meo
511 1971 626 2010 non
677 1970 906 2026 parcas,
939 1952 1056 2008 imo
1089 1975 1117 2001 «
1151 1950 1276 2008 dele
1307 1975 1328 2003 ι
1368 1967 1402 2006 a
1431 1949 1715 2006 memoria
1743 1955 1846 2006 tua
1877 1994 1922 2060 Β
1954 1948 2294 2016 invenieris,
2323 1951 2478 2006 Deus
2508 1957 2703 2007 autem
2729 1953 2934 2025 justus
2965 1952 3278 2021 invenitur,
3315 1970 3449 2009 cum
3481 1972 3612 2011 om-

555 2042 655 2060 ιοι·
757 2042 772 2060 1
830 2045 898 2060 κνι
990 2039 1324 2060 μᾼγηέιεᾼμ-..
1467 2039 1832 2060 3-3..-,2ι-ι-..-
1954 2038 2290 2060 ..2-1.-...3..2
2332 2057 2446 2060 _____-
2493 2040 2595 2060 ‘91-!
2638 2059 2674 2060 κη
2710 2047 2760 2060 ηι
2852 2059 2928 2060 κάκ
3012 2041 3088 2060 γηὲ
3184 2059 3221 2060 κν
3253 2042 3371 2060 ιην·
3422 2041 3435 2054 ο
3477 2047 3488 2060 ι
3542 2047 3579 2060 γι

187 2061 289 2118 per
344 2061 493 2118 quas
551 2042 659 2101 tibi
717 2042 928 2116 placet,
989 2039 1326 2114 punitiones
1386 2063 1413 2089 «
1467 2039 1841 2111 iniquitatem

187 2149 438 2202 meam,»
471 2149 660 2205 neque
687 2148 893 2204 precor
921 2130 1031 2188 hoc
1062 2128 1260 2202 aliquo
1293 2128 1525 2194 merito,
1557 2129 1658 2184 sed
1692 2151 1720 2177 «
1754 2144 1842 2184 sc-

185 2247 214 2277 «
246 2223 511 2283 cundum
548 2219 993 2277 multitudinem
1030 2217 1476 2274 miserationum
1518 2220 1779 2282 tuarum,
1816 2239 1844 2267 η

185 2312 323 2386 quia
346 2311 512 2370 video
543 2309 762 2367 multas
784 2313 841 2365 te
869 2307 1276 2365 miserationes
1305 2305 1641 2362 exhibuisse
1662 2305 1846 2361 homi-

183 2397 656 2472 nibus‘,patribus
687 2395 1042 2468 nostris,qui
1076 2396 1147 2452 ad
1179 2399 1236 2452 te
1263 2395 1534 2452 volebant
1567 2394 1841 2450 converti.

252 2489 416 2557 Dico,
451 2486 578 2546 dele
622 2485 999 2557 iniquitatem
1051 2501 1265 2551 meam,
1299 2501 1405 2540 nec
1437 2500 1632 2556 quaero
1665 2483 1844 2540 deleri

181 2577 557 2650 iniquitatem
589 2593 692 2649 per
721 2574 1029 2642 sacriﬁcia,
1050 2573 1168 2630 imo
1191 2589 1295 2646 per
1326 2591 1361 2628 a
1389 2591 1498 2628 sua
1529 2572 1845 2645 baptisma-

182 2666 277 2739 tis,
311 2672 374 2724 et
400 2666 509 2722 hoc
539 2670 649 2732 est,
684 2687 712 2715 ‹‹
747 2663 877 2719 lava
906 2679 999 2719 me
1029 2685 1057 2712 »
1089 2680 1193 2734 per
1224 2663 1401 2718 fidem
1443 2679 1624 2734 quam
1655 2662 1844 2717 habeo

181 2755 239 2812 in
272 2755 445 2829 aquis
476 2753 778 2826 baptismi,
811 2752 957 2824 petit
982 2751 1161 2807 lavari
1190 2768 1294 2824 per
1325 2752 1499 2806 fidem
1529 2767 1708 2821 quam
1741 2750 1843 2804 ha-

181 2846 279 2903 bet
299 2846 372 2904 de
395 2845 523 2916 ipso
548 2841 961 2915 baptismate,«
986 2840 1114 2895 lava
1135 2855 1228 2894 me
1259 2840 1330 2894 ab
1363 2837 1671 2909 iniquitate
1693 2855 1840 2905 mea,

181 2938 237 2992 et
265 2950 300 2992 a
329 2937 569 3006 peccato
627 2947 758 2986 meo
815 2929 1041 2984 munda
1095 2944 1209 2994 me,
1247 2949 1274 2975 »
1309 2928 1464 2983 idem
1521 2929 1691 2982 vocat
1726 2925 1842 2980 ini-

181 3022 470 3094 quitatem
501 3023 565 3076 et’
597 3021 925 3090 peccatum,
956 3016 1059 3072 sed
1110 3014 1337 3070 diverso
1386 3018 1675 3086 respectu,
1705 3012 1846 3085 quia

181 3108 543 3174 adulterium
559 3110 619 3162 et
636 3104 1021 3161 homicidium
1043 3119 1219 3160 suum
1249 3106 1417 3158 vocat
1446 3101 1841 3174 iniquitatem,

183 3198 378 3273 quoad
431 3194 813 3269 proximum:
865 3196 922 3248 et
979 3194 1284 3265 peccatum
1345 3191 1671 3246 secundum
1732 3190 1844 3246 hoc

184 3289 341 3362 quod
383 3286 657 3358 seipsum.
677 3282 737 3338 in
771 3297 1029 3354 corpore,
1063 3279 1434 3349 luxuriando,
1466 3283 1523 3335 et
1553 3278 1614 3333 in
1647 3276 1845 3334 volun-

184 3381 313 3435 tate
330 3371 639 3434 homicidii
668 3368 1110 3428 contaminavit.

255 3465 399 3526 Dico
426 3463 578 3534 lava,
605 3464 664 3517 et
720 3459 862 3532 quia
917 3458 1116 3530 aliqua
1172 3456 1459 3525 lavantur,
1493 3455 1594 3511 ubi
1644 3459 1840 3511 tamen

188 3553 410 3627 aliQuid
459 3549 651 3608 sordis
705 3552 989 3615 remanet,
1041 3545 1202 3613 dicit,
1237 3545 1482 3614 munda,
1515 3545 1841 3601 secundum

186 3640 618 3714 utmmq;ue,ita
646 3637 888 3708 scilicet,
907 3635 1064 3709 quod
1096 3633 1242 3691 nihil
1276 3633 1334 3690 in
1365 3649 1463 3690 me
1487 3633 1846 3690 contamina-

189 3731 718 3790 tionismmaneat.
753 3727 912 3795 Dico,
944 3725 1092 3793 lava,
1127 3724 1371 3792 munda,
1423 3727 1481 3780 et
1526 3722 1637 3778 hoc
1671 3745 1693 3772 ι
1729 3739 1847 3778 am-

189 3819 404 3894 plius,»
436 3819 497 3875 id
526 3815 912 3889 est,ampliori
943 3814 1234 3872 lavatione
1262 3828 1442 3885 quam
1475 3811 1684 3879 soleas,
1709 3809 1849 3882 quia

191 3909 346 3966 sicut
381 3910 690 3982 peccatum
723 3903 981 3977 amplius
1012 3907 1120 3971 est,
1155 3901 1246 3958 sic
1271 3898 1522 3973 amplior
1549 3898 1764 3956 lavatio
1791 3901 1865 3955 et.

191 3997 500 4059 laudatio
529 3993 861 4056 necessaria
883 3997 994 4054 est.

261 4084 554 4154 Quoniam
573 4081 1105 4151 dixerat,mahnam
1137 4075 1601 4134 misericordiam
1618 4073 1858 4143 Dei,sed'

195 4175 335 4248 quia;
363 4176 580 4232 iterum
627 4171 774 4228 vidit
823 4167 1287 4227 misericordiam
1321 4183 1437 4222 non
1468 4165 1595 4220 sine
1616 4162 1854 4235 justitia

196 4280 368 4338 posse
397 4279 556 4330 esse,
585 4260 800 4318 vultin
860 4258 1056 4330 seipse
1106 4255 1426 4328 quamdam
1485 4251 1852 4338 occasionem

197 4337 529 4420 ostendere,
560 4353 796 4423 propter
815 4360 1007 4420 quam
1020 4346 1175 4401 Deus
1193 4343 1404 4399 debeat
1421 4340 1532 4398 sibi
1557 4341 1719 4411 juste
1751 4337 1856 4394 mi-

199 4439 577 4500 sericondiam
606 4437 898 4505 exhibere,
922 4439 983 4492 et
1010 4434 1170 4491 sicut
1192 4433 1480 4489 hactenus
1509 4431 1856 4502 deprecatus

199 4535 288 4597 est
308 4529 576 4604 judieem
606 4528 813 4595 Deum,
845 4541 948 4598 per
977 4541 1046 4580 ea
1075 4537 1202 4595 qua
1230 4520 1289 4576 in
1329 4519 1531 4592 judice
1579 4522 1740 4587 sunt,
1771 4517 1858 4575 sic

201 4621 382 4677 modo
406 4616 620 4690 incipit
641 4613 940 4688 deprecari
970 4629 1072 4685 per
1101 4628 1170 4667 ea
1196 4627 1324 4682 quae
1366 4609 1425 4664 in
1476 4609 1603 4681 ipso
1661 4609 1860 4680 depre-

1954 2038 2053 2094 nia
2067 2038 2294 2094 homini
2326 2057 2453 2112 quas
2487 2040 2598 2096 sibi
2630 2047 2771 2097 sunt
2799 2041 3148 2110 necessaria,
3178 2041 3609 2111 subministret;

1952 2127 2129 2183 homo
2147 2132 2344 2184 autem
2377 2129 2433 2184 in
2434 2130 2796 2200 justus,cum
2817 2131 2932 2186 Deo
2948 2129 3191 2204 dignum
3215 2131 3469 2187 tractum
3493 2149 3609 2187 non

1955 2216 2165 2272 reddit.
2200 2216 2361 2273 Unde
2411 2217 2696 2274 Dominus
2744 2219 2804 2274 in
2844 2219 3155 2291 Evangelia
3189 2236 3202 2274 :
3234 2220 3502 2277 Judicate
3529 2221 3614 2276 in-

1954 2308 2043 2361 ter
2063 2322 2156 2360 me
2187 2310 2246 2361 et
2275 2305 2504 2364 vineam
2537 2324 2752 2364 meam.

2024 2393 2170 2449 Vero
2198 2395 2420 2462 vineas,
2445 2395 2493 2450 si
2518 2396 2900 2468 judicaveris,
2933 2412 3067 2452 cum
3099 2397 3355 2466 homine,
3379 2397 3519 2470 quia
3547 2402 3615 2454 ut

1955 2487 2198 2539 taceam
2222 2484 2330 2539 hoc
2380 2502 2593 2540 novum
2645 2492 2950 2557 peccatum
2988 2509 3008 2536 ι
3044 2491 3361 2560 conceptus
3390 2503 3522 2543 sum
3555 2488 3614 2543 in

1960 2594 1982 2624 ι
2011 2573 2486 2645 iniquitatibus,»
2511 2574 2649 2646 quia
2672 2575 2730 2629 in
2754 2575 2881 2647 ipso
2907 2580 3223 2649 conceptus
3256 2575 3335 2632 fui
3358 2592 3464 2649 ego
3481 2592 3615 2633 rcus

1955 2662 2450 2734 przevarieationis
2477 2668 2534 2718 et
2564 2663 2971 2720 inobedientia:
3001 2666 3156 2720 Adae.

2027 2751 2160 2806 Ideo
2197 2755 2313 2806 tam
2344 2750 2625 2806 miserum
2661 2769 2752 2807 me
2783 2770 2912 2808 esse
2957 2755 3157 2822 fateor,
3193 2753 3330 2824 quia
3360 2776 3388 2803 ‹‹
3418 2767 3550 2809 ecce
3585 2775 3616 2803 »

1954 2839 2232 2894 omnibus
2254 2841 2596 2910 patet,quod
2631 2843 2693 2895 tu
2725 2864 2753 2891 ‹‹
2787 2842 3089 2897 veritatem
3123 2841 3448 2909 dilexisti,»
3475 2841 3616 2913 quia

1953 2926 2003 2982 si
2037 2943 2152 2981 non
2201 2929 2482 2984 conﬁteor
2526 2929 2830 2984 veritatem
2863 2931 2933 2984 de
2964 2945 3058 2985 me
3087 2929 3235 3002 ipso,
3272 2946 3387 2985 non
3419 2946 3610 2986 essem

1954 3013 2170 3085 dignus
2200 3015 2294 3070 cui
2324 3021 2387 3071 tu
2421 3017 2750 3072 condonare
2794 3017 3056 3073 deberes.
3092 3018 3406 3089 Postquam
3439 3035 3612 3074 accu-

1953 3102 2103 3159 savit
2131 3121 2193 3160 se
2225 3120 2330 3176 per
2372 3103 2606 3177 propria
2653 3109 2909 3177 peccata,
2944 3111 3184 3162 accusat
3211 3106 3386 3162 etiam
3418 3123 3480 3163 se
3507 3123 3612 3180 per

1952 3191 2237 3248 beneficia
2264 3192 2624 3265 Doi,quibus
2656 3194 2807 3249 male
2838 3211 2982 3251 usus
3012 3195 3436 3268 est.Propterea
3464 3195 3606 3252 item

1950 3280 2171 3351 vinces,
2198 3281 2338 3354 quia
2368 3302 2395 3335 α
2425 3282 2784 3339 manifestati
2831 3282 2976 3339 mihi
3008 3284 3230 3340 incerta
3257 3283 3486 3340 occulta
3515 3301 3607 3341 sa-

1869 3363 1911 3431 C
1949 3367 2182 3441 pientis:
2231 3373 2366 3439 tum,
2403 3393 2432 3420 »
2483 3371 2844 3428 manifestati
2906 3372 3072 3441 mihi,
3126 3372 3369 3445 scilicet,
3418 3372 3612 3429 incar-

1952 3457 2251 3514 nationem
2283 3463 2341 3515 et
2371 3460 3007 3533 reparationem,quam
3035 3461 3296 3517 facturus
3327 3478 3389 3518 es
3404 3479 3510 3535 per
3528 3460 3615 3518 Fi-

1953 3544 2100 3601 lium
2132 3551 2326 3614 tuum,
2358 3565 2486 3621 quae
2532 3549 2892 3621 quibusdam
2940 3550 3164 3606 incerta
3200 3553 3359 3621 sunt,
3394 3550 3626 3608 scilicet-

1955 3633 2202 3707 illis,qui
2225 3636 2333 3693 etsi
2365 3637 2587 3709 aliquid
2625 3638 2960 3712 intelligunt
2980 3639 3052 3696 de
3077 3639 3329 3696 adventu
3353 3639 3482 3696 Filii
3504 3639 3614 3710 tui,

1956 3726 2154 3780 tamen
2188 3742 2302 3781 non
2335 3726 2535 3782 omnia
2565 3726 2735 3798 plene
2765 3726 3125 3801 intelligunt,
3150 3727 3508 3800 quibusdam
3529 3745 3625 3786 oc-‘

1957 3810 2135 3881 culta,
2170 3813 2392 3870 scilicet
2419 3813 2537 3872 illis
2569 3815 2671 3887 qui
2702 3815 2848 3870 nihil
2881 3833 3122 3888 prorsus
3151 3815 3285 3872 inde
3314 3815 3530 3872 sciunt.

2033 3901 2134 3958 Hic
2184 3902 2392 3975 incipit
2438 3904 2509 3959 de
2561 3904 2820 3959 secunda
2867 3908 3032 3975 parte
3065 3919 3079 3958 :
3116 3903 3160 3959 Ο
3192 3903 3458 3971 Domine,
3492 3907 3626 3960 tam-

1958 3991 2212 4063 graviter
2241 3991 2605 4063 peccavi,sed
2635 3995 2830 4047 tamen
2863 3990 3090 4047 confido
3119 3991 3190 4047 de
3216 3990 3628 4050 misericordia-

1960 4081 2082 4144 tua,
2102 4080 2159 4131 et
2179 4076 2371 4132 sciens
2394 4100 2421 4125 «
2447 4093 2721 4150 asperges
2744 4093 2839 4132 me
2868 4077 3120 4149 hyssopo
3146 4098 3174 4126 »
3197 4076 3382 4133 mittit
3403 4093 3511 4134 nos
3541 4079 3628 4134 ad;

1960 4164 2238 4237 legem,in
2261 4182 2378 4236 qua
2409 4166 2873 4238 praecipiebatur,
2903 4171 2969 4222 ut
2997 4167 3252 4240 hyssopo
3279 4165 3525 4223 intincto
3556 4167 3617 4223 in

1962 4253 2250 4325 sanguine
2278 4253 2496 4322 vitulae,
2518 4254 2785 4326 leprosus
2816 4259 3243 4329 aspergeretur,
3271 4260 3328 4312 et
3357 4255 3467 4312 hoc
3493 4245 3620 4312 erat

1963 4342 2047 4399 eis
2088 4343 2354 4414 quaadam
2405 4341 2654 4415 expiatio
2693 4344 2886 4414 (Exod.
2919 4348 3040 4414 xu);
3075 4345 3330 4419 Sanguis
3364 4345 3461 4401 ille
3491 4337 3632 4400 san-i

1965 4431 2205 4505 guinem
2237 4431 2453 4488 Christi
2489 4431 2859 4504 signiﬁcavit,
2884 4433 2952 4488 in-
2977 4452 3091 4506 quo
3121 4452 3225 4507 per
3254 4435 3428 4490 fidem
3460 4433 3622 4505 lepra

1966 4525 2338 4594 peccatorum
2363 4521 3169 4594 mundatur.l-lyssopus,quze
3189 4522 3370 4578 herba
3381 4520 3622 4577 humilis

1967 4609 2377 4684 est,signiﬁcat
2405 4609 2802 4665 humilitatem
2827 4627 2945 4683 qua
2962 4615 3021 4665 et
3042 4610 3310 4666 Christus
3327 4610 3481 4666 fudit
3496 4626 3628 4666 san-

203 4713 370 4768 oante
397 4710 559 4767 sunt.
591 4702 964 4763 Continuatio
999 4717 1024 4757 :.
1051 4701 1203 4757 Lava
1245 4715 1349 4771 per
1395 4697 1858 4754 misericordiam
1891 4734 1948 4799 Di
1968 4699 2205 4774 guinem
2240 4716 2436 4767 suum,
2462 4703 2520 4755 et
2548 4716 2664 4771 qua
2690 4715 2795 4755 nos
2828 4700 3021 4772 ipsum
3055 4698 3404 4771 sanguinem
3436 4716 3540 4772 per
3566 4699 3630 4754 fi-

204 4797 368 4867 dico,
385 4802 450 4856 ei;
469 4797 579 4855 hoc
603 4796 837 4867 justum
867 4795 960 4848 est
987 4787 1316 4862 «quoniam
1348 4804 1454 4860 ego
1486 4785 1865 4858 iniquitatem.
1891 4785 1947 4799 "i
1970 4791 2104 4848 dem
2128 4788 2572 4861 suscipimus,et
2598 4789 2751 4844 sicut
2779 4789 3070 4862 hyssopus
3092 4787 3317 4861 lapides
3337 4791 3626 4860 penetrat,

205 4903 396 4944 meam
438 4900 726 4959 cognosco
757 4905 786 4932 »
817 4899 934 4939 non
986 4878 1112 4937 sola
1161 4876 1513 4950 cognitione,
1550 4875 1651 4932 sed
1685 4876 1869 4932 detra-

206 4976 417 5046 ctione,
450 4979 509 5032 et
537 4971 935 5036 exsecratione
963 4986 978 5026 :
1012 4992 1040 5019 «
1075 4972 1134 5024 et
1161 4970 1468 5044 peccatum
1500 4981 1698 5020 meum
1729 4981 1866 5020 con-

207 5068 297 5134 tra
325 5081 421 5122 me
449 5067 542 5121 est
568 5077 802 5135 semper
833 5083 864 5110 »
896 5058 1066 5133 quasi
1114 5057 1308 5128 imago
1357 5053 1654 5122 terribilis,
1689 5069 1874 5127 quam-

209 5154 484 5211 emnibus
507 5151 700 5208 modis
723 5151 927 5223 fugere
956 5147 1264 5218 velim,per
1292 5143 1492 5202 omnia
1522 5143 1870 5201 deberemus

209 5240 491 5314 accipere,
520 5242 578 5296 et
607 5235 982 5310 iniquitatem
1028 5239 1088 5292 et
1131 5235 1439 5307 peceatum
1480 5235 1544 5288 ut
1574 5249 1754 5304 supra
1782 5248 1872 5289 ex-

209 5329 468 5401 positum
501 5331 609 5385 est.

282 5418 589 5475 Peccatum
623 5419 713 5472 est
742 5417 947 5471 contra
976 5429 1088 5481 me,
1109 5416 1166 5468 et
1195 5411 1304 5467 hoc
1337 5409 1722 5482 perpetrando
1755 5428 1870 5468 non

214 5507 441 5580 peccavi
473 5505 672 5574 alicui,
704 5503 820 5560 nisi
851 5527 878 5554 «
913 5501 1020 5558 tibi
1052 5499 1182 5572 soli,
1209 5523 1238 5550 »
1269 5499 1411 5571 quia
1439 5515 1574 5555 cum
1606 5516 1703 5555 rex
1733 5500 1869 5569 sim,

215 5596 413 5653 nullus
444 5595 623 5652 habet
643 5592 855 5667 punire
880 5595 1184 5664 peccatum
1209 5587 1552 5656 meum,nisi
1574 5592 1638 5642 tu
1671 5589 1832 5646 solus
1856 5609 1869 5660 ;

213 5685 310 5742 vel.
329 5685 561 5758 peccavi
592 5684 896 5742 curandus
924 5681 1032 5737 tibi
1065 5679 1200 5748 soli,
1224 5677 1362 5750 quia
1389 5694 1524 5733 cum
1557 5677 1756 5734 nullus
1781 5680 1873 5750 ju-

219 5774 487 5846 stus,ni'si
520 5779 594 5832 tu.
615 5773 842 5844 solus,a
863 5775 920 5830 te
952 5768 1521 5840 solo,Domine,sum
1553 5770 1870 5838 curandus,

1977 4883 2036 4936 et
2063 4877 2362 4950 pulmonis
2408 4881 2701 4932 tumorem
2736 4876 2916 4949 pellit,
2952 4877 3036 4932 sic
3064 4875 3372 4932 humilitas
3399 4874 3638 4948 lapidea.-

1979 4969 2156 5026 corda
2184 4969 2471 5040 penetrat,
2506 4970 2566 5022 et
2592 4971 2884 5022 tumorem
2918 4965 3208 5039 superbiai
3239 4965 3422 5037 fugat,
3455 4968 3513 5020 et
3541 4980 3633 5019 se-

1979 5058 2242 5115 cundum
2271 5055 2414 5112 dicit
2445 5071 2459 5111 :
2492 5057 2781 5128 Asperges
2830 5073 2925 5112 me
2974 5055 3250 5128 hyssopo,
3286 5054 3345 5109 id
3393 5057 3490 5110 est
3507 5069 3640 5109 san-

1979 5145 2156 5220 guine
2188 5144 2425 5214 Christi,
2453 5161 2588 5200 cum
2617 5144 2954 5201 humilitate
2987 5145 3136 5212 fuso,
3156 5147 3213 5198 et
3242 5159 3378 5199 cum
3405 5140 3640 5198 humili-

1980 5240 2097 5292 tate
2128 5238 2402 5308 suscepto
2425 5250 2540 5302 me,
2561 5237 2704 5289 «et»
2728 5250 2832 5306 per
2861 5233 2970 5289 hoc
2990 5257 3018 5283 ‹‹
3043 5231 3374 5288 mundabor
3396 5253 3423 5280 »
3447 5248 3481 5286 a
3511 5245 3640 5302 pec-

1980 5325 2130 5381 catis
2153 5325 2390 5392 meis,et
2407 5339 2522 5378 non
2546 5326 2776 5378 tantum
2800 5322 2858 5377 in
2881 5321 2990 5377 hac
3023 5319 3359 5393 aspersione
3387 5318 3636 5376 munda-

1981 5416 2108 5481 bor,
2142 5415 2241 5471 sed
2274 5414 2449 5469 etiam
2497 5410 2778 5484 accipiam
2811 5412 3124 5467 candorem
3156 5410 3463 5481 virtutum,
3498 5431 3526 5457 «
3559 5407 3642 5463 la-

1982 5504 2148 5561 vabis
2180 5520 2272 5558 me
2297 5525 2324 5551 ››
2357 5501 2454 5557 illo
2488 5501 2776 5573 sanguine
2809 5523 2834 5549 ‹‹
2869 5504 2927 5555 et
2961 5522 2988 5548 »
3022 5515 3126 5572 ego
3157 5497 3498 5567 dealbabor,
3525 5519 3552 5546 ››
3585 5495 3644 5551 id

1983 5591 2529 5665 est,dealbationem
2554 5608 2588 5645 a
2609 5593 2662 5645 te
2694 5588 2973 5660 recipiam
3006 5611 3033 5638 ‹‹
3070 5605 3247 5660 super
3276 5587 3493 5654 nivem,
3528 5608 3557 5636 »
3589 5584 3648 5641 id

1984 5688 2091 5751 est,
2120 5681 2253 5754 plus
2286 5697 2465 5752 quam
2500 5677 2737 5749 aliquod
2769 5693 2981 5749 corpus
3014 5677 3202 5748 possit
3232 5675 3511 5732 dealbari.

2055 5771 2149 5828 Sic
2180 5769 2514 5836 dealbabor,
2552 5772 2610 5823 et
2638 5771 2840 5839 postea
2868 5791 2894 5816 ‹‹
2931 5767 3160 5823 auditui
3210 5783 3339 5823 meo
3393 5765 3585 5834 dabis,
3625 5786 3652 5811 ›ι
