3936 6368
317 454 432 516 371

689 453 1099 515 ΗΑΥΜΟΝ18
1146 450 1696 512 HALBEltSTAT.
1742 447 1975 510 EPIStl.

2160 449 2208 509 Ρ.
2256 447 2459 510 PARS
2503 448 2553 511 Ι.
2599 480 2678 494 -
2721 447 3131 511 COMMENT.
3176 447 3377 510 BIBL.

3624 445 3750 509 372

318 587 382 644 id
413 590 522 660 est,
541 586 708 643 dabis
736 585 881 643 mihi
914 583 1237 659 intelligere
1269 601 1303 640 a
1331 583 1550 656 Spiritu
1585 586 1785 638 sancto
1817 581 1979 637 intus
2005 580 2063 650 Α
2089 581 2334 637 veniunt
2353 600 2457 656 per
2470 576 2909 656 suggestionem
2931 574 3257 656 sanguinis.
3269 581 3377 638 Per
3395 579 3747 655 sanguinem

323 677 471 733 mihi
503 677 776 749 loquente
811 696 838 725 «
871 674 1156 749 gaudium
1186 696 1215 724 »
1253 674 1324 728 de
1354 672 1700 728 remissione
1724 675 1984 744 peccato-

320 783 478 834 rum,
516 769 634 821 «et
679 763 941 820 laetitiam
972 785 1000 813 »
1047 763 1118 818 de
1174 778 1276 834 spe
1332 762 1464 817 vitae
1521 764 1766 829 {eterna},
1807 779 1829 810 α
1865 763 1921 815 et
1956 781 1976 808 ιι

317 858 462 910 tunc
489 873 511 903 α
531 871 667 910 ossa
685 873 713 903 »
738 869 887 920 mea,
916 851 975 905 id
995 855 1103 918 est,
1129 851 1336 906 robora
1366 850 1612 906 rationis
1641 866 1785 905 mea:
1817 849 1982 922 prius

321 963 351 993 «
382 941 695 997 humiliata
723 962 751 991 »
783 956 886 1013 per
914 943 1243 1012 peccatum,
1283 961 1310 989 «
1336 938 1715 995 exsultabunt
1734 960 1761 989 »
1798 939 1870 994 de
1901 954 1984 994 re-

317 1030 684 1087 formatione.

388 1121 615 1176 Averte.
647 1120 783 1193 Agit
814 1119 885 1175 de
917 1117 1090 1175 tertia
1116 1122 1299 1191 parte,
1337 1116 1576 1184 scilicet,
1608 1120 1673 1172 ut
1703 1134 1763 1171 se
1795 1115 1981 1187 respi-

317 1208 454 1277 ciat,
490 1225 608 1264 non
641 1212 968 1281 peccatum,
1005 1223 1183 1279 quam
1226 1206 1460 1278 proprie
1493 1204 1659 1279 ponit
1687 1208 1820 1277 post
1848 1203 1981 1259 illas

318 1298 469 1354 duas
503 1297 760 1369 tertiam,
791 1297 931 1369 quia
974 1295 1070 1352 ille
1112 1297 1277 1368 juste
1322 1296 1506 1351 Deum
1552 1298 1846 1367 precatur,
1880 1294 1980 1367 qui

317 1387 404 1444 sic
425 1384 783 1455 humiliat,et
804 1386 889 1442 ita
918 1384 1160 1443 conﬁdit
1188 1385 1247 1440 in
1279 1384 1551 1440 Domino.
1584 1383 1977 1440 Continuatio:

317 1475 712 1533 Exsultabunt
733 1492 868 1531 ossa
884 1474 1112 1543 dicit,et
1128 1478 1193 1530 ut
1209 1475 1396 1547 possit
1409 1473 1723 1545 exsultare,
1748 1497 1773 1524 ς(
1792 1477 1982 1529 averte

317 1564 531 1621 faciem
563 1569 753 1634 tuam,
789 1586 817 1613 »
849 1564 906 1620 id
940 1570 1028 1620 est
1059 1564 1454 1637 cognitionem
1503 1567 1687 1632 tuam,
1723 1587 1749 1613 ‹‹
1786 1581 1819 1619 a
1850 1578 1979 1635 pec-

317 1653 469 1709 catis
499 1653 648 1710 meis
683 1676 710 1702 ››
744 1669 816 1709 ne
866 1653 1079 1725 punias
1126 1669 1195 1709 ea
1234 1651 1610 1724 aeternaliter,
1643 1676 1670 1702 «
1706 1656 1763 1709 et
1792 1651 1919 1709 dele
1953 1673 1974 1704 ι

318 1742 391 1798 de
415 1741 565 1799 libro
588 1742 817 1808 mortis,
840 1747 897 1798 et
928 1742 1050 1798 haec
1082 1746 1373 1798 recentem
1413 1746 1471 1798 et
1498 1765 1525 1791 ‹‹
1549 1758 1754 1798 omnes
1776 1764 1804 1791 ››
1836 1741 1981 1797 alias

318 1854 347 1881 «
383 1829 728 1903 iniquitates
760 1847 942 1887 meas.
971 1853 999 1880 ››
1030 1831 1102 1887 Et
1130 1830 1338 1887 deletis
1364 1830 1539 1887 malis
1571 1854 1597 1880 «
1632 1847 1766 1887 crea
1795 1831 1855 1886 in
1889 1828 1982 1887 me

317 1936 418 1977 cor
450 1920 764 1989 mundum,
799 1936 832 1976 o
861 1919 1077 1988 Deus,»
1102 1935 1174 1976 ne
1206 1919 1482 1991 deinceps
1511 1919 1684 1976 velim
1718 1936 1977 1993 peccare,

317 2026 451 2067 crea
471 2008 633 2078 dicit,
653 2009 793 2081 quia
823 2025 928 2081 per
958 2013 1263 2082 peccatum
1286 2013 1413 2065 erat
1431 2025 1530 2065 cor
1550 2008 1719 2081 quasi
1749 2011 1979 2065 destru-

317 2101 565 2166 ctum,et
586 2115 702 2155 non
734 2101 963 2155 tantum
995 2114 1227 2154 remove
1254 2097 1586 2154 voluntates
1610 2099 1853 2170 acorde,
1878 2099 1980 2154 sed

316 2187 495 2245 etiam
525 2186 933 2261 suggestiones
954 2190 1405 2259 acarne,posset
1433 2188 1589 2243 enim
1620 2186 1980 2244 voluntatem

317 2276 665 2333 mundatam
700 2276 1000 2349 suggestio
1028 2276 1222 2332 carnis
1251 2292 1646 2349 corrumpere,
1682 2299 1709 2325 ‹‹
1730 2282 1786 2332 et
1811 2300 1839 2326 ››
1870 2276 1981 2332 hoc

319 2390 347 2417 κ
383 2364 659 2439 spiritum
693 2367 943 2431 rectum,
965 2386 993 2413 ››
1024 2362 1084 2419 id
1115 2369 1226 2435 est,
1260 2363 1473 2420 Filium
1503 2365 1801 2437 tuum,qui
1833 2366 1981 2421 bene

317 2455 470 2529 regit
500 2471 707 2511 omnes
738 2470 884 2526 quos
916 2452 1228 2521 inhabitat,
1259 2476 1287 2502 ‹‹
1322 2452 1534 2509 innova
1564 2454 1622 2507 in
1656 2454 1980 2510 visceribus

318 2544 490 2612 meis,
526 2566 554 2594 ››
587 2542 645 2600 id
678 2547 786 2612 est,
822 2547 886 2598 ut
918 2543 1155 2599 innovet
1186 2559 1316 2598 mea
1343 2543 1591 2614 viscera,
1620 2543 1676 2598 id
1708 2547 1798 2599 est
1827 2543 1979 2599 desi-

319 2633 483 2690 deria
509 2649 651 2689 mea:
683 2633 896 2689 carnis.
919 2632 1026 2688 Per
1055 2632 1163 2688 hoc
1193 2633 1349 2704 quod
1382 2635 1468 2688 ter
1498 2632 1663 2705 ponit
1691 2632 1979 2706 Spiritum

321 2726 595 2780 sanctum
626 2726 902 2779 notamus
934 2720 1299 2778 Trinitatem.

391 2812 636 2868 Peccata
682 2810 901 2884 projiee
950 2828 985 2867 a
1041 2810 1209 2879 facie,
1246 2811 1347 2866 sed
1379 2834 1407 2861 ‹‹
1439 2827 1552 2882 me,
1587 2832 1615 2860 ››
1647 2810 1705 2866 id
1746 2815 1835 2869 est
1863 2812 1976 2868 tiu-

318 2900 685 2972 manitatem,
717 2923 746 2950 «
771 2916 844 2955 ne
874 2899 1150 2972 projicias
1171 2916 1205 2955 a
1227 2898 1370 2955 facie
1399 2900 1666 2968 tua,»scd
1698 2900 1979 2973 respicias

318 3007 519 3047 meum
543 2988 823 3046 meritum
850 3011 877 3039 ‹‹
899 2993 956 3044 et
976 2987 1259 3060 Spiritum
1285 2992 1555 3044 sanctum
1587 2992 1755 3044 tuum
1789 3007 1862 3046 ne
1882 3007 1979 3046 au-

316 3079 470 3137 feras
500 3097 536 3137 a
565 3096 678 3135 me.
718 3102 738 3129 ιο
770 3078 917 3134 Cum
962 3077 1124 3146 dicit,
1178 3094 1250 3133 ne
1298 3078 1550 3146 auferas,
1602 3082 1766 3135 notat
1820 3080 1976 3152 quod

314 3168 511 3242 aliquo
524 3168 698 3224 modo
716 3167 989 3223 haberet:
1005 3184 1121 3222 non
1148 3166 1304 3222 enim
1325 3166 1405 3222 ita
1422 3171 1620 3239 posset
1636 3169 1949 3241 compungi
1962 3214 1976 3238 ,

313 3255 428 3314 nisi
460 3257 648 3314 sancti
681 3256 938 3329 Spiritus
965 3255 1155 3328 gratia
1182 3255 1496 3312 tribuente.

2094 671 2223 727 ideo
2244 671 2567 745 accipimus
2587 671 2685 727 illa
2708 671 3194 745 peccata,quiacx
3211 676 3417 727 natura
3442 669 3750 743 sanguinis

2090 761 2333 817 veniunt
2361 761 2700 834 hujusmodi
2732 761 3157 834 suggestiones.
3193 757 3521 832 Sanguines
3551 758 3748 832 plura-

2090 849 2224 906 liter
2254 851 2382 907 ideo
2415 850 2599 924 ponit,
2635 854 2701 905 ut
2729 851 3005 906 ostendat
3034 867 3098 906 se
3139 848 3495 922 implicitum
3544 848 3749 904 multis

2091 940 2433 1013 hujusmodi
2464 939 2721 1012 peccatis
2756 956 2770 994 :
2799 939 2985 996 libera
3030 939 3159 995 dico
3207 944 3293 1007 tu,
3325 938 3427 1010 qui
3458 954 3522 994 es
3549 941 3751 994 auctor

2090 1029 2272 1101 hujus
2306 1052 2333 1080 «
2367 1028 2574 1085 salutis
2606 1045 2804 1097 meam
2843 1051 2871 1080 «
2903 1031 2961 1084 et
2990 1050 3018 1079 »
3054 1027 3104 1084 si
3134 1025 3529 1093 liberaveris,«
3550 1025 3746 1082 exsul-

2092 1119 2291 1187 tabit,»
2330 1118 2387 1173 id
2415 1123 2522 1186 est,
2547 1116 2908 1173 exsultanter
2935 1116 3313 1172 annuntiabit
3346 1139 3368 1165 ι
3399 1114 3603 1188 lingua
3617 1129 3748 1170 mea

2083 1208 2382 1280 justitiam
2415 1212 2580 1263 tuam
2618 1229 2648 1256 ι
2676 1207 2747 1262 de
2779 1206 3071 1263 creatione
3123 1204 3250 1262 coeli
3288 1208 3347 1261 et
3373 1208 3559 1274 terra,
3591 1208 3649 1261 et
3676 1204 3747 1261 de

2092 1298 2201 1354 hoc
2231 1298 2429 1363 etiam,
2462 1297 2619 1370 quod
2651 1296 2794 1352 facis
2822 1296 3124 1352 hominem
3146 1296 3401 1367 justum.

2163 1386 2486 1453 Domine,si
2519 1386 2681 1441 fuero
2712 1385 3015 1455 liberatus,
3040 1382 3357 1440 exsultabit
3385 1382 3590 1456 lingua
3618 1397 3747 1439 mea

2082 1476 2379 1548 justitiam
2412 1478 2663 1541 tuam,et
2683 1473 2860 1529 etiam
2883 1477 2946 1529 tu
2965 1470 3743 1545 «Domine,speries,nidest,

2091 1564 2447 1636 multiloqua
2480 1564 2659 1620 facies
2694 1585 2720 1613 ‹‹
2753 1562 2911 1618 labia
2942 1556 3095 1630 mea,
3116 1566 3175 1617 et
3199 1577 3264 1617 os
3296 1575 3495 1616 meum
3526 1576 3748 1616 annun-

2090 1654 2264 1711 tiabit
2291 1653 2528 1710 laudem
2559 1658 2779 1721 tuam,»
2813 1651 2870 1707 id
2903 1654 3153 1721 est,cum
3184 1648 3374 1706 multa
3398 1648 3747 1722 loquar,om-

2091 1743 2191 1799 nia
2220 1747 2393 1799 erunt
2416 1743 2486 1798 de
2516 1741 2686 1797 laude
2715 1745 2837 1797 tua.

2165 1855 2194 1883 ‹‹
2226 1831 2513 1899 Quoniam
2548 1852 2577 1881 »
2611 1830 2742 1886 ideo
2774 1829 2904 1886 dico
2932 1829 3087 1901 quod
3118 1826 3480 1885 annuntiabo
3507 1827 3743 1884 laudem

2091 1919 2424 1993 tuam,quia
2439 1918 2597 1976 aliud
2622 1917 2864 1975 noluisti
2884 1916 3408 1990 sacrificium,quia
3431 1938 3461 1969 «
3477 1917 3527 1973 si
3544 1938 3566 1967 ι
3588 1915 3745 1973 aliud

2091 2032 2119 2061 «
2147 2009 2505 2067 sacriﬁcium
2529 2005 3141 2076 voluisses,dedissem
3162 2002 3422 2078 utique,»
3439 2006 3541 2063 sed
3559 2021 3749 2078 neque

2091 2099 2268 2155 etiam
2300 2097 2666 2166 holocausta,
2699 2098 2772 2152 de
2805 2095 3023 2169 quibus
3054 2095 3252 2168 potius
3278 2095 3591 2163 videretur,
3623 2094 3748 2166 pla-

2090 2192 2224 2245 cent
2245 2186 2351 2244 tibi
2377 2209 2404 2238 ‹‹
2429 2203 2617 2259 neque
2639 2201 2901 2258 unquam
2924 2183 3283 2242 holocaustis
3312 2181 3746 2240 delectaberisa

2163 2277 2530 2334 Sacriﬁcium
2560 2274 2906 2331 animalium
2939 2291 3056 2330 non
3088 2272 3279 2346 placet
3304 2272 3433 2342 tibi,
3452 2273 3553 2329 sed
3580 2295 3602 2324 ι
3628 2270 3748 2346 spi-

2091 2366 2241 2423 ritus
2272 2364 2726 2433 contribulatus,
2764 2387 2792 2414 »
2825 2363 2885 2419 id
2932 2368 3024 2420 est
3083 2361 3281 2418 anima
3329 2377 3458 2434 quae
3505 2360 3750 2418 tribulat

2090 2455 2427 2530 superbiam
2452 2460 2510 2511 et
2531 2459 2739 2511 caztcra
2754 2453 3012 2522 vitia,est
3034 2476 3063 2504 «
3084 2450 3439 2508 sacrificium
3460 2472 3488 2502 »
3514 2450 3749 2523 placens

2098 2569 2124 2600 α
2148 2546 2263 2602 Deo
2286 2569 2314 2597 »
2350 2569 2378 2595 ‹‹
2403 2562 2507 2600 nec
2540 2559 2803 2616 unquam
2836 2541 3146 2615 despicies,
3165 2557 3199 2597 o
3226 2541 3510 2609 Deus,cor
3537 2539 3749 2596 contri-

2090 2640 2217 2691 tum
2250 2656 2277 2686 »
2314 2652 2416 2707 per
2464 2635 2693 2689 fructus
2740 2630 3096 2705 pmnitentize
3129 2648 3142 2687 :
3179 2652 3207 2680 ‹‹
3239 2634 3298 2686 et
3331 2653 3361 2680 ››
3392 2630 3476 2686 ita
3501 2651 3529 2680 «
3557 2628 3750 2686 humi-

2087 2724 2317 2781 liatum.
2356 2747 2377 2773 ι»

2160 2812 2417 2886 Benigne
2439 2813 2549 2881 fac,
2565 2810 2832 2880 Domine,
2858 2810 3024 2884 ponit
3043 2810 3311 2884 quintam
3333 2812 3581 2883 partem.
3606 2807 3746 2865 Dico

2089 2904 2229 2977 quia
2252 2902 2358 2957 tibi
2392 2901 2583 2975 placet
2613 2900 2730 2957 tale
2761 2900 3141 2969 sacriﬁcium,
3178 2903 3242 2956 ut
3271 2903 3465 2955 autem
3497 2897 3602 2953 tibi
3632 2897 3747 2954 tale

2087 2993 2366 3049 oll‘eratu‘r
2395 3013 2424 3039 «
2456 2989 2707 3063 benigne
2737 2990 2844 3057 fac,
2878 3010 2906 3039 »
2938 2988 2997 3044 id
3028 2992 3140 3055 est,
3171 2987 3331 3061 large
3361 2985 3584 3043 scilicet
3611 3002 3746 3042 con-

2088 3084 2248 3137 strue
2278 3077 2641 3135 Ecclesiam«
2660 3078 2820 3145 Sion,
2849 3099 2871 3128 ι
2906 3077 3084 3134 ethoc
3101 3082 3233 3150 peto
3258 3094 3372 3132 non
3392 3092 3458 3132 ex
3490 3070 3739 3142 meritis,

2087 3173 2187 3230 sed
2211 3188 2281 3229 cx
2305 3194 2325 3221 ι
2353 3175 2457 3227 tua
2484 3167 2781 3225 voluntate
2806 3190 2833 3216 ››
2856 3185 2983 3240 quae
3000 3166 3329 3239 specialiter
3351 3186 3379 3215 ιι
3400 3164 3554 3219 bona
3580 3187 3601 3212 ι
3629 3168 3740 3230 est,

2088 3286 2115 3313 ‹‹
2151 3264 2217 3317 ut
2246 3283 2274 3311 »
2310 3260 2395 3316 sic
2425 3282 2452 3308 ‹‹
2486 3258 2848 3314 aedificentur
2880 3279 2909 3306 ››
2938 3255 3255 3312 virtutibus
3284 3277 3311 3305 α
3346 3250 3631 3324 muri,-id
3654 3257 3744 3309 est

385 3345 524 3403 Dico
547 3361 621 3401 ne
642 3328 896 3416 auferas,
920 3345 1021 3401 sed
1060 3344 1258 3415 potius
1283 3364 1312 3395 ‹‹
1331 3345 1507 3400 redde
1537 3344 1683 3400 mihi
1713 3345 1974 3403 laetitiam

2160 3350 2357 3406 rtiores
2392 3345 2805 3404 «Hierusalem
2833 3369 2861 3395 »
2881 3344 3319 3418 Ecclesiae,quia
3349 3342 3502 3399 muri
3519 3335 3742 3398 cecide-

314 3433 596 3492 salutaris
626 3432 737 3499 tui,
773 3455 802 3481 ››
837 3437 903 3488 ut
933 3432 1087 3488 sicut
1116 3434 1188 3488 de
1219 3433 1473 3489 adventu
1504 3432 1635 3490 Filii
1664 3435 1751 3490 tui
1783 3436 1855 3491 de
1885 3453 1974 3492 se-

317 3521 477 3579 mine
521 3537 652 3577 meo
700 3520 984 3577 nascituri
1032 3519 1293 3591 laetabar,
1326 3524 1461 3577 ante
1508 3521 1619 3578 hoc
1667 3529 1976 3596 peccatum

315 3610 483 3685 prius
515 3608 600 3666 sic
632 3613 869 3682 recepta
888 3608 1057 3665 venia
1076 3612 1133 3664 et
1154 3608 1389 3682 cognita
1410 3609 1687 3684 deinceps
1708 3612 1972 3669 laetabor:

321 3723 345 3758 ι
374 3704 480 3756 et»
514 3698 743 3755 reddita
768 3696 969 3754 laetitia
1002 3718 1030 3748 «
1053 3698 1339 3755 confirma
1368 3715 1520 3767 me,»
1540 3698 1622 3756 ita
1644 3706 1707 3757 ut
1733 3702 1976 3759 ulterius

318 3787 660 3845 nullatenus
682 3786 998 3844 movearad
1014 3790 1316 3860 peccatum
1334 3786 1584 3859 «spiritu
1609 3790 1974 3863 principali,»

316 3878 375 3935 id
402 3882 492 3933 est
514 3878 631 3934 Deo
662 3881 825 3949 patre
857 3876 1251 3932 inhabitatore
1282 3876 1418 3931 mei.
1452 3878 1706 3950 Spiritus
1753 3880 1977 3952 princi~

316 3965 468 4040 palis
490 3966 619 4022 idco
645 3966 815 4022 Pater
843 3966 1077 4034 dicitur,
1114 3964 1254 4037 quia
1281 3966 1354 4021 ab
1385 3983 1451 4022 eo
1479 3968 1742 4039 procedit
1771 3968 1972 4041 Filius,

316 4059 373 4114 et
403 4056 476 4112 ab
508 4059 758 4127 utroque
789 4054 1045 4127 Spiritus
1078 4059 1339 4112 sanctus.

388 4144 558 4201 Ponit
588 4148 861 4216 quartam
887 4147 1113 4215 partem
1148 4161 1161 4200 :
1195 4144 1334 4200 Dico
1374 4145 1570 4213 redde,
1605 4147 1890 4204 confirma
1919 4153 1977 4204 et

317 4234 365 4291 si
397 4233 507 4291 hoc
540 4232 767 4300 feceris,
803 4250 919 4289 non
969 4234 1127 4305 quod
1171 4233 1411 4289 offeram
1460 4233 1568 4289 tibi
1616 4235 1822 4292 bovem
1874 4243 1977 4294 aut

314 4323 570 4391 hircum,
607 4322 708 4378 sed
752 4321 890 4378 inde
921 4320 1226 4395 acquiram
1256 4320 1362 4377 tibi
1394 4322 1635 4393 multos,
1662 4329 1721 4380 et
1749 4324 1859 4381 hoc
1887 4330 1977 4381 est

316 4434 343 4461 η
376 4410 598 4468 docebo
629 4408 865 4483 iniquos
896 4410 1019 4466 vias
1050 4414 1204 4481 tuas,
1244 4433 1271 4460 ››
1300 4409 1358 4466 id
1390 4415 1481 4467 est
1527 4417 1814 4486 praecepta
1849 4419 1971 4484 tua,

318 4522 346 4551 «
368 4504 428 4557 et
449 4523 477 4551 »
500 4499 582 4556 ita
620 4519 641 4549 ι
666 4497 835 4572 impii
859 4520 884 4545 ν·
911 4499 1012 4571 qui
1038 4504 1179 4556 sunt
1218 4504 1423 4557 contra
1449 4500 1715 4558 divinum
1748 4502 1972 4560 cultum

314 4592 726 4646 convertentur
746 4587 819 4645 ad
845 4592 920 4644 te.
943 4612 965 4642 ι
995 4589 1156 4655 Quod
1189 4587 1332 4644 dicit
1358 4592 1491 4661 post
1521 4595 1819 4662 peractam
1849 4610 1975 4666 pce-

2085 3444 2224 3496 runt
2247 3436 2723 3511 praevaricatione
2757 3434 2932 3508 primi
2964 3427 3403 3509 parentis,sicut
3432 3430 3585 3487 muri
3618 3426 3745 3486 Hie-

2086 3527 2343 3585 rusalem
2365 3525 2599 3582 realitcr
2617 3527 2863 3601 ruerunt
2883 3541 2918 3580 a
2937 3540 3073 3580 coco
3094 3521 3647 3588 Nabuchodonosor,
3661 3514 3745 3575 ita

2085 3608 2261 3674 cocus
2293 3619 2511 3683 noster,
2546 3614 2604 3669 in
2638 3616 2749 3680 est,
2780 3612 2920 3687 gula
2949 3615 3150 3669 nostra
3202 3604 3454 3668 destruit
3480 3609 3541 3664 in
3571 3605 3744 3665 nobis

2087 3723 2290 3763 muros
2321 3702 2673 3777 spiritualis,
2704 3701 3092 3771 Hierusalem,
3123 3700 3183 3757 id
3214 3704 3305 3757 est
3331 3691 3626 3755 virtutesf
3719 3690 3727 3696 ’

2156 3796 2320 3851 Tunc
2352 3792 2502 3861 dico,
2538 3794 2813 3848 construe
2847 3790 3192 3859 Ecclesiam,
3223 3811 3252 3839 ‹‹
3285 3791 3448 3854 tunc,
3480 3808 3509 3838 »
3541 3785 3599 3841 id
3629 3788 3740 3855 est,

2085 3900 2154 3941 ea
2183 3885 2520 3940 constructa
2549 3904 2577 3931 ‹‹
2612 3879 2966 3952 acceptabis,
3006 3902 3026 3931 ι
3064 3879 3121 3935 id
3155 3882 3245 3935 est
3274 3874 3627 3949 acceptabile
3656 3890 3745 3930 re-

2085 3972 2268 4046 cipies
2301 3993 2328 4022 ‹‹
2361 3969 2719 4027 sacriﬁcium
2742 3968 3045 4041 justitiae,»
3071 3968 3128 4024 id
3161 3971 3253 4024 est
3280 3963 3741 4021 immolationem

2085 4058 2376 4119 Duminici
2406 4057 2667 4131 corporis
2704 4081 2724 4107 ι
2762 4062 2820 4114 et
2848 4078 2877 4108 »
2913 4053 3247 4130 acceptabis
3279 4076 3309 4105 ‹‹
3339 4051 3686 4123 oblationes,
3710 4072 3738 4103 η

2085 4152 2144 4208 id
2175 4155 2266 4207 est
2294 4149 2539 4206 virtutes
2589 4151 2926 4202 sanctorum
2991 4145 3417 4211 confessorum,
3450 4139 3549 4214 qui
3607 4139 3745 4196 licet

2085 4245 2239 4298 totos
2270 4256 2331 4295 se
2362 4254 2477 4294 non
2508 4240 2793 4303 cremant,
2828 4240 3027 4291 tamen
3078 4233 3302 4306 aliquid
3348 4231 3463 4288 Deo
3493 4229 3746 4285 otIerunt

2092 4350 2114 4380 ι
2146 4334 2204 4386 et
2233 4326 2602 4394 holocausta,
2637 4347 2663 4374 ››
2713 4323 2771 4379 id
2806 4328 2897 4380 est
2935 4323 3184 4380 virtutes
3213 4324 3551 4379 sanctorum
3582 4333 3742 4374 mar-

2083 4423 2300 4491 tyrum,
2334 4414 2432 4488 qui
2468 4418 2623 4471 totos
2654 4431 2714 4471 se
2748 4416 3033 4481 cremant,
3068 4415 3125 4469 et
3162 4432 3189 4466 α
3217 4414 3359 4467 tunc
3389 4409 3693 4480 imponent
3714 4428 3741 4456 η

2085 4506 2257 4563 multi
2278 4506 2350 4561 de
2379 4502 2640 4560 Ecclesia
2671 4525 2691 4551 ι
2726 4500 2966 4570 vitulos,
2997 4521 3026 4552 »
3058 4500 3117 4557 id
3146 4504 3236 4557 est
3266 4514 3445 4554 novos
3474 4493 3743 4569 populos,

2084 4596 2185 4669 qui
2218 4595 2485 4651 nondum
2520 4591 2750 4647 fuerant
2780 4589 2890 4646 sub
2915 4591 3083 4663 jugo.
3108 4587 3209 4645 Vel
3242 4603 3345 4661 per
3370 4583 3582 4642 vitulos
3602 4600 3747 4657 pra:-

315 4677 625 4735 nitentiam
669 4676 926 4768 recipere
957 4677 1220 4768 officium
1251 4677 1521 4768 docendi,
1555 4680 1711 4752 quod
1739 4686 1976 4755 propter
2003 4701 2053 4768 D
2085 4684 2394 4751 dicatores,
2427 4680 2528 4754 qui
2576 4678 2854 4753 mugiunt
2900 4678 3017 4735 Deo
3067 4694 3172 4751 per
3216 4680 3408 4733 totum
3452 4672 3743 4768 mundum

314 4769 622 4840 peccatum
671 4765 971 4833 amiserat,
1004 4766 1106 4821 dat
1154 4764 1499 4839 intelligere,
1534 4768 1692 4839 quod
1735 4768 1841 4838 illi,
1875 4774 1977 4844 qui

314 4859 553 4930 propter
605 4859 845 4929 peccata
904 4855 1304 4928 degradantur
1345 4855 1406 4911 in
1436 4855 1712 4927 Ecclesia,
1745 4865 1981 4931 peracta

313 4943 719 5019 paenitentiam
746 4942 978 5016 possint
1029 4943 1285 5016 restitui,
1318 4948 1522 5000 contra
1551 4947 1704 5018 quod
1735 4947 1978 5020 quidam

314 5050 502 5091 canon
533 5049 663 5089 esse
693 5031 942 5102 videtur,
977 5032 1076 5105 qui
1109 5032 1273 5101 dicit,
1307 5033 1463 5104 quod
1492 5038 1625 5106 post
1654 5034 1889 5107 lapsum
1920 5044 1980 5095 et

315 5125 552 5194 peracta
563 5120 1242 5194 pmnitentiam,quilibet
1257 5138 1373 5178 non
1390 5121 1564 5178 debet
1584 5122 1976 5192 restitui.Quaa

315 5214 516 5266 tamen
547 5208 865 5283 singularis
898 5210 1224 5266 secundum
1275 5208 1576 5266 simularie
1607 5212 1974 5284 pocnitentes,

318 5297 508 5371 magis
528 5314 707 5371 quam
726 5300 1052 5355 secundum
1074 5298 1379 5356 veritatem
1402 5303 1492 5355 est
1513 5299 1861 5367 data.Quare
1885 5320 1979 5377 ge-

318 5385 536 5444 neralis
566 5386 857 5443 sententia
887 5392 977 5444 est
1024 5387 1316 5455 habenda,
1351 5392 1417 5443 ut
1446 5387 1495 5443 si
1527 5387 1723 5444 divino
1746 5391 1971 5461 judicio

318 5473 417 5531 illa
440 5475 785 5547 pmnitcntia
803 5481 1039 5548 peracta
1059 5476 1554 5548 comprobetur,in
1579 5494 1748 5533 suam
1781 5480 1970 5553 digni-

317 5566 501 5618 tatem
527 5562 835 5634 pristinam
868 5583 1117 5637 persona
1147 5568 1519 5621 reformatur.

391 5674 417 5698 ‹‹
454 5650 663 5704 Libera
693 5674 719 5699 η
752 5658 808 5706 et
840 5660 903 5708 ut
948 5655 1173 5726 possim
1223 5655 1429 5711 docere
1483 5656 1700 5725 alios,o
1733 5681 1759 5709 «
1795 5660 1969 5729 Deus,

327 5734 559 5789 «libera
584 5752 676 5788 me
702 5738 771 5791 de
793 5742 1242 5812 sanguinibus,»
1268 5743 1325 5798 id
1353 5745 1538 5811 est,dc
1570 5748 1821 5815 peccatis
1845 5767 1970 5820 quae

2092 4795 2121 4825 ‹‹
2152 4789 2330 4844 super
2376 4768 2560 4826 altare
2618 4772 2812 4833 tuum,
2851 4789 2872 4817 ι
2908 4765 2969 4821 id
3001 4770 3093 4822 est
3122 4764 3439 4831 Christum,
3471 4760 3596 4818 sine
3624 4776 3742 4833 quo

2086 4861 2261 4919 nulla:
2295 4858 2618 4917 oblationes
2645 4875 2681 4914 a
2708 4857 2823 4914 Deo
2855 4854 3239 4928 recipiuntur.

2618 4963 2690 5020 IN
2730 4959 3083 5019 PSALMUM
3124 4960 3213 5016 LI.

2088 5061 2342 5116 Trrunus
2378 5073 2390 5111 :
2426 5054 2488 5110 In
2516 5053 2683 5125 ﬁnem
2734 5051 3036 5107 intellectus
3084 5047 3276 5125 David,
3310 5064 3434 5125 cum

2156 5146 2283 5185 eum
2340 5115 2526 5183 Doec‘h'
2571 5124 2871 5189 Idumaeas,
2899 5130 2952 5178 et
3004 5121 3283 5178 nuntiavit
3338 5117 3540 5175 Sauli:
3588 5115 3743 5171 Venit

2155 5198 2329 5257 David
2360 5200 2421 5254 in
2448 5197 2671 5252 domum
2699 5193 3025 5250 Abimelech.

2162 5330 2189 5359 ‹‹
2222 5305 2369 5375 Quid
2402 5301 2694 5377 gloriaris.
2729 5324 2757 5350 »
2789 5300 2935 5357 Cum
2984 5299 3164 5356 David
3212 5297 3661 5371 persequeretur
3706 5310 3742 5349 a

2082 5397 2244 5466 Saul,
2275 5394 2432 5451 venit
2459 5393 2520 5448 in
2551 5392 2793 5447 domum
2841 5387 3181 5446 Abimelech
3229 5383 3551 5443 sacerdotis
3601 5399 3739 5439 cum

2082 5486 2291 5552 suis,et
2312 5500 2447 5540 cum
2470 5480 2569 5536 ille
2602 5497 2717 5535 non
2748 5479 2992 5535 haberet
3012 5493 3216 5550 panes,
3248 5474 3361 5530 nisi
3393 5488 3574 5546 panes
3604 5487 3740 5544 pro-

2081 5574 2464 5649 positionum,
2499 5569 2660 5626 dedit
2715 5568 2848 5624 illos
2893 5566 3073 5623 David
3125 5570 3183 5621 et
3211 5565 3358 5632 suis,
3392 5566 3449 5618 et
3475 5559 3739 5649 gladium

2083 5647 2257 5736 quem
2281 5659 2459 5717 David
2483 5656 2655 5715 Goliae
2681 5656 3021 5712 abstulerat.
3056 5655 3193 5711 Erat
3222 5656 3421 5709 autem
3446 5649 3525 5704 ibi
3550 5647 3740 5704 Doech

2082 5750 2476 5817 ldumacus,de
2507 5745 2733 5802 familia
2766 5745 3139 5815 Saul,custos
3169 5754 3454 5815 equorum
3482 5736 3737 5810 ejus,qui
