3936 6362
203 418 338 486 373

1404 386 1901 495 EXPLANATIO
1945 433 2022 495 1N
2068 433 2450 497 PSALMGS.

3517 441 3636 501 374

202 553 338 646 hinc
360 555 560 646 omnia
580 555 873 614 nuntiavit
889 559 1239 619 Sauli.Misit
1259 566 1456 620 autem
1484 563 1711 632 Saul,et
1731 565 1870 622 fecit
1896 567 1949 635 Α
1982 570 2122 624 tunc
2155 569 2394 625 omnino
2415 571 2697 628 destruit.
2719 572 2822 629 Vel
2857 572 2915 629 in
2947 571 3056 630 hoc
3074 577 3450 646 comparatur
3469 590 3637 631 nova-

198 644 549 700 Abimelech
598 646 806 717 occidi,
837 652 896 704 et
944 648 1090 706 alios
1140 653 1472 708 sacerdotes
1517 655 1593 721 (II
1621 654 1745 725 Reg.
1778 672 1872 710 xxx

199 737 267 790 et
299 735 458 805 xxxi).
493 735 703 791 Postea
733 753 866 792 vero
900 737 1078 794 David
1112 740 1406 811 psalmum
1433 742 1613 798 istum
1635 759 1870 814 compo-

198 822 350 890 suit,
384 841 500 879 non
535 824 606 880 de
638 824 888 882 historia
918 826 1038 893 illa,
1072 830 1172 885 sed
1218 831 1290 885 de
1342 830 1642 886 intellectu
1694 849 1869 903 quem

194 910 434 980 habuit,
467 915 624 985 quod
668 915 1070 973 Antichristus
1119 917 1342 974 scilicet
1390 923 1674 976 venturus
1725 926 1868 988 erat,

196 1001 309 1073 qui
343 1018 446 1073 per
475 1001 762 1057 auxilium
793 1003 1008 1060 diaboli
1052 1006 1393 1073 Eeelesiam,
1422 1008 1480 1062 in
1533 1025 1650 1079 qua
1695 1025 1868 1064 verus

195 1089 436 1146 habitat
465 1090 667 1157 David,
704 1094 1098 1165 persequitur.
1135 1095 1241 1150 Per
1270 1096 1458 1152 Doech
1509 1097 1666 1152 enim
1697 1097 1868 1151 Anti-

197 1178 469 1235 Christus
483 1178 1048 1252 intelligitur.Doech
1065 1201 1318 1256 namque
1333 1190 1528 1241 motus
1544 1203 1558 1252 ;
1574 1183 1867 1241 Idummus

195 1284 342 1324 vero
399 1273 668 1324 terrenus
725 1269 1163 1342 interpretatur,
1212 1274 1611 1330 Antichristus
1670 1278 1864 1329 autem

195 1374 443 1428 semper
473 1358 544 1412 ad
576 1360 999 1414 commovenda
1023 1365 1256 1417 terrena
1296 1361 1778 1428 commovebitur,
1811 1365 1869 1416 et

193 1445 351 1502 alios
378 1444 557 1501 etiam
590 1447 662 1502 ad
694 1449 1172 1516 commotionem,
1199 1455 1258 1504 et
1282 1452 1352 1505 ad
1386 1455 1752 1505 terrenorum
1777 1465 1870 1520 pe-

191 1534 474 1590 titionem
496 1535 958 1601 vocabit;Doech
983 1537 1286 1609 proprium
1311 1556 1522 1593 nomen
1550 1538 1708 1592 illius
1731 1537 1860 1603 fuit,

193 1623 503 1680 Idumzeus
533 1641 568 1680 a
591 1623 718 1680 loco
752 1625 946 1680 dictus
975 1631 1084 1691 est,
1110 1628 1183 1682 ab
1217 1627 1474 1682 Idumam
1505 1631 1659 1682 terra
1684 1642 1862 1697 quam

190 1711 552 1768 inhabitavit
582 1713 754 1768 Esau.
791 1713 862 1768 Et
893 1713 1048 1769 sicut
1081 1715 1177 1770 ille
1209 1715 1402 1771 Doech
1424 1715 1583 1770 venit
1603 1715 1674 1770 ad
1699 1713 1859 1780 Saul,

191 1801 286 1857 sic
302 1800 702 1857 Antichristus
722 1802 881 1857 venit
901 1821 1005 1875 per
1025 1804 1197 1876 signa
1217 1809 1275 1859 et
1297 1803 1583 1859 miracula
1604 1802 1677 1857 ad
1699 1800 1857 1868 Saul,

190 1889 254 1945 id
289 1894 384 1946 est
413 1890 486 1945 ad
517 1889 842 1958 diabolum,
873 1896 932 1947 et
962 1892 1257 1948 nuntiabit
1286 1893 1336 1948 ei
1370 1893 1524 1964 quod
1565 1891 1768 1960 David,
1802 1889 1859 1944 id

191 1983 313 2051 est,
329 1979 485 2051 quod
507 1977 776 2035 Christus
796 1979 956 2035 venit
977 1979 1036 2036 in
1061 1982 1302 2036 domum
1325 1978 1752 2047 Abimelech,id
1774 1982 1864 2033 est

192 2066 258 2122 in
313 2067 561 2123 domum
609 2066 794 2136 illam,
831 2087 960 2141 qua:
1008 2073 1099 2125 est
1146 2087 1395 2142 regnum
1445 2070 1651 2141 patris,
1686 2068 1860 2123 idest

189 2154 544 2224 Ecclesiam,
597 2172 867 2229 quaerens
923 2158 1216 2229 quomodo
1265 2162 1594 2229 receptores
1643 2155 1858 2212 Christi

187 2244 390 2318 possit
417 2244 701 2314 occidere,
736 2245 892 2301 sicut
926 2246 1066 2302 Saul
1114 2245 1476 2303 Abimelech.
1509 2245 1744 2301 Titulus
1774 2244 1858 2300 sic

185 2333 557 2405 exponitur:
589 2332 946 2402 Intellectus,
999 2334 1057 2390 id
1108 2339 1198 2390 est
1248 2334 1516 2408 psalmus
1575 2334 1704 2401 iste,
1756 2331 1858 2402 qui

185 2421 371 2478 nobis
401 2421 639 2493 exponit
671 2420 1059 2491 intellectum,
1092 2422 1318 2480 scilicet
1360 2439 1664 2490 arcanum,
1699 2421 1857 2493 quod

185 2510 756 2578 diximus,convenit
785 2512 966 2567 David
1000 2513 1425 2584 prophetae,qui
1453 2512 1546 2568 hic
1577 2510 1859 2584 loquitur,

187 2597 537 2656 intellectus
567 2598 697 2655 dico
728 2603 952 2656 tractus
980 2601 1053 2656 ab
1085 2601 1186 2656 illo
1237 2601 1490 2672 negotio,
1521 2617 1656 2655 cum
1704 2598 1862 2654 venit

186 2688 417 2755 Doech,
447 2693 506 2744 et
536 2687 830 2744 nuntiavit
858 2689 1019 2744 Sauli
1059 2689 1460 2745 historialiter.
1496 2687 1742 2744 Materia
1770 2690 1860 2741 est

188 2777 471 2834 Christus
503 2781 562 2832 et
592 2794 694 2848 per
723 2777 1056 2849 oppositum
1089 2776 1759 2833 Antichristus.Modus:
1794 2774 1858 2830 In

190 2865 394 2938 prima
425 2869 591 2936 parte
622 2866 882 2921 ostendit
914 2864 1162 2921 multam
1185 2865 1473 2921 malitiam
1495 2863 1684 2937 ipsius
1702 2862 1861 2917 Anti-

196 2953 438 3019 christi,
473 2953 875 3024 redarguendo
905 2969 1064 3008 eum.
1099 2950 1161 3009 In
1197 2954 1458 3009 secunda
1489 2957 1650 3024 parte
1699 2949 1862 3022 ponit

189 3041 595 3115 perditionem
626 3041 777 3111 ejus,
811 3046 870 3096 et
900 3047 1239 3097 sanctorum
1288 3046 1611 3113 stuporem,
1645 3039 1747 3110 qui
1779 3037 1862 3092 ita

182 3147 333 3188 eum
367 3127 692 3185 exaltatum
717 3129 777 3183 in
800 3129 1021 3185 mundo
1048 3129 1264 3197 vident,
1283 3145 1416 3184 cum
1440 3145 1575 3184 eum
1601 3127 1682 3182 ita
1703 3126 1863 3180 dam-

186 3224 406 3275 natum
438 3216 745 3288 aspicient.
782 3217 846 3272 In
878 3216 1051 3272 tertia
1082 3221 1244 3289 parte
1282 3215 1470 3289 ponit,
1501 3214 1656 3287 quod
1704 3231 1856 3268 nun-

1984 657 2127 712 culas
2159 661 2340 713 acutae
2372 660 2513 731 quia
2533 665 2761 716 tantum
2785 661 2990 717 molles
3007 666 3063 718 et
3086 663 3320 734 fragiles
3343 662 3637 735 decipien-

1984 745 2056 800 do
2087 751 2266 813 secat,
2303 753 2366 802 ut
2398 749 2681 805 novacula
2711 768 2838 822 qua:
2870 756 3027 806 secat
3059 750 3276 820 mollia,
3308 757 3371 806 ut
3400 752 3551 824 pilos
3581 756 3638 808 ct

1981 850 2218 890 carnem
2254 853 2266 891 :
2301 854 2416 892 non
2452 837 2650 909 aliqua
2680 841 2846 908 dura,
2883 845 2949 896 ut
2979 858 3134 896 ossa.

2053 947 2080 972 «
2116 923 2378 979 Dilexisti
2414 927 2699 982 malitiam
2723 946 2898 999 super
2920 929 3403 1000 benignitatem,»
3426 929 3564 1001 quia
3585 929 3636 984 si

1980 1017 2192 1068 natura
2225 1014 2328 1068 tibi
2363 1013 2622 1085 aliquam
2656 1018 3007 1088 suggerebat
3028 1017 3490 1088 bonitatem,per
3511 1034 3634 1088 pes-

1979 1099 2162 1155 simos
2177 1119 2368 1157 mores
2380 1107 2514 1157 tuos
2528 1103 2690 1158 illam
2713 1122 2839 1159 com
2848 1107 2930 1176 pri
2943 1107 3164 1161 mebas.
3181 1104 3441 1160 Dilexisti
3454 1105 3630 1161 etiam

1981 1211 2010 1238 «
2043 1189 2416 1260 iniquitatem
2451 1212 2479 1241 ››
2516 1209 2630 1246 non
2665 1193 2856 1247 solum
2891 1194 3216 1260 facere,sed
3242 1193 3419 1248 etiam
3442 1194 3631 1250 facere

1977 1298 2005 1324 «
2041 1277 2231 1348 magis
2261 1295 2439 1348 quam
2473 1278 2632 1350 loqui
2666 1280 3021 1350 aequitatem.
3060 1303 3086 1328 ››

2048 1365 2312 1420 Dilexisti
2335 1366 2704 1432 omnia.Quid
2733 1385 2833 1438 per
2855 1368 3089 1439 singula
3111 1369 3632 1425 curram?Dilexis-

1975 1452 2019 1508 ti
2041 1455 2240 1509 omnia
2260 1455 2435 1509 verba
2460 1455 2996 1527 praecipitationis,»
3023 1458 3079 1511 id
3103 1463 3192 1511 est
3209 1474 3277 1512 ea
3300 1475 3400 1527 per
3420 1475 3546 1529 quaa
3565 1462 3627 1512 tu

1974 1547 2031 1598 et
2061 1543 2158 1598 alii
2193 1543 2630 1615 praecipitentur
2660 1547 3012 1600 arternaliter
3039 1563 3050 1599 :
3076 1552 3140 1600 tu
3175 1545 3302 1601 dico
3327 1563 3431 1601 ens
3463 1570 3490 1595 «
3526 1546 3633 1600 lin-

1972 1648 2089 1704 gua
2109 1633 2368 1699 dolosa,»
2393 1633 2531 1703 quia
2556 1636 2711 1704 quod
2729 1652 2840 1689 non
2860 1640 3024 1706 potes
3039 1651 3141 1705 per
3152 1634 3486 1690 violentiam
3500 1652 3629 1706 per-

1973 1720 2163 1786 ficere,
2201 1737 2303 1791 per
2333 1720 2534 1774 dolum
2567 1723 2904 1793 aggrederis
2937 1722 3362 1793 perﬁcere,sive
3383 1739 3486 1793 per
3507 1739 3632 1794 per-

1962 1807 2214 1878 jurium,
2249 1807 2367 1863 sive
2399 1826 2501 1880 per
2530 1809 2708 1864 falsas
2740 1811 3132 1880 expositiones
3166 1809 3624 1881 Scripturarum.

2042 1897 2311 1952 Secunda
2339 1913 2476 1968 pars
2508 1898 2734 1969 incipit.
2766 1898 2835 1951 Et
2865 1921 2892 1947 «
2924 1903 3230 1970 propterea
3265 1920 3290 1945 ι)
3319 1897 3458 1969 quia
3491 1897 3625 1954 talis

1968 2003 2051 2051 es,
2086 2009 2113 2034 «
2149 1985 2302 2041 Deus
2333 1987 2598 2042 destruet
2619 1991 2674 2041 te
2709 2009 2735 2035 »
2771 2003 2887 2042 non
2919 1987 3244 2042 secundum
3278 1986 3626 2059 temporalia

1968 2074 2141 2141 bona,
2176 2075 2276 2129 sed
2311 2096 2339 2126 «
2369 2074 2429 2129 in
2464 2076 2662 2143 ﬁnem,
2691 2098 2719 2123 »
2752 2076 2809 2130 id
2844 2080 2934 2131 est
2983 2076 3043 2130 in
3094 2080 3404 2142 aeternum,
3439 2080 3505 2130 ut
3535 2074 3622 2130 ul-

1968 2161 2152 2218 terius
2178 2180 2292 2218 non
2334 2163 2526 2235 possis
2578 2180 2881 2235 resurgere
2915 2181 2929 2219 :
2963 2168 3020 2218 et
3051 2185 3078 2213 ‹‹
3111 2163 3318 2219 evellet
3347 2167 3402 2218 te
3433 2163 3504 2218 de
3535 2168 3622 2218 ta-

1969 2251 2283 2307 bernaculo
2331 2257 2451 2318 tuo,
2486 2257 2542 2306 et
2570 2252 2882 2324 emigrabit
2913 2256 2988 2318 te,
3027 2274 3053 2299 ››
3086 2253 3142 2306 id
3193 2256 3304 2317 est,
3337 2250 3624 2323 emigrare

1969 2339 2143 2396 faciet
2171 2339 2284 2395 alio
2319 2357 2332 2394 :
2367 2341 2767 2406 tabernaculo,
2801 2341 2856 2394 id
2891 2345 3000 2408 est,
3035 2342 3106 2396 de
3138 2341 3247 2396 hoc
3289 2341 3532 2406 mundo,
3564 2340 3624 2396 in
3682 2355 3684 2358 '

1969 2445 2085 2499 quo
2118 2429 2349 2484 habitas
2378 2430 2448 2484 ad
2483 2434 2738 2501 tempus,
2763 2434 2820 2485 et
2845 2447 2978 2484 cum
3005 2430 3518 2502 cmigraverit,non
3541 2447 3627 2485 ra-

1970 2516 2215 2584 dicabis,
2251 2518 2352 2572 sed
2386 2517 2581 2588 potius
2615 2517 2818 2572 evellet
2852 2540 2878 2567 «
2914 2518 3169 2572 radicem
3193 2522 3356 2573 tuam
3381 2519 3450 2572 de
3472 2522 3628 2573 terra

1968 2605 2288 2660 viventium
2314 2629 2340 2653 ››
2364 2610 2420 2660 te
2443 2612 2680 2678 propter
2710 2607 3093 2677 cupiditatem
3121 2605 3356 2662 malitiae
3379 2607 3627 2662 tua3.Ra-

1969 2692 2067 2748 dix
2096 2694 2254 2748 enini
2289 2693 2474 2760 tua,id
2507 2695 2890 2766 est,nequitia
2911 2699 3156 2761 tua,non
3183 2695 3406 2765 patitur
3425 2694 3628 2764 hujus-

1970 2781 2126 2836 modi
2147 2785 2363 2836 terram
2388 2785 2442 2836 te
2465 2781 2859 2837 habitare.Vel
2875 2806 2902 2830 ‹‹
2923 2781 3129 2838 evellet
3148 2787 3205 2837 ct
3225 2782 3538 2860 emigrabit
3552 2783 3625 2838 de

1969 2868 2345 2923 tabernaculo
2385 2873 2508 2938 tuo,
2545 2890 2572 2916 »
2604 2868 2661 2923 id
2693 2873 2783 2924 est
2814 2870 2887 2924 de
2932 2869 3208 2936 Ecclesia,
3241 2874 3300 2924 te
3330 2886 3464 2924 cum
3497 2885 3622 2925 om-

1970 2956 2146 3010 nibus
2175 2956 2458 3012 membris
2490 2957 2632 3024 tuis,
2654 2957 2792 3028 quia
2815 2958 3078 3012 membra
3105 2956 3448 3012 Antichristi
3470 2973 3625 3012 com-

1970 3043 2154 3098 mixta
2180 3043 2449 3100 Ecclesiae
2481 3045 2540 3098 in
2571 3044 2678 3098 hac
2703 3044 2840 3113 vita,
2865 3062 2981 3099 non
3012 3044 3360 3100 radicabunt
3381 3046 3441 3100 in
3462 3049 3619 3101 terra

1968 3131 2310 3200 viventium,
2344 3134 2443 3188 sed
2478 3131 2675 3204 potius
2706 3131 2908 3188 evellet
2940 3133 3194 3189 radicem
3226 3137 3414 3204 tuam,
3445 3133 3502 3188 id
3526 3136 3618 3189 est

1970 3237 2250 3292 sequaces
2281 3225 2435 3289 tuos,
2468 3221 2540 3276 de
2570 3226 2722 3276 terra
2752 3221 3089 3276 viventium.

186 3323 377 3380 quam
409 3305 840 3360 amovebuntur
869 3323 903 3360 a
933 3305 1337 3361 misericordia
1365 3303 1595 3376 Dei,qui
1619 3319 1852 3373 semper
1881 3311 1925 3378 α
2034 3309 2319 3364 Dominus
2349 3313 2405 3364 te
2436 3310 2697 3365 destruet
2730 3310 2834 3377 ita,
2857 3316 2914 3365 et
2933 3311 3043 3366 hoc
3065 3334 3092 3359 «
3117 3310 3400 3366 videbunt
3412 3309 3562 3382 justi
3585 3332 3614 3360 »

186 3399 439 3468 sperant
470 3393 531 3448 in
563 3409 650 3448 ea.
687 3393 960 3462 Intentio,
996 3410 1227 3449 movere
1273 3410 1478 3448 omnes
1529 3391 1752 3458 ﬁdeles,
1787 3394 1853 3445 ut

186 3481 467 3556 quamvis
487 3498 622 3536 eum
647 3482 706 3537 in
731 3482 840 3538 hoc
863 3482 1084 3537 mundo
1106 3481 1425 3538 exaltatum
1447 3496 1576 3536 esse
1597 3478 1849 3546 videant,

184 3575 393 3628 tamen
427 3570 764 3642 intelligant
794 3586 930 3626 eum
963 3572 1368 3627 damnandum
1390 3575 1449 3626 et
1471 3585 1774 3640 nunquam
1800 3567 1851 3622 ei

187 3659 586 3716 consentiant.
621 3659 733 3716 Sed
764 3658 962 3715 statim
996 3660 1278 3731 propheta
1308 3659 1505 3731 ipsum
1536 3655 1854 3712 Antichris-

185 3749 320 3802 tum
350 3745 425 3800 de
455 3762 564 3801 sua
594 3745 822 3801 malitia
852 3746 1153 3817 increpare
1183 3745 1410 3818 incipit.

261 3835 307 3892 Ο
340 3834 522 3890 homo
552 3833 908 3891 Antichriste
939 3835 1206 3891 omnium
1239 3835 1620 3908 nequissime,
1649 3855 1678 3884 «
1711 3833 1850 3906 quid

194 3945 223 3973 ‹‹
254 3923 530 3996 gloriaris
561 3924 620 3978 in
653 3923 968 3978 malitia?»
1003 3941 1107 3996 pro
1139 3941 1256 3996 qua
1286 3924 1462 3980 debes
1486 3924 1850 3990 erubescere,

193 4011 335 4084 quia
363 4011 558 4068 caeteri
589 4011 639 4067 si
669 4011 822 4067 male
853 4012 1503 4080 faciunt,erubescunt;
1528 4017 1589 4066 tu
1612 4016 1848 4067 contra:

192 4102 338 4171 quid
369 4100 644 4174 gloriaris
672 4122 701 4150 «
735 4101 836 4172 qui
873 4105 1081 4173 potens
1111 4118 1175 4157 es
1204 4102 1264 4155 in
1297 4100 1622 4171 iniquitate,
1654 4121 1681 4148 »
1713 4100 1854 4170 quia

193 4205 331 4244 cum
364 4188 546 4244 facias
577 4187 795 4244 multas
826 4189 1191 4260 iniquitates,
1217 4189 1276 4242 in
1299 4188 1416 4244 illis
1436 4188 1617 4243 habes
1647 4191 1850 4258 poten-

193 4276 338 4334 tiam
374 4295 525 4349 quos
556 4281 720 4349 potes
750 4279 1049 4344 devorare,
1080 4277 1199 4333 sive
1246 4293 1351 4348 per
1398 4275 1702 4343 miracula,
1731 4276 1851 4331 sive

194 4381 298 4436 per
330 4383 556 4438 pcenas,
591 4382 741 4436 quas
770 4369 936 4438 potes
966 4366 1157 4421 facere
1203 4363 1589 4436 permissione
1633 4365 1755 4420 Dei.
1786 4365 1849 4420 In

195 4449 306 4508 hoc
338 4453 542 4521 etiam,
573 4454 728 4528 quod
759 4453 1082 4526 potentiam
1121 4453 1284 4509 dedit
1329 4453 1414 4508 eis
1466 4453 1640 4521 Deus,
1674 4453 1850 4524 perﬁ-

195 4539 390 4597 ciendi
421 4541 753 4614 nequitiam
787 4546 1138 4615 aggravatur
1169 4540 1430 4614 nequitia
1459 4541 1607 4611 ejus.

231 4665 234 4668 «
267 4628 378 4686 Per
406 4634 602 4703 partes
625 4630 968 4702 exsequitur
987 4629 1298 4698 malitiam,
1316 4653 1343 4679 «
1367 4635 1488 4686 tota
1505 4631 1621 4698 die,
1638 4653 1666 4680 »
1689 4631 1744 4685 id
1766 4635 1855 4687 est

197 4718 361 4773 omni
393 4722 677 4790 tempore,
703 4719 958 4791 «lingua
989 4724 1092 4774 tua
1119 4718 1393 4790 cogitavit
1421 4719 1796 4790 injustitiam,
1825 4743 1853 4769 »

199 4802 328 4862 ideo
349 4805 565 4880 lingua:
587 4807 797 4885 tribuit
816 4807 1396 4881 cogitationem,quia
1408 4808 1722 4864 stultorum
1746 4813 1854 4878 est,

197 4889 259 4948 in
291 4895 465 4951 corde
497 4900 554 4951 et
583 4896 643 4951 in
676 4913 775 4952 ore
799 4895 980 4952 simul
1009 4895 1311 4955 habere.et
1330 4897 1530 4952 omnia
1559 4897 1718 4969 loqui
1741 4897 1855 4953 im-

200 4983 621 5050 praemeditatc.
639 4984 802 5041 Unde
827 4984 1100 5041 Salomon
1127 5000 1140 5038 :
1169 5006 1197 5032 «
1222 4984 1332 5040 Cor
1351 4984 1666 5040 stultorum
1687 4990 1777 5042 est
1798 4987 1855 5041 in

201 5083 298 5125 ore
328 5070 593 5143 ipsorum
625 5073 787 5146 (Eccl.
821 5075 962 5141 xxx).
989 5095 1018 5122 ››
1047 5072 1273 5145 Lingua
1301 5072 1576 5145 cogitavit
1622 5074 1856 5145 injusti-

203 5153 368 5227 tiam,
404 5165 460 5215 et
491 5165 553 5216 tu
577 5185 604 5211 «
631 5162 819 5218 fecisti
852 5161 1076 5229 dolum,
1116 5183 1142 5210 ››
1174 5166 1239 5216 tu
1271 5161 1401 5217 dico
1433 5185 1460 5212 ‹‹
1494 5162 1648 5218 sicut
1678 5180 1856 5220 nova—

202 5244 336 5302 cula
361 5254 555 5318 acuta,
594 5273 621 5299 ››
654 5250 712 5306 id
745 5256 836 5307 est
866 5250 1278 5324 comparabilis
1309 5252 1602 5306 novaculae
1652 5256 1855 5322 acutae,

204 5333 341 5403 quia
380 5337 577 5394 dolose
610 5343 667 5395 et
696 5345 865 5396 acute
898 5339 1113 5412 decipit
1143 5355 1156 5393 :
1191 5339 1331 5411 quia
1378 5338 1532 5395 sicut
1579 5341 1861 5397 novacula

205 5427 376 5479 acuta
405 5432 643 5483 renovat
672 5428 918 5498 corium,
955 5433 1013 5484 et
1041 5428 1296 5484 corrodit
1323 5428 1628 5496 forinseca,
1658 5430 1741 5485 sic
1761 5429 1858 5486 ille

205 5508 620 5585 Antichristus,
655 5516 992 5574 tribulando
1013 5519 1234 5588 justos,
1266 5521 1324 5572 et
1362 5535 1470 5573 sua
1519 5519 1856 5591 auferendo,

212 5593 542 5658 interiorem
575 5605 874 5661 hominem
915 5606 1309 5678 pulchriorem
1344 5606 1556 5661 reddit.
1588 5606 1690 5662 Vel
1723 5607 1807 5662 sic
1841 5624 1854 5662 :

206 5683 600 5751 Autichristus
631 5695 923 5768 promittit
951 5695 1271 5752 novitatem
1304 5695 1409 5750 toti
1433 5696 1856 5767 mundo,quem

1963 3398 2022 3452 in
2055 3399 2148 3453 die
2183 3398 2415 3468 judicii,
2447 3423 2474 3448 «
2508 3403 2566 3454 et
2597 3398 2911 3467 timebunt,
2949 3422 2976 3447 ››
3009 3399 3068 3454 id
3116 3405 3225 3468 est,
3261 3400 3618 3455 verebuntur

1963 3485 2158 3558 ipsum
2182 3486 2468 3555 judicem,
2501 3491 2559 3541 et
2587 3486 2765 3541 timor
2796 3487 2890 3542 ille
2923 3505 3036 3543 non
3069 3487 3179 3542 erit
3207 3487 3480 3556 tristitia),
3515 3488 3617 3543 sed

1961 3573 2183 3647 gaudii,
2217 3579 2273 3628 et
2302 3574 2411 3630 hoc
2444 3579 2570 3630 est:
2606 3599 2632 3624 «
2668 3592 2844 3646 super
2876 3592 3011 3631 eum
3046 3577 3340 3644 ridebunt,
3373 3599 3400 3625 »
3422 3576 3481 3632 id
3505 3581 3614 3644 est,

1961 3662 2326 3735 gaudebunt,
2341 3662 2774 3718 consentientes
2787 3662 2939 3718 divin
2948 3681 2991 3717 ae
2996 3664 3020 3735 j
3031 3664 3267 3736 ustitize,
3283 3687 3310 3714 «
3325 3665 3614 3720 etdicent:

1963 3773 1991 3801 ‹‹
2025 3768 2158 3807 ecce
2179 3773 2207 3802 »
2232 3755 2494 3823 apparet,
2508 3752 2648 3822 quia
2667 3751 2762 3807 hic
2781 3756 2870 3808 est
2890 3776 2918 3802 ‹‹
2943 3753 3118 3808 homo
3143 3776 3171 3802 »
3191 3753 3328 3809 licet
3348 3770 3411 3809 se
3431 3753 3616 3810 Deum

1963 3841 2198 3908 diceret,
2229 3844 2288 3894 et
2317 3839 2453 3895 talis
2479 3862 2508 3888 «
2543 3839 2642 3910 qui
2678 3857 2791 3894 non
2824 3839 3021 3910 posuit
3052 3841 3237 3896 Deum
3286 3841 3614 3911 adiutorem

1962 3945 2162 3985 suum.
2197 3951 2225 3977 »

2033 4039 2060 4065 ‹‹
2091 4017 2202 4071 Sed
2217 4016 2471 4086 speravit
2490 4015 2548 4068 in
2563 4014 2940 4069 multitudine
2951 4015 3287 4070 divitiarum
3311 4033 3610 4088 suarum,«

1961 4105 2020 4159 id
2053 4108 2142 4159 est
2170 4104 2295 4158 auri
2326 4107 2382 4157 et
2413 4102 2726 4174 argenti,et
2750 4103 3018 4173 potentiae
3041 4107 3098 4158 et
3119 4102 3313 4174 gloriae
3338 4126 3366 4152 «
3389 4109 3448 4160 et
3466 4123 3610 4177 prae-

1959 4192 2145 4247 valuit
2168 4191 2225 4245 in
2258 4191 2514 4245 vanitate
2547 4209 2674 4257 sua,
2711 4214 2738 4238 ››
2771 4191 2910 4262 quia
2936 4191 3133 4247 nullus
3181 4191 3496 4264 impiorum
3528 4197 3613 4250 tot

1962 4280 2161 4336 ﬁdeles
2192 4280 2442 4351 decepit.

2033 4369 2229 4424 Tertia
2258 4385 2393 4439 pars
2426 4367 2669 4440 incipit:
2701 4369 2798 4424 llle
2830 4369 2910 4424 ita
2959 4370 3214 4442 speravit
3261 4371 3318 4426 in
3370 4369 3609 4442 divitiis,

1962 4483 1988 4508 ((
2025 4475 2129 4531 ego
2160 4461 2354 4512 autem
2384 4479 2410 4505 »
2432 4474 2535 4511 ens
2558 4481 2583 4505 ‹‹
2609 4457 2669 4512 in
2692 4459 2864 4513 domo
2887 4458 3302 4527 Domini,sicut
3321 4459 3471 4514 oliva
3491 4459 3610 4514 fru-

1962 4547 2186 4613 ctifcra,
2223 4567 2249 4593 ››
2281 4544 2338 4600 id
2371 4549 2460 4599 est
2491 4545 2904 4616 comparabilis
2935 4545 3094 4601 olivae
3126 4546 3458 4617 fructiferae,
3475 4547 3614 4618 quia

1961 4637 2114 4693 sicut
2144 4633 2295 4690 oliva
2323 4633 2481 4689 omni
2515 4638 2775 4705 tempore
2805 4634 2977 4706 plena
3011 4639 3100 4690 est
3130 4651 3326 4702 succo,
3357 4635 3440 4692 sic
3471 4636 3612 4692 Pro-

1963 4726 2140 4798 pheta
2170 4723 2380 4796 plenus
2402 4726 2525 4777 erat
2547 4721 2766 4794 Spiritu
2794 4727 3016 4778 sancto.
3035 4725 3177 4778 Cum
3200 4723 3394 4780 omnis
3407 4724 3612 4795 justus

1965 4830 2028 4870 se
2059 4811 2247 4885 possit
2276 4827 2614 4883 comparare
2643 4809 2802 4865 oliva:
2835 4811 3164 4880 fructiferae,
3198 4811 3512 4883 specialius
3531 4816 3612 4867 ta-

1967 4919 2098 4956 men
2133 4900 2415 4972 propheta
2443 4899 2570 4966 istc,
2597 4899 2668 4954 de
2699 4900 2869 4970 cujus
2893 4899 3114 4955 semine
3137 4899 3407 4956 Christus
3429 4898 3615 4956 nasci-

1966 4994 2136 5044 turus
2176 4992 2321 5043 erat.
2355 4988 2472 5059 Ego
2522 4987 2654 5042 talis
2688 5011 2714 5035 ‹‹
2751 4988 3057 5059 sperabam
3107 4989 3166 5043 in
3215 4986 3616 5044 misericordia

1967 5077 2089 5146 Dei,
2126 5099 2153 5125 ››
2187 5076 2297 5132 hoc
2341 5074 2562 5131 scilicet
2593 5098 2619 5123 «
2655 5076 2713 5129 in
2764 5080 3044 5131 internum
3080 5099 3107 5125 ››
3142 5080 3205 5130 ut
3231 5075 3613 5131 aeternitatem

1966 5167 2246 5222 haberem
2271 5181 2282 5219 :
2317 5167 2374 5219 et
2406 5180 2521 5218 non
2555 5163 2766 5235 accipit
2795 5169 3077 5220 aeternum
3103 5179 3290 5235 usque
3315 5164 3388 5220 ad
3412 5163 3609 5234 linem,

1968 5255 2068 5311 sed
2102 5279 2127 5304 ‹‹
2164 5255 2220 5307 in
2256 5251 2535 5309 smculum
2566 5252 2782 5307 saeculi.
2821 5275 2846 5300 ››

2038 5344 2109 5398 Et
2130 5347 2194 5396 ut
2223 5341 2443 5414 possim
2477 5355 2816 5411 comparare
2838 5363 2866 5389 «
2892 5342 3212 5397 conﬁtebor
3234 5341 3398 5410 tibi,»
3420 5341 3478 5397 id
3501 5344 3612 5409 est,

1965 5431 2218 5486 laudabo
2251 5433 2305 5484 te
2337 5453 2363 5478 «
2401 5429 2457 5482 in
2491 5427 2795 5498 smculum,
2831 5451 2858 5476 ››
2891 5428 3030 5499 quia
3060 5453 3087 5478 ‹‹
3120 5429 3306 5485 fecisti
3333 5452 3360 5478 ››
3383 5433 3447 5484 tu
3478 5445 3615 5484 con-

1967 5519 2280 5574 fessionem
2313 5516 2510 5584 istam,
2543 5515 2764 5571 scilicet
2795 5533 2896 5586 per
2927 5520 3086 5572 tuam
3127 5516 3613 5586 miscricordiam,

1965 5607 2052 5663 vel
2084 5623 2174 5660 me
2208 5605 2393 5660 fecisti
2427 5605 2580 5659 sicut
2609 5603 2817 5658 olivam
2846 5621 2858 5658 :
2883 5628 2908 5653 ‹‹
2945 5610 3001 5660 et
3027 5607 3372 5676 exspectabo
3404 5621 3616 5660 nomen

1966 5700 2135 5752 tuum
2155 5718 2180 5743 ››
2195 5696 2482 5765 quantum
2497 5710 2726 5764 cunque
2739 5694 3510 5768 moretur,donecinjudicio
3524 5710 3616 5750 me
