3936 6374
366 427 485 490 379

742 426 1152 491 HAYMONIS
1198 427 1744 490 HALBERSTAT.
1789 426 2034 492 EPISC.
2085 428 2257 491 OPP.
2306 429 2505 493 PARS
2552 429 2604 494 Ι.
2647 464 2728 484 ο·-
2773 429 3183 496 COMMENT.
3228 430 3428 494 BIBL.

3690 429 3809 493 380

366 559 791 637 persecutionis
819 579 958 628 suae,
985 578 1056 617 ne
1087 577 1195 616 sua
1225 562 1536 634 praesentia
1564 564 1719 618 esset
1739 560 1823 616 eis
1847 577 2026 617 causa
2053 563 2110 630 Α
2139 566 2196 618 et
2225 578 2287 620 se
2319 564 2516 636 ipsum
2547 564 2878 635 exaltando,
2909 584 2947 620 κ
2980 565 3031 621 is
3061 565 3163 638 qui
3195 566 3399 622 odorat
3440 580 3535 621 me
3568 580 3582 623 :
3625 587 3657 615 η
3694 582 3808 622 non

367 651 611 723 majoris
644 649 881 704 insania:
911 666 924 704 :
952 649 1336 722 quietus,non
1366 651 1494 705 ideo
1517 650 1658 722 quin
1687 650 1811 722 ipse
1835 654 2034 721 posset

366 757 494 797 esse
517 739 754 811 quietus
776 738 929 792 inter
945 755 1149 793 omnes
1166 739 1461 794 tumultus
1485 739 1666 808 hujus
1688 739 1944 803 vitaa,sed
1970 742 2034 792 ut

367 829 530 884 daret
543 827 714 883 nobis
728 827 1062 898 exemplum
1087 827 1395 882 recedendi
1413 828 1483 882 ab
1501 829 1614 882 isto
1629 832 1752 881 tum
1764 825 1888 881 ultu
1914 843 2032 882 cor-

365 916 610 990 poralia,
646 933 718 971 ne
751 932 1122 971 moveremus
1156 915 1302 972 alios
1334 916 1404 970 ad
1441 917 1725 986 majorem
1753 915 2030 970 furorem.

364 1005 684 1062 Tumultus
717 1004 957 1076 quidem
991 1004 1240 1059 exterior
1265 1009 1355 1060 est
1388 1004 1726 1076 fugiendus,
1747 1003 1887 1075 quia
1908 1004 2033 1075 ipse

361 1099 452 1151 est
484 1111 663 1150 causa
695 1093 1126 1165 inquietudinis
1158 1093 1364 1148 animi.

433 1186 577 1240 Ecce
610 1181 849 1255 quaasivi
883 1186 949 1236 ut
971 1183 1254 1240 darentur
1282 1185 1583 1254 pennae,et
1614 1202 1641 1231 «
1667 1198 1797 1236 ecce
1829 1202 1856 1229 »
1884 1181 2031 1235 datae

362 1277 523 1341 sunt,
557 1271 775 1344 quibus
809 1291 836 1320 ‹‹
858 1269 1123 1342 elongavi
1150 1271 1383 1342 fugiens
1413 1291 1441 1320 »
1483 1270 1864 1342 corporaliter
1913 1271 2024 1325 Ju—

362 1363 540 1429 daeos,
578 1384 605 1412 ‹‹
638 1365 694 1416 et
725 1360 914 1414 mansi
949 1360 1008 1414 in
1034 1358 1402 1414 solitudine»
1431 1359 1504 1413 ad
1537 1358 1814 1413 litteram.

434 1453 506 1507 Et
535 1450 824 1506 exsistens
856 1449 915 1503 in
960 1447 1277 1504 solitudine
1308 1469 1336 1496 ‹‹
1366 1465 1501 1503 eum
1538 1447 1636 1519 qui
1668 1464 1763 1502 me
1805 1446 2031 1502 salvum

365 1540 502 1597 fecit
531 1557 565 1595 a
595 1537 1082 1611 pusillanimitate
1114 1536 1380 1608 spiritus,
1402 1558 1430 1585 »
1467 1537 1525 1590 id
1557 1541 1665 1603 est,
1697 1536 1795 1608 qui
1825 1552 1919 1590 me
1949 1535 2032 1590 sic

362 1628 780 1693 custodivit,ut
812 1626 1055 1698 spiritus
1091 1643 1260 1682 meus
1277 1625 1598 1692 humanus,
1620 1624 2031 1698 quiquantum

363 1719 436 1775 ad
467 1717 767 1774 hominem
801 1714 1054 1789 pusillus
1083 1718 1226 1783 erat,
1253 1731 1369 1769 non
1404 1714 1695 1784 deﬁceret,
1723 1735 1750 1764 «
1785 1717 1844 1769 et
1867 1735 1894 1764 ››
1931 1713 2031 1784 qui

361 1825 456 1864 me
484 1806 710 1862 salvum
741 1804 878 1861 fecit
906 1821 940 1859 a
973 1826 1000 1854 ‹‹
1031 1807 1384 1876 tempestate
1417 1825 1444 1851 ››
1476 1802 1885 1858 tribulationis
1928 1802 2032 1858 Ju-

360 1898 730 1965 dazorum,ne
761 1893 959 1966 alique
982 1894 1155 1949 modo
1187 1891 1507 1948 conformis
1528 1892 1614 1948 eis
1645 1893 1867 1958 ﬁerem,
1891 1908 2028 1947 eum
2057 1933 2106 1999 Β

362 1986 462 2059 qui
493 1985 603 2040 hoc
634 1983 769 2039 fecit
798 2006 824 2031 ‹‹
851 1983 1263 2055 exspectabam
1295 2004 1322 2033 »
1352 1985 1418 2037 ut
1466 1981 1821 2037 resuscitare
1872 1981 2026 2038 face-

361 2080 470 2145 ret,
505 2079 616 2132 etc.

437 2187 466 2216 «
487 2163 844 2236 Prmeipita.»
869 2162 973 2218 Hic
989 2162 1196 2235 incipit
1221 2162 1292 2218 de
1314 2163 1575 2218 secunda
1594 2159 2027 2233 parte,sci1icct,

363 2252 674 2326 imprecari
705 2251 831 2307 suis
869 2249 1280 2324 inimicis.Ego
1307 2249 1843 2323 elongavi,fugiens
1874 2247 2032 2305 mala

362 2359 590 2408 eorum,
614 2341 715 2396 sed
742 2343 829 2409 tu,
853 2361 880 2390 «ι
903 2339 1171 2407 Domine,
1195 2337 1515 2410 praecipita,
1539 2360 1567 2388 ν
1593 2355 1692 2394 eos
1732 2339 1804 2394 de
1836 2337 2032 2393 altitu-

363 2432 501 2488 dine
534 2427 698 2503 regni
729 2427 918 2495 sui,in
951 2431 1290 2498 contemptu
1321 2426 1654 2493 hominum,
1679 2430 1736 2481 et
1773 2449 1801 2475 ‹‹
1836 2425 2030 2483 divide

362 2520 598 2593 linguas
629 2534 856 2585 eorum,
891 2539 917 2565 ι)
946 2516 1004 2572 id
1037 2515 1410 2584 est,diversis
1457 2515 1756 2570 erroribus
1789 2514 2030 2586 implica

363 2609 599 2682 linguas
620 2610 915 2674 eorum,ut
934 2605 1044 2661 sibi
1072 2622 1186 2660 non
1206 2604 1581 2660 consentiant
1597 2603 1657 2658 in
1681 2603 2023 2676 Scripturis,

363 2698 518 2755 sicut
547 2713 652 2752 nec
684 2695 857 2750 hodie
887 2694 1132 2749 faciunt.
1168 2693 1501 2749 Admodum
1535 2693 1894 2764 imprecatur
1915 2693 2021 2761 eis,

362 2787 458 2862 qui
493 2790 698 2842 contra
728 2785 912 2840 Deum
943 2784 1158 2839 turrim
1191 2783 1726 2850 aediﬁcantes,sunt
1768 2782 2026 2854 praecipi-

360 2877 467 2933 tati
499 2881 557 2932 et
587 2873 757 2930 divisi
790 2890 894 2945 per
941 2872 1196 2946 linguas,
1232 2877 1288 2927 et
1335 2872 1510 2927 debes
1560 2870 1924 2943 praecipitare
1967 2875 2024 2926 et

362 2966 638 3030 dividere,
674 2987 701 3013 ‹‹
736 2962 1014 3035 quoniam
1051 2979 1154 3034 ego
1186 2961 1300 3017 vidi
1335 2960 1727 3032 iniquitatem,
1763 2982 1790 3008 n
1824 2960 1882 3014 id
1931 2964 2023 3016 est

363 3053 618 3111 actualia
646 3051 822 3126 mala,
857 3068 984 3123 quae
1017 3050 1160 3106 mihi
1197 3050 1525 3106 inferebant
1557 3071 1585 3099 ‹‹
1616 3055 1673 3104 et
1691 3049 2018 3104 contradic-

357 3143 575 3200 tionem
612 3165 640 3191 »
670 3141 730 3196 in
775 3141 989 3207 verbis,
1034 3140 1252 3211 quibus
1301 3142 1503 3193 contra
1551 3138 1825 3193 dicebant
1875 3153 2016 3192 mea:

358 3230 781 3306 pradicationi,
807 3253 836 3280 «
859 3229 918 3284 in
943 3230 1174 3285 civitate
1200 3251 1226 3276 ››
1250 3227 1389 3283 reali
1414 3227 1801 3283 Hierusalem.
1823 3228 2018 3282 Potest

2143 652 2272 707 dico
2306 652 2653 725 simpliciter
2683 653 3126 720 sustinuissem,
3162 655 3260 710 sed
3296 677 3322 703 ››
3355 655 3806 710 abscondissem
3876 685 3882 692 -

2144 757 2237 796 me
2270 764 2297 789 »
2330 743 2710 815 corporaliter
2742 744 3092 800 removendo
3116 767 3142 793 ‹‹
3170 744 3241 800 ab
3264 760 3350 811 eo,
3382 766 3410 794 »
3443 749 3499 800 et
3531 743 3645 800 hoc
3679 745 3809 800 dico

2144 852 2172 879 «
2206 831 2473 897 forsitan,
2512 856 2534 884 ι
2573 832 2632 887 id
2665 837 2774 899 est,
2808 849 3026 888 revera.

2216 941 2243 967 ‹‹
2265 921 2351 974 Tu
2365 937 2497 975 vero
2517 920 2751 977 homo.»
2769 921 3080 976 Inimicum
3096 921 3532 990 sustinuisset,«
3547 928 3614 978 tu
3626 940 3768 979 vero
3784 945 3808 972 ι)

2143 1007 2243 1078 qui
2268 1008 2526 1064 amicum
2553 1009 2879 1066 simulabas
2898 1014 3099 1081 te,non
3123 1027 3185 1066 es
3205 1011 3681 1078 sustinendus,et
3702 1011 3807 1068 hoc

2143 1099 2250 1163 est,
2284 1101 2346 1152 tu
2380 1121 2406 1146 «
2440 1098 2616 1154 homo
2647 1099 2971 1167 unanimis,
3011 1122 3037 1148 »
3070 1098 3129 1154 id
3161 1105 3272 1167 est,
3304 1100 3404 1172 qui
3435 1107 3491 1156 te
3537 1101 3808 1173 ﬁngebas

2143 1186 2481 1242 unanimem
2518 1187 2685 1256 mihi,
2720 1211 2747 1237 «
2785 1188 2901 1242 dux
2933 1204 3104 1244 meus
3136 1211 3162 1237 ››
3191 1205 3365 1260 quem
3398 1205 3503 1260 ego
3542 1189 3804 1261 premit-

2142 1274 2338 1328 tebam
2357 1276 2510 1331 sicut
2531 1275 2676 1331 alios
2698 1275 3042 1348 discipulos,
3056 1280 3123 1332 ut
3142 1282 3417 1348 pararent
3435 1277 3583 1332 mihi
3603 1277 3807 1350 hospi-

2142 1361 2313 1430 tium,
2339 1387 2366 1414 «
2392 1369 2449 1419 et
2479 1371 2655 1420 notus
2673 1382 2841 1420 meus
2865 1388 2894 1415 ››
2926 1366 3252 1422 secundum
3275 1366 3802 1422 conversationem.

2216 1475 2242 1502 ‹‹
2271 1453 2377 1517 Qui
2405 1475 2430 1501 ››
2455 1454 2628 1508 etiam
2649 1455 2906 1509 existens
2929 1477 2954 1502 «
2978 1471 3210 1510 mecum
3233 1454 3410 1510 simul
3439 1477 3466 1503 »
3485 1471 3620 1510 cum
3648 1454 3802 1523 aliis,

2143 1561 2169 1587 ‹‹
2205 1538 2477 1610 capiebas
2509 1541 2671 1596 cibos
2705 1540 2928 1607 dulces,
2967 1564 2994 1590 ››
3022 1541 3122 1613 qui
3156 1543 3437 1598 deberent
3463 1559 3594 1597 esse
3626 1559 3806 1598 causa

2142 1625 2334 1682 dulcis
2361 1627 2654 1684 amicitias.
2688 1629 2787 1684 Vel
2821 1653 2847 1678 ‹‹
2883 1629 3088 1686 dulces
3126 1630 3307 1697 cibos,
3337 1653 3363 1679 »
3407 1630 3462 1685 id
3513 1635 3606 1686 est
3632 1632 3804 1703 spiri-

2141 1715 2359 1770 tualem
2392 1717 2887 1790 doctrinamque:
2919 1719 3202 1774 debuerat
3231 1719 3336 1774 tibi
3361 1735 3490 1775 esse
3510 1719 3728 1785 dulcis,
3753 1724 3805 1776 et

2142 1822 2176 1860 a
2203 1804 2520 1861 traditione
2554 1823 2869 1874 removere,
2905 1813 2962 1862 et
3009 1807 3188 1863 etiam
3213 1830 3242 1857 «
3276 1806 3718 1864 ambulavimus
3748 1808 3803 1863 in

2141 1895 2316 1950 domo
2338 1894 2439 1950 Dei
2465 1911 2599 1951 cum
2624 1913 2914 1952 consensu
2939 1913 2952 1952 :
2983 1918 3010 1945 »
3031 1901 3090 1952 et
3106 1896 3151 1952 si
3177 1896 3491 1968 aliquando
3526 1896 3803 1952 Pharisaei

2142 1988 2344 2038 contra
2374 1984 2649 2040 dicebant
2679 1985 2740 2040 in
2773 1984 3094 2058 tcmplo,tu
3126 1985 3272 2041 mihi
3297 1985 3804 2053 consentiebas,et

2141 2089 2274 2128 cum
2307 2073 2453 2128 mihi
2487 2073 2570 2129 ita
2597 2073 2906 2130 familiaris
2937 2090 3119 2142 esses,
3155 2089 3338 2146 quare
3361 2089 3497 2147 ergo
3529 2078 3597 2130 tu
3630 2074 3802 2130 homo

2140 2161 2199 2217 in
2232 2178 2325 2218 me
2355 2162 2649 2234 peccasti?

2210 2252 2279 2306 Et
2308 2251 2449 2322 quia
2472 2251 2600 2319 iste,
2619 2251 2720 2323 qui
2753 2255 2875 2308 tam
2907 2252 3216 2308 familiaris
3243 2252 3388 2308 mihi
3420 2256 3563 2322 erat,
3588 2253 3677 2310 sic
3711 2271 3800 2310 me

2137 2339 2402 2409 tradidit,
2434 2359 2455 2388 ι
2479 2343 2675 2396 veniat
2695 2358 2873 2414 super
2892 2341 3024 2398 illos
3050 2365 3077 2391 »
3099 2341 3200 2414 qui
3222 2341 3318 2396 isti
3340 2343 3795 2411 consentientes,

2139 2427 2198 2482 in
2218 2445 2312 2483 me
2331 2434 2735 2501 peccaverunt,
2753 2452 2781 2479 ‹‹
2808 2447 2968 2487 mors
2992 2451 3019 2480 »
3038 2429 3095 2485 id
3119 2434 3228 2498 est,
3247 2429 3432 2486 levius
3451 2430 3793 2502 puniantur,

2137 2516 2239 2588 qui
2263 2517 2697 2589 ignoranter,in
2729 2536 2824 2575 me
2853 2523 3262 2592 peccaverunt,
3297 2520 3354 2574 id
3380 2524 3490 2587 est,
3523 2537 3637 2576 non
3677 2539 3800 2576 sen-

2133 2606 2283 2661 tiant
2311 2623 2544 2679 gravem
2579 2625 2835 2680 poenam,
2869 2608 3023 2664 sicut
3051 2625 3158 2664 nec
3195 2608 3280 2663 illi
3315 2608 3418 2680 qui
3449 2609 3668 2664 mortui
3691 2627 3802 2665 cre-

2143 2699 2402 2761 mantur,
2435 2699 2492 2751 et
2518 2695 2616 2751 aiii
2649 2697 2749 2769 qui
2785 2696 3038 2752 scienter
3065 2702 3473 2769 peccaverunt,
3501 2721 3528 2749 «
3555 2699 3796 2754 descen-

2130 2783 2281 2838 dant
2313 2782 2373 2839 in
2405 2783 2703 2840 infernum
2734 2784 3012 2852 viventes,
3042 2807 3069 2834 »
3094 2785 3150 2840 id
3173 2789 3280 2852 est,
3306 2785 3388 2841 ita
3407 2785 3658 2858 graviter
3686 2804 3795 2858 pu-

2129 2872 2394 2938 niantur,
2415 2888 2482 2927 ac
2496 2871 2543 2927 si
2567 2872 2676 2928 vivi
2702 2877 3125 2929 cremarentur.
3151 2873 3256 2928 Hic
3277 2873 3464 2946 tangit
3487 2873 3792 2930 historiam

2132 2961 2320 3030 (Num.
2354 2978 2484 3030 xvr;
2519 2962 2668 3016 Psal.
2702 2962 2813 3032 cv),
2849 2962 3142 3034 quomodo
3194 2961 3421 3017 Dathan
3469 2966 3526 3017 et
3572 2962 3786 3017 Abiron

2127 3054 2364 3122 propter
2382 3050 2750 3118 seditionem,
2774 3067 2952 3122 quam
2976 3054 3276 3106 moverant
3294 3055 3494 3106 contra
3515 3051 3770 3124 Moysen,

2124 3137 2237 3194 vivi
2286 3137 2546 3210 absorpti
2606 3143 2748 3193 sunt
2792 3155 2827 3193 a
2868 3142 3043 3206 terra,
3078 3138 3263 3194 Chore
3318 3155 3453 3194 cum
3510 3139 3774 3196 ducentis

2125 3226 2558 3300 quinquaginta
2588 3232 2883 3284 crematus
2904 3232 3013 3284 est.
3044 3226 3149 3282 Vel
3183 3226 3397 3300 legitur
3424 3227 3482 3282 in
3515 3228 3769 3285 bonum:

357 3301 471 3394 legi
504 3321 565 3374 in
598 3321 820 3375 bonum
845 3318 928 3373 sic
953 3333 966 3370 :
989 3317 1290 3388 Praecipita
1312 3316 1684 3392 desuperbia
1705 3316 1763 3370 in
1790 3314 2027 3370 humili-
2050 3301 2094 3369 C
2133 3338 2161 3364 «
2187 3315 2394 3371 Veniat
2419 3333 2578 3371 mors
2609 3333 2784 3388 super
2803 3316 2954 3383 illos,
2979 3338 3006 3366 »
3025 3315 3080 3370 id
3101 3320 3207 3382 est,
3231 3316 3627 3372 morianturin
3650 3334 3774 3390 pec-

358 3413 542 3465 tatem
567 3424 582 3462 :
607 3407 801 3462 divide
821 3405 1056 3478 linguas
1081 3421 1386 3474 eorum,ue
1417 3404 1528 3460 sibi
1564 3404 1936 3460 consentiant
1956 3404 2015 3460 in

359 3496 537 3563 malo,
568 3500 778 3550 cmtera
799 3509 914 3549 non
948 3497 1273 3548 mutantur.

430 3585 501 3640 Et
530 3581 672 3655 quia
701 3583 965 3637 fecerunt
1015 3581 1388 3652 iniquitatem
1441 3581 1500 3634 in
1551 3597 1664 3648 me,
1689 3581 1818 3636 ideo
1851 3604 1879 3630 «
1912 3581 2017 3636 cir-

360 3671 669 3730 cumdabit
697 3687 827 3726 eam
854 3693 881 3719 »
915 3669 1202 3725 civitatem
1237 3693 1264 3718 «
1287 3669 1568 3741 iniquitas
1589 3669 1682 3724 die
1703 3687 1768 3725 ac
1789 3674 2016 3738 nocte,»

359 3761 418 3819 id
450 3766 540 3818 est
570 3759 970 3832 assidue,quae
1002 3759 1248 3815 exsistat
1273 3781 1301 3809 «
1333 3775 1511 3831 super
1530 3776 1731 3814 muros
1752 3761 1938 3832 ejus,»
1956 3760 2015 3816 id

358 3855 448 3909 est
477 3851 730 3921 majores
760 3849 1037 3915 civitatis,
1063 3847 1165 3919 qui
1212 3852 1352 3903 sunt
1399 3865 1606 3904 murus
1657 3853 1714 3903 et
1754 3849 2016 3905 defensio

358 3940 652 3998 civitatis:
682 3942 785 3994 «et
819 3937 878 3992 in
911 3937 1172 4003 medio,»
1194 3937 1252 3992 id
1285 3941 1376 3992 est
1405 3937 1706 3992 communi
1739 3961 1767 3986 «
1802 3938 1952 4010 ejus,
1985 3960 2013 3987 »

356 4029 415 4085 id
448 4033 539 4085 est
585 4027 766 4084 totius
810 4026 1018 4100 plebis,
1051 4027 1178 4093 erit,
1205 4025 1441 4094 «labor,
1471 4048 1496 4074 ››
1528 4025 1588 4080 id
1641 4031 1750 4091 est,
1782 4025 2015 4082 labora-

354 4118 503 4175 bunt
550 4121 616 4173 ut
672 4115 1044 4173 malefaciant
1095 4116 1153 4170 in
1207 4114 1530 4170 malefactis
1561 4137 1589 4162 ‹‹
1623 4114 1680 4169 in
1717 4115 1950 4187 justitia
1984 4138 2010 4165 η

354 4207 512 4264 velut
543 4207 601 4261 in
635 4205 800 4261 falsis
829 4203 1095 4275 judiciis.

429 4319 457 4345 «
483 4297 551 4350 Et
577 4310 759 4349 usura
789 4314 817 4342 η
853 4293 910 4346 in
943 4291 1192 4364 pecunia
1220 4290 1548 4363 temporali,
1569 4315 1594 4339 ‹‹
1620 4295 1678 4346 et
1707 4291 1875 4346 dolus
1897 4310 2011 4347 non

356 4384 629 4451 deﬁcit,»
660 4382 719 4438 id
768 4385 876 4449 est,
911 4398 1027 4436 non
1081 4380 1310 4436 deﬁciet
1357 4381 1428 4436 ab
1473 4380 1577 4447 eis,
1607 4383 1664 4436 et
1703 4381 1825 4435 haec
1858 4381 2015 4436 mala

357 4490 474 4528 non
525 4471 740 4527 facient
787 4467 1034 4536 occulte,
1069 4466 1187 4523 imo
1236 4467 1567 4536 manifeste,
1601 4471 1658 4523 et
1706 4468 1816 4524 hoc
1875 4472 2010 4525 est:

358 4584 387 4611 «
421 4561 492 4616 de
521 4558 732 4632 plateis
757 4559 908 4631 ejus.
943 4579 970 4607 »

2127 3405 2293 3472 catis,
2327 3427 2354 3453 ‹‹
2388 3409 2446 3460 et
2476 3405 2835 3460 descendant
2865 3405 2924 3460 in
2959 3404 3254 3460 infernum
3295 3405 3569 3474 viventes,
3598 3428 3625 3456 »
3661 3423 3772 3461 non

2126 3493 2363 3561 mortui,
2408 3492 2651 3557 scilicet,
2685 3494 2950 3565 agilitate
2999 3493 3236 3561 mentis,
3261 3495 3360 3550 sed
3410 3494 3773 3550 attendentes

2126 3597 2328 3652 pmnas
2360 3581 2694 3649 infernales,
2729 3598 2858 3653 qua:
2892 3587 3178 3654 parantur
3204 3582 3421 3654 impiis,
3448 3582 3722 3638 recedant
3743 3599 3775 3638 a

2126 3669 2320 3726 malis.

2197 3759 2266 3813 Et
2296 3758 2468 3814 debet
2497 3775 2656 3814 mors
2705 3758 2902 3815 venire
2949 3776 3127 3832 super
3171 3775 3291 3828 eos,
3327 3781 3356 3809 «
3389 3758 3669 3832 quoniam
3717 3759 3772 3814 in

2125 3845 2500 3915 habitaculis,
2537 3869 2564 3896 ››
2597 3847 2655 3902 id
2687 3850 2776 3903 est
2825 3847 2884 3902 in
2936 3848 3212 3904 cordibus
3242 3871 3270 3897 ‹‹
3313 3863 3538 3917 eorum,
3573 3869 3600 3897 »
3636 3851 3775 3904 sunt

2125 3957 2154 3985 α
2190 3936 2489 4006 nequitiae,
2506 3958 2532 3986 »
2557 3935 2698 4008 quia
2725 3936 2786 3991 in
2809 3937 3084 3992 cordibus
3103 3953 3304 3993 eorum
3322 3936 3591 3992 habitant
3620 3935 3773 3990 mul-

2121 4028 2192 4079 tae
2213 4025 2380 4080 mala
2409 4025 2812 4097 cogitationes,
2846 4030 2904 4080 et
2925 4025 3034 4082 hoc
3065 4044 3178 4082 non
3213 4025 3271 4080 in
3301 4025 3641 4098 paucis,sed
3667 4049 3693 4075 «
3717 4025 3772 4079 in

2124 4115 2317 4171 medio
2351 4136 2378 4163 ››
2411 4113 2468 4169 id
2501 4119 2591 4169 est
2623 4114 2682 4168 in
2714 4115 3113 4170 communioni
3147 4139 3172 4164 ‹‹
3203 4132 3426 4170 eorum.
3465 4137 3491 4162 ιι

2193 4228 2222 4253 ‹‹
2257 4205 2375 4274 Ego
2436 4207 2701 4258 autem.»
2737 4202 2947 4274 Incipit
2995 4204 3064 4259 de
3113 4203 3281 4257 tertia
3327 4209 3487 4275 parte
3533 4202 3770 4270 scilicet,

2123 4291 2379 4351 ostendit
2409 4307 2471 4346 se
2503 4307 2630 4346 esse
2659 4290 3023 4359 exauditam,
3059 4296 3117 4347 et
3165 4291 3234 4346 de
3278 4309 3385 4347 sua
3433 4291 3776 4346 liberatione

2121 4386 2180 4438 ct
2209 4382 2280 4436 de
2311 4379 2602 4434 malorum
2634 4378 3036 4434 damnatione.
3071 4378 3440 4435 Continuatio
3478 4395 3491 4434 :
3532 4379 3669 4435 Mali
3701 4379 3776 4434 ita

2123 4469 2584 4533 damnabuntur,
2617 4490 2644 4516 ‹‹
2677 4483 2782 4540 ego
2817 4471 3011 4523 autem
3048 4468 3119 4523 ad
3153 4469 3337 4524 Deum
3369 4466 3635 4536 clamavi,
3665 4491 3685 4514 ι
3723 4470 3777 4522 et

2122 4559 2232 4615 hoc
2263 4561 2392 4613 est:
2425 4555 2695 4627 clamavi,
2727 4561 2787 4612 et
2817 4556 3105 4612 Dominus
3137 4554 3377 4612 salvavit
3407 4572 3519 4611 me.
3560 4578 3585 4605 ››

431 4609 962 4715 ﬁsa
987 4649 1242 4718 qnatuor
1259 4661 1465 4734 versus
1487 4619 1800 4717 sequentes
1816 4645 2015 4719 legun-
2045 4669 2092 4734 ι)
2123 4609 2705 4718 mliltvquia'salvavi’t
2734 4609 3213 4700 ideocc—narrabo
3249 4667 3276 4692 »
3301 4645 3438 4734 jam,
3462 4643 3634 4734 facta,
3661 4665 3689 4693 ‹‹
3724 4609 3777 4699 et

357 4741 456 4792 tur
485 4736 816 4809 specialiter
845 4735 916 4791 de
946 4735 1120 4790 Juda.
1154 4733 1249 4790 Sic
1280 4733 1702 4789 continuantur
1722 4735 1793 4789 ad
1817 4752 2016 4808 supra-

359 4826 519 4881 dicta
551 4841 564 4878 :
597 4825 729 4880 Ideo
747 4823 1044 4896 praecipita
1069 4825 1126 4877 et
1146 4820 1337 4877 divide
1358 4838 1477 4893 eos,
1493 4843 1520 4870 ‹‹
1543 4821 1822 4893 quoniam
1848 4847 1875 4873 »
1894 4824 2016 4880 haec

359 4913 518 4970 mala
547 4930 674 4984 qua:
705 4911 850 4967 mihi
900 4911 1122 4967 faciunt
1170 4927 1274 4982 per
1317 4911 1633 4982 quemdam
1665 4911 2016 4969 familiarem

359 5002 669 5069 meum,de
701 5018 817 5073 quo
840 5017 955 5055 non
986 5003 1075 5055 est
1095 4998 1460 5070 patiendum,
1481 5000 1581 5054 sed
1608 5022 1628 5049 ι
1651 5000 1699 5056 si
1723 5018 1890 5057 meus
1912 5001 2018 5056 ini-

362 5091 552 5146 micus
577 5113 603 5138 ››
638 5089 988 5145 manifestus
1011 5111 1037 5138 «
1063 5087 1464 5143 maledixisset
1485 5087 1654 5154 mihi,
1670 5110 1696 5138 ››
1722 5106 1826 5162 ego
1849 5113 1876 5138 ‹‹
1901 5091 2014 5146 uti-

361 5195 475 5250 que
506 5178 925 5234 sustinuissem
949 5198 976 5226 n
1002 5192 1246 5242 eum,ne
1272 5175 1878 5248 remaledicerem,nec
1898 5178 2018 5233 vin-

363 5267 619 5323 dicarem
649 5267 708 5321 in
741 5282 898 5322 eum.
922 5263 1022 5320 Vel
1070 5266 1185 5319 duo
1217 5265 1610 5336 pracedentes
1640 5263 1916 5337 leguntur
1946 5267 2016 5322 de

363 5353 658 5410 simulatis
689 5353 917 5420 amicis,
941 5357 999 5409 et
1039 5353 1122 5408 ita
1155 5353 1363 5425 junge,
1389 5351 1518 5407 dico
1555 5353 1870 5425 prmeipita,
1895 5356 2015 5411 dis-

364 5458 540 5517 perga
571 5461 583 5498 :
620 5443 770 5507 ideo,
805 5442 1086 5514 quoniam
1120 5442 1347 5512 pejores
1380 5445 1519 5496 sunt
1546 5442 1696 5497 veris
1718 5443 2011 5500 inimicis:

363 5535 419 5584 et
448 5532 531 5586 ita
561 5535 650 5587 est
679 5530 784 5586 tibi
821 5548 833 5584 :
867 5531 1154 5596 Quoniam
1187 5530 1235 5585 si
1285 5529 1564 5585 inimicus
1597 5530 2012 5588 maledixisset.

434 5619 503 5672 Et
531 5637 646 5674 non
677 5622 908 5674 tantum
949 5617 998 5672 si
1053 5617 1470 5684 maledixisset,
1507 5619 1607 5674 scd
1642 5641 1670 5668 ‹‹
1705 5619 1752 5674 si
1783 5620 2015 5678 locutus

367 5701 572 5760 fuisset
602 5722 780 5775 super
794 5723 886 5761 me
907 5721 1139 5775 magna,
1165 5728 1190 5753 ››
1225 5704 1464 5774 scilicet,
1485 5723 1578 5762 me
1611 5708 2012 5779 deprimendo,

2127 4733 2487 4793 annuntiabo
2520 4755 2547 4782 »
2578 4733 2794 4801 futura,
2818 4736 2876 4788 et
2905 4733 3014 4788 hoc
3045 4756 3074 4783 «
3101 4749 3338 4805 vespere
3366 4755 3393 4781 ››
3425 4731 3482 4786 id
3509 4736 3617 4803 est,
3643 4748 3773 4788 cum

2125 4825 2252 4898 ipse
2280 4823 2535 4879 traditus
2553 4822 2684 4894 fuit,
2717 4845 2745 4873 «
2772 4826 2830 4878 et
2857 4839 3030 4878 mane
3056 4845 3082 4872 »
3106 4823 3340 4894 quando
3362 4826 3495 4878 ante
3515 4821 3773 4894 judicem

2127 4914 2360 4979 ductus,
2387 4935 2424 4988 ig
2438 4916 2497 4967 et
2516 4909 2761 4966 meridie
2795 4933 2822 4959 ››
2855 4911 3089 4983 quando
3123 4909 3350 4984 positus
3377 4915 3464 4966 est
3493 4909 3552 4965 in
3584 4926 3771 4966 cruce.

2123 5000 2411 5056 Videntur
2451 4998 2761 5054 dissentire
2796 4999 3180 5072 Evangelistae
3206 5015 3219 5054 :
3243 4999 3392 5054 Dicit
3421 4997 3574 5054 enim
3610 4998 3774 5066 alter,

2126 5089 2440 5146 Dominum
2465 5087 2810 5143 cruciﬁxum
2837 5087 2895 5142 in
2939 5092 3102 5144 sexta
3140 5087 3466 5156 hora,altcr
3495 5086 3552 5142 in
3583 5087 3772 5154 tertia,

2127 5195 2234 5234 nec
2254 5181 2449 5232 tamen
2473 5176 2852 5244 dissentiunt,
2873 5175 3013 5248 quia
3029 5176 3182 5248 quod
3210 5175 3356 5231 alter
3375 5174 3586 5230 dicitin
3610 5175 3775 5231 tertia

2125 5269 2269 5323 hora
2299 5265 2670 5333 cruciﬁxum,
2689 5282 2804 5320 non
2856 5265 2928 5320 de
2980 5264 3352 5321 cruciﬁxione
3384 5263 3550 5337 ligni,
3576 5264 3677 5320 sed
3712 5264 3774 5318 de

2125 5355 2500 5412 damnatione
2522 5353 2580 5408 in
2605 5353 2826 5427 linguis
2849 5354 3209 5421 Judaeorum,
3229 5352 3375 5409 alter
3401 5352 3543 5408 dicit
3561 5352 3632 5407 de
3654 5351 3774 5424 ipsa

2126 5444 2317 5501 crucis
2349 5442 2640 5498 afﬁxione.
2676 5441 2922 5514 Singula
2952 5441 3204 5514 singulis
3234 5440 3488 5497 narravit
3523 5457 3772 5512 vespero,

2127 5535 2185 5588 id
2211 5537 2320 5600 est,
2345 5531 2404 5586 in
2431 5549 2596 5586 caena
2637 5530 2944 5602 discipulis
2969 5531 3114 5598 suis,
3136 5529 3500 5602 priedicendo
3535 5533 3770 5584 mortem

2128 5624 2383 5686 suam,et
2403 5619 2890 5675 resurrectionem
2897 5624 2976 5689 ,et
2999 5618 3418 5684 ascensionem,
3439 5634 3572 5672 cum
3597 5617 3771 5672 dixit:

2130 5732 2156 5758 ‹‹
2193 5711 2378 5764 Amen
2430 5706 2558 5762 dico
2607 5707 2792 5774 vobis,
2827 5725 2983 5763 unus
3023 5712 3282 5763 vestrum
3333 5723 3428 5762 me
3457 5705 3772 5762 traditurus
