3936 6374
140 468 256 532 381

1316 465 1828 532 EXPLANATIO
1868 465 1951 529 IN
1993 467 2377 531 PSALMOS.

3437 468 3555 533 382

141 606 234 659 est
276 599 480 672 (Matth.
512 597 689 673 xxw.)
714 622 743 650 »
770 598 1156 658 Annuntiavit
1202 618 1375 660 mane
1418 600 1611 659 dictus
1660 604 1795 658 ante
1823 599 1881 669 Α
1910 617 2064 658 mem
2086 600 2345 658 hominis
2368 600 2661 676 dicit,quo
2680 601 2858 660 homo
2880 602 3228 673 corraditur,
3243 601 3399 661 sicut
3422 620 3561 678 pan-

142 690 396 748 Pilatum
419 689 710 763 judicem,
733 706 869 745 cum
891 690 1037 746 dixit
1062 708 1109 747 ;‹‹
1136 692 1200 748 In
1222 691 1331 747 hoc
1354 695 1529 747 natus
1550 708 1705 759 sum,
1731 694 1797 746 ut

139 779 481 854 perhibcam
504 777 911 834 testimonium
934 777 1253 851 veritati,et
1285 779 1393 835 hoc
1417 780 1689 836 videbitis
1712 779 1796 835 Fi-

136 869 285 925 lium
308 867 569 924 hominis
595 867 925 924 venientem
948 885 1082 924 cum
1106 869 1363 925 nubibus
1382 870 1555 941 (Joan.
1575 871 1796 937 xvm).»

138 957 463 1015 Exauditus
494 961 584 1013 est
610 956 801 1029 magis
833 956 891 1010 in
924 957 1053 1030 ipsa
1082 958 1376 1029 passione,
1398 976 1532 1013 cum
1564 957 1800 1014 derelic-

139 1050 235 1102 tus
282 1046 597 1112 videret-ur,
623 1061 757 1100 cum
808 1045 955 1100 dixit
979 1061 991 1101 :
1018 1069 1047 1095 ‹‹
1082 1046 1268 1115 Pater,
1303 1046 1363 1102 in
1422 1064 1634 1103 manus
1664 1050 1798 1102 tuas

139 1135 488 1191 commendo
520 1133 795 1207 spiritum
826 1150 1025 1189 meum
1050 1133 1199 1208 (Luc.
1220 1136 1440 1208 nun,»
1464 1160 1491 1186 ‹‹
1520 1140 1578 1191 et
1608 1157 1635 1185 »
1659 1135 1801 1208 quia.

141 1222 224 1279 sic
245 1222 519 1291 narrabo,
536 1222 666 1279 ideo
689 1221 975 1279 Dominus
988 1246 1017 1274 «
1035 1224 1304 1280 exaudiet
1320 1240 1521 1280 vocem
1544 1240 1797 1279 meam.»

211 1312 306 1368 Sic
338 1311 560 1367 scilicet
585 1310 856 1368 exaudiet
884 1329 1083 1368 vocem
1114 1330 1329 1384 meam,
1350 1336 1377 1363 ‹‹
1403 1312 1650 1369 redimet
1680 1312 1799 1368 ani-

140 1417 297 1457 mam
334 1416 529 1456 meam
550 1401 622 1456 ab
644 1400 738 1455 his
762 1400 861 1473 qui
884 1401 1361 1475 appropinquant
1382 1400 1585 1469 mihi,»
1608 1400 1665 1457 id
1688 1405 1796 1469 est,

144 1488 538 1547 familiaribus
563 1488 840 1558 inimicis,
874 1490 1028 1562 quod
1049 1490 1175 1563 jam
1199 1490 1345 1546 nihil
1368 1489 1506 1546 mali
1526 1493 1803 1563 poterunt

140 1579 331 1636 facere
366 1594 378 1635 :
413 1579 674 1635 animam
705 1579 836 1635 dico
869 1578 1122 1652 positam
1145 1602 1173 1630 «
1205 1579 1264 1635 in
1294 1596 1459 1652 pace,
1480 1602 1507 1629 ››
1532 1579 1589 1635 id
1622 1583 1711 1637 est
1740 1579 1801 1635 in

138 1673 355 1725 aterna
384 1666 607 1741 requie,
631 1671 837 1724 contra
853 1666 965 1723 hoc
988 1667 1144 1740 quod
1166 1669 1440 1742 superius
1461 1667 1607 1724 dixit
1630 1685 1643 1725 :
1669 1685 1803 1724 con-

139 1757 447 1813 turbatum
469 1760 559 1812 est
578 1772 678 1813 cor
698 1772 919 1825 meum,
944 1760 1078 1825 etc.,
1094 1755 1460 1829 hujusmodi.
1474 1758 1544 1813 Et
1565 1773 1804 1814 necesse

137 1851 225 1902 est
254 1850 323 1902 ut
354 1844 613 1902 redimas
642 1845 716 1902 ab
748 1844 841 1901 his
864 1868 890 1894 ‹‹
928 1844 1209 1917 quoniam
1235 1868 1263 1895 »
1286 1846 1398 1919 ipsi
1422 1869 1449 1896 ‹‹
1482 1850 1651 1902 erant
1682 1863 1801 1902 me-

1905 709 2019 747 nus
2050 692 2292 773 atinea,
2314 696 2371 748 et
2401 710 2765 766 unaquaeque
2790 710 2882 750 res
2913 710 3019 749 suo
3050 693 3286 766 proprio
3314 711 3510 751 verme
3540 710 3554 752 :

1906 780 2034 837 dico
2057 782 2239 853 jucta,
2275 785 2331 837 et
2377 788 2563 855 potes,
2595 782 2735 854 quia
2772 797 3072 838 sermones
3120 784 3251 855 ejus
3298 781 3424 851 Dei,
3457 782 3558 856 qui

1906 874 2079 926 antea
2127 887 2242 927 non
2292 874 2563 942 poterant
2609 870 2877 944 intelligi,
2912 875 3053 927 sunt
3098 871 3330 940 molliti,
3364 872 3424 928 id
3471 876 3563 930 est

1906 958 2043 1014 facti
2074 963 2215 1015 sunt
2245 958 2642 1032 intelligibiles
2663 976 2841 1031 super
2861 958 3230 1033 oleum,quia
3258 961 3447 1034 magis
3468 978 3563 1034 pe-

1907 1050 2142 1103 netrant
2178 1048 2356 1103 corda
2393 1048 2702 1104 hominum
2735 1064 2915 1120 quam
2955 1048 3148 1105 oleum
3187 1066 3424 1106 carnem
3458 1066 3472 1106 :
3505 1054 3564 1107 et

1907 1136 2019 1208 ipsi
2052 1140 2192 1192 sunt
2214 1136 2435 1207 jacula,
2462 1137 2533 1191 ad
2566 1136 3002 1209 impugnandas
3023 1138 3343 1194 sententias
3371 1138 3564 1194 inimi-

1908 1241 2131 1291 corum,
2158 1224 2276 1280 dixi
2300 1225 2462 1296 jacta
2491 1242 2667 1297 super
2685 1224 3001 1281 Dominum
3030 1242 3231 1281 curam
3261 1231 3480 1294 tuam,«
3505 1231 3565 1283 et

1907 1312 2034 1385 ipse
2084 1312 2372 1369 Dominus
2421 1312 2673 1369 enutriet
2700 1316 2757 1368 te
2790 1334 2817 1361 »
2850 1312 2910 1367 in
2945 1312 3076 1381 ﬁde,
3100 1318 3157 1369 et
3185 1315 3376 1371 dando
3421 1331 3563 1388 aug-

1909 1404 2180 1457 mentum
2210 1401 2268 1456 in
2298 1400 2640 1469 virtutibus,
2675 1405 2733 1455 et
2762 1398 2899 1455 licet
2934 1399 3027 1455 hic
3072 1400 3290 1457 habeas
3318 1403 3565 1459 ﬂuctua-

1910 1488 2154 1561 tionem,
2185 1493 2383 1545 tamen
2414 1511 2443 1539 ‹‹
2476 1489 2536 1544 in
2568 1494 2852 1545 aeternum
2883 1504 3001 1544 non
3041 1489 3205 1545 dabit
3236 1490 3566 1547 ﬂuctuatio-

1910 1593 2046 1634 nem
2069 1579 2255 1651 justo,
2279 1601 2307 1629 »
2329 1578 2387 1634 id
2420 1582 2511 1635 est
2536 1577 2953 1647 turbationem,
2988 1579 3091 1634 sed
3124 1577 3354 1651 quietos
3396 1579 3571 1637 faciet

1910 1666 1972 1725 in
2002 1667 2121 1724 vita
2150 1672 2386 1724 aeterna.

1984 1759 2075 1815 Tu
2095 1758 2405 1829 verojusto
2427 1773 2543 1813 non
2566 1755 2735 1813 dabis
2755 1756 3218 1825 ﬂuctuationem,
3242 1757 3345 1814 sed
3369 1779 3398 1808 «
3421 1773 3521 1816 eos
3536 1779 3566 1811 ι»

1913 1848 2069 1920 quod
2101 1845 2314 1903 dividis
2344 1846 2403 1902 in
2436 1845 2579 1915 ira,«
2606 1850 2693 1914 tu,
2732 1845 2907 1914 Deus,
2933 1846 3186 1902 deduces
3225 1846 3285 1902 in
3322 1851 3568 1919 puteum

139 1951 274 1991 cum
298 1956 328 1985 »ι
361 1951 478 1991 non
512 1933 665 1991 inter
696 1950 936 2008 paucos,
971 1933 1214 2003 scilicet,
1247 1934 1318 1991 de
1350 1951 1594 1991 numero
1616 1935 1805 2007 justo-
1831 1970 1881 2037 Β
1914 1935 2243 2005 interitus,»
2266 1935 2325 1991 id
2347 1938 2436 1992 est
2456 1935 2517 1991 in
2546 1932 3007 2008 profunditatem
3030 1934 3260 2004 mortis,
3284 1935 3569 1994 tradendo

137 2040 292 2096 rum,
316 2022 419 2098 qui
450 2022 621 2097 pauci
666 2024 945 2079 dicuntur
977 2023 1048 2079 ad
1081 2022 1577 2097 comparationem
1610 2022 1799 2081 malo-

139 2129 292 2184 rum,
316 2112 418 2169 sed
444 2134 473 2164 κ
493 2111 647 2169 inter
677 2111 895 2169 multos
919 2135 946 2162 »
971 2111 1029 2168 id
1060 2114 1150 2169 est
1198 2113 1269 2169 de
1320 2129 1566 2169 numero
1615 2111 1798 2170 malo-

137 2218 267 2258 rum
301 2200 404 2275 qui
438 2200 609 2258 multi
642 2205 803 2259 sunt.

146 2294 151 2299 ’
208 2315 236 2342 ‹‹
269 2290 558 2347 Exaudiet
580 2289 736 2347 Deus
761 2309 813 2347 ε»
832 2289 1107 2348 exaudiet
1137 2308 1230 2347 me
1252 2290 1323 2347 de
1344 2290 1454 2348 hoc
1477 2292 1630 2365 quod
1654 2290 1800 2351 mihi

137 2385 268 2455 peto
294 2385 353 2437 et
385 2379 561 2438 etiam
588 2379 860 2437 exaudiet
881 2397 975 2437 me
998 2380 1069 2437 de
1097 2379 1192 2438 his
1212 2398 1340 2453 quae
1372 2380 1631 2437 inimicis
1652 2382 1801 2442 meis

139 2474 291 2543 peto,
306 2493 334 2520 «ι
361 2473 418 2526 et
437 2468 835 2541 humiliabit,»
858 2468 951 2525 ide
974 2473 1083 2538 est,
1103 2469 1324 2543 affliget
1348 2493 1374 2520 ‹‹
1399 2467 1599 2537 illos,»
1621 2470 1797 2539 Deus,

141 2559 327 2628 dieo,«
355 2558 456 2631 qui
487 2563 577 2615 est
606 2562 739 2614 ante
772 2556 1042 2614 saecula.»
1067 2558 1173 2614 Per
1201 2557 1312 2615 hoc
1332 2559 1433 2614 dat
1455 2558 1798 2631 intelligere,

143 2648 298 2721 quod
330 2646 510 2703 etiam
560 2647 685 2720 ipse
735 2646 1005 2703 Christus
1056 2646 1330 2704 humiliat
1372 2664 1494 2716 eos,
1526 2647 1626 2720 qui
1668 2648 1800 2721 fuit,

141 2735 383 2802 scilicet,
418 2735 664 2803 Deitate,
697 2740 831 2791 ante
862 2734 1095 2792 saecula.

211 2847 240 2875 ‹‹
275 2825 403 2881 Non
432 2824 646 2881 enim.»
673 2823 807 2880 Ideo
832 2823 1172 2880 humiliabit
1200 2841 1319 2893 eos,
1337 2846 1365 2873 ‹‹
1394 2841 1507 2880 non
1532 2823 1691 2880 enim
1713 2828 1806 2880 est

143 2936 170 2964 κ
205 2913 325 2971 illis
354 2911 758 2983 commutatio,
786 2933 814 2961 »
848 2911 907 2967 id
955 2916 1063 2980 est,
1101 2912 1416 2969 noluerunt
1453 2913 1803 2969 commutari

142 3004 211 3060 dc
254 3001 412 3058 malo
466 3001 524 3056 in
565 3001 809 3072 bonum,
835 3023 861 3051 ‹‹
888 3004 945 3056 et
979 3023 1005 3049 ››
1037 3000 1148 3057 hoc
1192 3004 1299 3069 est,
1345 3001 1484 3072 quia
1504 3024 1533 3050 ‹‹
1569 3018 1685 3056 non
1728 3000 1801 3056 ti-

142 3092 445 3159 muerunt,
470 3110 499 3140 π
533 3093 591 3146 et
628 3093 867 3162 propter
912 3088 1023 3144 hoc
1054 3113 1080 3139 ‹‹
1116 3089 1376 3145 extendit
1403 3112 1431 3141 »
1462 3089 1518 3144 id
1565 3092 1675 3157 est,
1706 3106 1802 3145 ex-

141 3181 348 3237 tendet
377 3178 534 3235 Deus
566 3200 595 3229 «
622 3194 864 3234 manum
898 3195 1123 3246 suam,«
1152 3178 1210 3234 id
1239 3182 1329 3234 est
1358 3178 1677 3235 vindictam
1711 3195 1804 3235 su-

144 3286 248 3342 per
276 3284 378 3325 eos
408 3290 437 3317 ‹‹
471 3265 530 3322 in
564 3266 961 3323 retribuendo.
991 3289 1018 3316 υ

1910 2023 1972 2080 in
2003 2024 2252 2080 inferno.

1986 2137 2008 2162 ι
2032 2112 2175 2169 Viri.
2201 2135 2230 2165 ι»
2256 2112 2394 2169 Dico
2426 2111 2668 2169 deducis
2708 2111 2769 2167 in
2800 2115 3060 2185 puteum,
3096 2116 3154 2169 et
3183 2112 3358 2169 citius
3389 2129 3569 2187 quam

1911 2200 2025 2274 ipsi
2054 2205 2281 2275 putent,
2307 2206 2365 2258 et
2391 2200 2501 2258 hoc
2522 2206 2613 2258 est
2638 2222 2666 2253 «
2686 2199 2795 2257 viri
2825 2200 3245 2273 sanguinum,»
3268 2201 3328 2257 id
3358 2206 3448 2259 est
3467 2202 3570 2274 qui

1910 2290 2283 2347 innocentem
2305 2289 2686 2363 corporaliter
2706 2289 3090 2360 interﬁciunt,
3106 2307 3222 2346 non
3239 2289 3398 2347 enim
3413 2290 3570 2363 judi-

1910 2396 2007 2435 ces
2038 2379 2251 2436 debent
2281 2379 2398 2435 dici
2444 2378 2755 2435 homicidae
2804 2381 2864 2435 et
2913 2377 3121 2448 dolosi,
3147 2379 3249 2452 qui
3279 2380 3570 2437 viventem

1911 2467 2300 2541 spiritualiter
2319 2467 2614 2536 occidunt,
2631 2485 2746 2523 non
2762 2491 2789 2518 ‹‹
2815 2466 3215 2524 dimidiabunt
3229 2467 3353 2525 dies
3372 2486 3572 2541 suos,»

1913 2556 2159 2625 scilicet,
2187 2574 2336 2629 quos
2366 2574 2429 2612 se
2459 2556 2766 2613 habituros
2797 2556 3132 2628 opinantur.
3161 2579 3189 2609 ‹‹
3223 2559 3341 2631 Ego
3372 2562 3570 2615 autem

1912 2645 2160 2718 sperabo
2191 2644 2250 2700 in
2294 2650 2373 2712 te,
2397 2645 2701 2701 Domine.»
2722 2643 2827 2700 Vel
2872 2662 2986 2700 non
3017 2645 3417 2703 dimidiabunt
3446 2647 3572 2704 dies

1912 2750 2073 2802 suos,
2108 2734 2262 2806 quod
2304 2734 2586 2789 deberent
2630 2734 2839 2801 facere,
2875 2738 2939 2789 ut
2968 2732 3101 2789 siin
3133 2734 3327 2806 prima
3370 2740 3430 2791 et
3472 2751 3570 2793 se-

1913 2822 2108 2878 cunda
2136 2825 2302 2877 aetate
2324 2820 2480 2877 mala
2509 2822 2789 2889 fecerunt,
2814 2819 3023 2876 saltem
3052 2820 3114 2877 in
3146 2821 3356 2879 ultima
3384 2839 3572 2880 cessa-

1913 2914 2061 2965 rent.
2089 2909 2192 2965 Vcl
2226 2926 2342 2964 non
2374 2908 2794 2976 dimidiabunt,
2827 2908 2885 2963 id
2917 2913 3007 2965 est
3034 2926 3150 2965 non
3193 2909 3330 2966 licet
3357 2911 3442 2967 eis
3473 2912 3568 2967 di-

1912 2996 2179 3065 midiare,
2231 2996 2444 3069 partim
2497 2997 2614 3052 Deo
2663 2996 2986 3065 serviendo,
3039 2996 3253 3070 partim
3313 2997 3566 3056 diabolo.

1913 3085 2076 3142 Unde
2108 3084 2166 3140 in
2200 3084 2511 3158 Evangelio
2540 3101 2554 3139 :
2585 3106 2613 3135 ‹‹
2653 3085 2779 3140 Non
2822 3085 3070 3157 potestis
3117 3086 3233 3142 Deo
3264 3087 3482 3144 servire
3509 3092 3569 3144 et

1915 3190 2265 3230 mammona:
2297 3173 2506 3246 (Matth.
2540 3173 2639 3246 v1).
2663 3196 2691 3225 η

2430 3280 2505 3336 ΙΝ
2546 3280 2895 3336 PSALMUM
2937 3280 3049 3336 LV.

214 3356 363 3424 Quia
389 3379 410 3406 ι
443 3354 992 3412 contaminaverunt
1022 3354 1577 3425 testamentum,»id
1609 3360 1698 3413 est
1727 3356 1802 3412 le-

1984 3385 2188 3455 rULus.
2222 3369 2287 3455 in
2313 3332 2783 3455 ﬁnesilpisdtritits—
2799 3332 3109 3455 Dii—ridupro
3145 3371 3371 3455 populo,
3407 3375 3505 3445 qui
3532 3390 3569 3428 α

147 3462 276 3520 gem
312 3467 341 3497 «
373 3445 527 3517 ejus,
550 3466 578 3495 »
604 3442 757 3499 male
788 3442 1225 3517 interpretando
1256 3444 1609 3517 Scripturas,
1635 3445 1692 3501 id
1716 3450 1806 3502 est

146 3549 415 3606 perverse
445 3532 691 3606 agendo,
716 3549 831 3588 non
851 3532 1007 3605 quod
1040 3531 1131 3588 lex
1156 3531 1255 3589 Dei
1288 3536 1486 3605 posset
1514 3538 1803 3606 quantum

147 3623 219 3678 ad
251 3621 656 3694 semctipsam,
689 3620 1100 3690 contaminari,
1133 3622 1234 3678 sed
1266 3625 1552 3694 quantum
1590 3623 1661 3677 ad
1703 3640 1804 3680 eos

150 3710 245 3784 qui
292 3728 357 3768 se
416 3709 778 3784 polluebant,
813 3709 967 3766 sicut
1017 3709 1208 3766 malus
1255 3710 1540 3767 diaconus
1590 3709 1806 3767 dicitur

150 3798 408 3872 polluere
437 3797 819 3872 Evangelium
858 3797 981 3868 Dei,
1013 3802 1070 3853 et
1100 3797 1227 3854 ideo
1252 3821 1280 3850 α
1307 3802 1448 3856 sunt
1486 3798 1657 3855 divisi
1688 3823 1717 3851 »
1743 3799 1803 3856 in

150 3885 460 3960 praesentia
480 3903 513 3943 a
534 3902 713 3961 regno
735 3886 1050 3960 imperiali,
1072 3891 1131 3943 et
1154 3886 1216 3943 in
1236 3887 1435 3943 futuro
1457 3905 1492 3943 a
1512 3888 1804 3945 consortio

144 3974 443 4047 justorum
469 3992 482 4031 :
506 3980 565 4033 et
590 3998 618 4026 ‹‹
644 3975 717 4031 ab
762 3976 847 4031 ira
885 3974 1086 4032 vultus
1124 3976 1253 4048 ejus
1276 3998 1302 4026 ››
1338 3976 1395 4031 id
1427 3980 1536 4045 est,
1568 3980 1806 4049 propter

151 4061 258 4120 hoc
289 4064 449 4137 quod
480 4062 591 4136 ipsi
642 4066 987 4119 meruerunt
1034 4059 1181 4119 iram
1232 4064 1391 4137 ejus;
1418 4086 1445 4114 ‹‹
1472 4068 1530 4120 et
1559 4081 1705 4119 cor»
1743 4063 1800 4119 id

153 4157 258 4221 est,
281 4152 575 4220 voluntas,
601 4168 729 4225 qua:
768 4153 942 4208 modo
980 4155 1070 4208 est
1106 4152 1334 4208 occulta
1358 4174 1388 4204 «
1417 4151 1598 4220 illius,
1623 4174 1650 4203 ιι
1677 4152 1802 4219 Dei,

157 4261 184 4291 α
213 4240 773 4315 appropinquabit,»
794 4240 856 4297 id
889 4244 998 4308 est,
1023 4240 1515 4309 manifestatibur,
1530 4239 1632 4313 qui
1673 4245 1803 4296 tan-

154 4328 281 4385 dem
311 4334 687 4404 cognoscent,
712 4346 893 4403 quars
923 4330 1077 4387 Deus
1109 4330 1266 4386 hunc
1293 4328 1488 4403 elegit,
1513 4328 1681 4385 illum
1715 4346 1801 4385 re-

156 4418 440 4489 probavit.

223 4529 250 4556 ‹‹
285 4506 421 4563 Ideo
443 4506 612 4563 divisi
636 4510 795 4576 sunt,
820 4507 961 4580 quia
987 4506 1101 4581 ipsi
1133 4505 1475 4564 mollierunt
1505 4523 1805 4566 sermones

157 4610 291 4651 suos
321 4617 348 4648 η
383 4594 571 4653 multa
602 4595 1023 4669 compositione
1053 4593 1389 4653 locutionis.
1410 4596 1513 4654 Vel
1540 4620 1569 4648 ‹‹
1594 4596 1804 4654 molliti

1981 3443 2183 3497 sanctis
2216 3442 2371 3512 longe
2397 3440 2573 3515 factus
2602 3442 2788 3515 estin
2834 3440 2991 3515 tituli
3010 3440 3569 3515 ἵηςςὸνίριίοηείσατη

1984 3520 2275 3569 tenuerunt
2300 3529 2427 3568 eum
2460 3512 2724 3584 Allophili
2754 3514 2814 3567 in
2845 3512 2995 3569 Geth.

1988 3641 2016 3670 α
2048 3620 2322 3676 Miserere
2352 3617 2488 3688 mei,
2522 3619 2698 3689 Deus,
2733 3620 3036 3692 quoniam.
3062 3642 3090 3672 »
3124 3621 3342 3696 Tangit
3371 3621 3465 3679 hic
3496 3623 3568 3680 de

1912 3709 2072 3768 Novo
2103 3710 2479 3765 Testamento
2510 3712 2567 3765 et
2586 3708 2777 3764 Veteri
2807 3708 3140 3782 historiam,
3161 3711 3234 3766 de
3265 3711 3442 3781 Novo,
3467 3712 3570 3769 ubi

1914 3798 2076 3867 dicit,
2101 3797 2162 3854 in
2194 3797 2349 3854 tituli
2380 3797 2780 3869 inscriptione.
2804 3798 2931 3855 Non
2954 3798 3111 3855 enim
3141 3797 3357 3872 legitur
3376 3799 3436 3855 in
3457 3799 3568 3856 Ve-

1913 3886 2022 3944 teri
2049 3886 2315 3954 historia,
2343 3886 2499 3958 quod
2531 3886 2712 3941 David
2742 3885 3049 3943 habuisset
3078 3886 3337 3958 aliquam
3367 3888 3571 3943 inscri-

1913 3975 2196 4048 ptionem.
2222 3975 2302 4031 De
2324 3973 2536 4040 Teteri,
2560 3973 2658 4028 ubi
2682 3972 2844 4041 dicit,
2877 3997 2897 4022 ο
2925 3978 3239 4029 tenuerunt
3259 3991 3395 4030 eum
3418 3975 3569 4033 Allo-

1914 4061 2060 4136 phili
2092 4063 2150 4117 in
2183 4062 2353 4118 Geth.
2382 4083 2403 4112 ι
2435 4060 2688 4133 Fugiens
2716 4061 2874 4116 enim
2905 4061 3082 4116 David
3122 4062 3380 4119 furorem
3419 4064 3564 4120 Sau~

1913 4149 2191 4219 lis,venit
2213 4150 2381 4218 Geth,
2406 4149 2467 4205 in
2498 4153 2714 4205 terram
2746 4148 3194 4221 Allophilorum,
3219 4149 3450 4224 ipsique
3482 4157 3564 4207 te-

1914 4240 2170 4295 nuerunt
2212 4255 2368 4307 eum,
2402 4243 2461 4293 et
2497 4235 2987 4294 conculcaverunt
3023 4256 3158 4295 eum
3189 4238 3241 4310 (Ι
3267 4240 3393 4312 Reg.
3424 4239 3564 4313 xxx).

1914 4328 1978 4385 In
2009 4328 2118 4383 hac
2139 4343 2249 4383 sua
2281 4342 2559 4400 pressura
2582 4324 2871 4382 intellexit
2898 4326 3077 4384 David
3110 4345 3447 4401 pressuram
3467 4329 3569 4384 Ec-

1913 4416 2123 4474 clesiaa.
2154 4413 2431 4488 Allophili
2476 4414 2935 4487 interpretantur
2972 4414 3312 4490 alienigena:
3356 4433 3565 4473 secun-

1913 4506 2057 4562 dum
2087 4521 2349 4572 sensum,
2374 4502 2648 4559 similiter
2677 4502 3136 4575 interpretantur
3164 4504 3439 4575 Philistus,
3471 4522 3570 4578 po-

1912 4595 2070 4653 tione
2092 4594 2399 4651 cadentes:
2420 4591 2588 4660 Geth,
2604 4591 2861 4647 torcular
2879 4591 3313 4665 interpretatur.
3334 4593 3568 4651 Titulus

158 4688 291 4739 sunt
320 4700 644 4755 sermones,
669 4707 696 4736 ››
750 4684 975 4742 scilicet
1019 4684 1249 4741 Judaici
1308 4685 1508 4759 populi
1549 4709 1578 4738 «
1628 4704 1807 4761 super
1833 4699 1883 4767 D
1915 4684 1998 4741 ita
2022 4682 2237 4757 legitur
2261 4698 2273 4738 :
2299 4680 2566 4754 psalmus
2598 4680 2708 4736 iste
2740 4679 3083 4737 attribuitur
3111 4681 3316 4750 David,
3347 4681 3571 4738 scilicet

159 4769 344 4830 oleum
379 4790 454 4830 ε»
482 4772 622 4847 quia
659 4774 835 4832 verba
879 4790 1084 4831 eorum
1142 4774 1333 4849 magis
1391 4779 1699 4849 penetrant
1744 4776 1805 4833 in

160 4861 327 4918 corda
371 4861 684 4919 hominum
734 4879 882 4934 quos
930 4861 1250 4935 decipiunt,
1284 4879 1464 4935 quam
1517 4863 1712 4921 oleum
1745 4866 1805 4922 in

160 4963 408 5020 carnem,
438 4972 465 5001 οι
486 4954 543 5007 et
573 4949 685 5024 ipsi
712 4973 738 4999 »
761 4967 1082 5019 sermones,
1099 4952 1368 5024 quamvis
1399 4952 1482 5009 ita
1511 4952 1630 5010 sint
1658 4953 1806 5011 mol-

160 5033 265 5106 liti,
289 5041 484 5097 tamen
511 5062 539 5091 «
570 5044 712 5096 sunt
740 5039 963 5113 jacula,
991 5063 1018 5090 »
1040 5039 1098 5096 id
1151 5045 1241 5098 est
1287 5041 1590 5099 occidenta
1632 5044 1809 5101 corda

160 5122 482 5184 hominum.

228 5214 295 5270 Et
321 5232 455 5274 eum
489 5216 631 5275 mali
662 5218 747 5275 ita
776 5217 1113 5275 dividantur
1159 5219 1232 5275 ab
1276 5218 1364 5275 ira
1401 5218 1525 5290 Dei,
1548 5224 1634 5290 tu,
1658 5221 1809 5280 bone

162 5299 348 5373 homo,
376 5321 448 5362 ne
468 5304 700 5377 timeas,
725 5306 827 5363 sed
851 5330 879 5358 «
895 5307 1059 5379 jacta
1078 5307 1401 5381 cogitatum
1432 5311 1600 5365 tuum
1633 5327 1810 5382 super

162 5386 487 5451 Dominum.
516 5417 544 5445 ››
577 5394 764 5451 Habet
806 5393 922 5450 alia
968 5394 1162 5451 littera
1196 5411 1208 5449 :
1242 5394 1448 5453 Molliti
1498 5400 1639 5452 sunt
1684 5414 1809 5453 ser-

164 5493 358 5538 mones
386 5484 535 5556 ejus,
562 5488 619 5541 et
651 5487 789 5541 tunc
819 5483 905 5541 sic
935 5483 1186 5557 legitur:
1213 5483 1331 5556 Ipsi
1362 5488 1502 5542 sunt
1532 5484 1703 5541 divisi
1733 5486 1806 5542 ab

163 5562 246 5621 ira
274 5568 392 5639 Dei,
425 5573 527 5628 sed
559 5576 647 5642 tu,
676 5572 826 5629 bone
856 5572 1052 5642 homo,
1076 5596 1103 5625 «
1128 5573 1290 5644 jacta
1318 5595 1347 5624 ››
1381 5574 1724 5647 cogitatum,
1747 5575 1808 5632 id

166 5658 247 5708 est
268 5678 295 5705 «
327 5675 528 5717 curam
562 5666 725 5718 tuam
762 5678 940 5734 super
969 5661 1341 5729 Dominum,»
1368 5661 1427 5717 id
1458 5665 1546 5717 est
1575 5663 1647 5718 ab
1681 5664 1808 5737 ipso

167 5744 354 5802 omnia
384 5755 675 5822 exspecta,
708 5754 764 5808 et
796 5768 830 5808 a
859 5754 913 5808 te
946 5749 1113 5806 nihil.
1138 5750 1352 5807 Curam
1386 5750 1661 5809 Salomon
1692 5770 1812 5810 ver-

1916 4778 1983 4830 ut
2011 4773 2142 4846 ipsa
2187 4770 2447 4828 Ecclesia
2487 4769 2768 4826 liberetur
2812 4786 2847 4826 a
2890 4769 3128 4843 populo,
3162 4770 3264 4843 qui
3315 4770 3569 4845 populus

1914 4862 2088 4936 longe
2110 4863 2299 4918 factus
2321 4867 2410 4917 est
2429 4877 2464 4915 a
2483 4860 2705 4915 sanctis
2727 4859 2787 4914 in
2816 4858 2974 4916 tituli
3006 4859 3406 4933 inscriptione,
3430 4860 3571 4934 quia

1916 4969 2051 5009 cum
2082 4950 2472 5008 confiteantur
2513 4948 2698 5005 sancti
2730 4948 3028 5005 Christum
3073 4966 3271 5022 regem
3300 4965 3430 5006 esse
3458 4950 3569 5006 Ju-

1916 5042 2200 5108 daeorum,
2212 5037 2366 5096 sicut
2382 5035 2592 5093 titulus
2608 5036 2780 5093 dicit:
2802 5036 3055 5111 populus
3072 5037 3183 5094 iste
3200 5037 3566 5107 contradicit,

1916 5127 2100 5202 aliqui
2131 5127 2181 5186 si
2212 5143 2329 5183 non
2358 5125 2552 5194 dictis,
2584 5128 2781 5182 tamen
2827 5125 3014 5194 factis,
3048 5126 3204 5182 sicut
3232 5125 3371 5182 mali
3403 5124 3568 5182 Chri-

1917 5217 2115 5286 stiani,
2140 5233 2242 5289 per
2268 5214 2379 5270 hoc
2407 5212 2579 5287 longe
2609 5212 2816 5280 factus,
2832 5229 2988 5283 cum,
3004 5212 3063 5268 id
3085 5217 3176 5269 est
3196 5212 3337 5285 quia
3360 5216 3568 5268 tenue—

1917 5309 2056 5363 runt
2083 5289 2221 5362 cum
2250 5302 2453 5373 David,
2487 5301 2547 5357 id
2574 5306 2664 5357 est
2691 5300 2989 5357 Christum
3020 5305 3079 5357 et
3108 5299 3449 5358 Ecclesiam.
3470 5300 3567 5357 Al-

1915 5394 2142 5469 lophili,
2176 5393 2231 5449 id
2266 5397 2356 5449 est
2384 5390 2637 5464 populus
2677 5390 2786 5447 iste
2816 5390 3043 5447 alienus
3072 5408 3107 5446 a
3136 5390 3273 5461 Deo,
3305 5390 3365 5445 in
3396 5389 3566 5462 Geth,

1918 5485 1975 5541 id
2006 5488 2095 5540 est
2123 5482 2184 5538 in
2217 5479 2515 5548 torculari,
2548 5479 2771 5536 scilicet
2798 5478 2857 5535 in
2902 5496 3179 5552 pressura
3206 5479 3386 5551 hujus
3414 5478 3564 5535 vitae.

1918 5572 2163 5631 Materia
2192 5575 2278 5627 est
2300 5568 2649 5637 Ecclesia,et
2678 5568 2804 5640 ipsa
2824 5567 3085 5640 loquitur
3104 5569 3175 5624 de
3207 5585 3288 5625 se.
3314 5567 3522 5624 Modus
3547 5583 3562 5624 :

1918 5666 1982 5721 In
2014 5660 2207 5735 prima
2252 5663 2417 5732 parte
2464 5658 2614 5731 petit
2658 5656 2893 5713 liberari
2944 5674 2979 5713 a
3026 5656 3413 5724 daemonibus,
3445 5661 3502 5714 et
3533 5675 3568 5714 θ,

1918 5749 2200 5811 membris
2231 5749 2378 5820 ejus,
2404 5763 2627 5819 ponens
2658 5745 2934 5804 ﬁduciam
2961 5764 3080 5805 sua:
3110 5746 3475 5805 liberationis
3505 5745 3566 5804 in
