3936 6440
370 452 489 518 383

797 454 1207 519 ΗΑΥΜΟΝ18
1239 448 1776 514 HALBERSTAT.
1811 448 1983 510 EPlS

2146 447 2264 509 PP.
2297 446 2500 510 PARS
2531 446 2581 510 Ι».
2613 483 2691 495 -
2719 449 3130 513 COMMENT.
3160 449 3360 514 BlBL.
3664 449 3751 519 381

374 560 582 621 Deum.
617 562 678 637 In
719 562 977 637 secunda
1023 564 1207 634 parte,
1240 574 1368 632 qua:
1427 553 1635 630 incipit
1680 551 1782 613 ubi
1830 552 1976 612 dicit
2006 569 2021 610 :
2055 554 2112 627 Α
2139 552 2386 622 dientes,
2411 571 2527 611 non
2550 554 2861 630 desperent
2890 573 2994 633 pro
3022 556 3276 633 peccatis
3303 556 3451 628 suis,
3478 560 3541 615 et
3567 554 3672 617 hoc
3692 564 3755 615 est

380 676 417 705 ι·
438 654 585 710 Tota
612 634 705 708 die
728 634 903 707 verba
921 666 1051 705 mea
1080 648 1518 714 exercebantur,
1547 669 1569 696 ιι
1595 648 1901 701 enumerat
1928 643 2032 700 illa

373 742 547 809 mala,
574 758 697 815 quae
726 739 864 795 facit
884 738 1138 812 populus
1158 737 1277 806 ille,
1302 738 1505 792 dicens
1528 740 1724 791 tamen
1747 735 1847 791 illa
1872 734 2030 791 mala

372 846 433 887 se
465 848 579 887 non
609 830 837 897 timere,
861 844 994 884 cum
1025 827 1203 883 etiam
1226 826 1395 881 cedat
1417 824 1499 879 illi
1533 823 1807 897 populus.
1835 824 1897 879 In
1920 827 2031 879 ter-

369 920 452 975 tia
480 922 807 991 partequae
838 916 1045 989 incipit
1074 916 1172 971 ubi
1198 915 1344 971 dicit
1366 931 1420 969 ια
1444 915 1508 970 In
1543 931 1635 970 me
1666 918 1825 986 sunt,
1848 914 2025 984 Deus,

366 1010 501 1061 vota
530 1010 652 1074 tua,
682 1027 704 1054 ιι
734 1004 877 1061 dicit
906 1021 968 1059 se
1000 1003 1379 1059 laudaturum
1413 1003 1598 1059 Deum
1630 1003 1689 1058 in
1722 1007 2025 1059 aeternum.

370 1094 622 1151 Intentio
643 1098 753 1163 est,
779 1111 887 1150 nos
918 1094 1253 1161 admonere,
1279 1097 1345 1148 ut
1374 1109 1507 1148 cum
1541 1093 1821 1165 patientia
1850 1091 2029 1147 susti-

363 1170 611 1241 ne‘amus
635 1182 792 1239 mala
812 1182 993 1254 hujus
1013 1182 1167 1253 vitaz,
1182 1181 1548 1237 attendentes
1570 1181 1745 1236 etiam
1769 1180 1901 1235 illos
1926 1180 2025 1253 qui

362 1274 533 1330 nobis
561 1272 717 1328 mala
746 1272 1026 1340 inferunt,
1054 1271 1122 1325 ad
1149 1287 1255 1325 nos
1280 1270 1557 1325 converti.
1579 1272 1651 1326 Et
1682 1270 1817 1326 licet
1846 1271 2026 1325 conﬁ-

363 1364 464 1419 dat
482 1362 741 1419 Ecclesia
772 1362 842 1417 de
876 1378 985 1416 sua
1012 1359 1381 1426 liberatione,
1406 1363 1604 1413 tamen
1638 1375 1807 1413 suam
1839 1362 2025 1413 atten-

365 1451 531 1519 dens,
547 1449 983 1514 infirmitatem,
999 1447 1083 1501 sic
1105 1446 1313 1518 incipit
1334 1462 1498 1500 orare
1522 1461 1568 1499 ει
1592 1445 1865 1500 Miserere
1887 1443 2024 1511 mei,

364 1540 520 1597 Deus
553 1556 615 1594 ιη
643 1540 717 1595 Et
755 1552 994 1593 necesse
1037 1539 1145 1602 est,
1177 1554 1200 1583 ι
1242 1533 1521 1607 quoniam
1562 1534 1759 1603 homo,
1790 1557 1811 1583 ι
1838 1533 1897 1590 id
1939 1538 2028 1590 est

365 1628 657 1696 diabolus,
685 1626 786 1700 qui
815 1625 1032 1681 dicitur
1060 1624 1257 1693 homo,
1282 1623 1523 1691 scilicet,
1548 1623 1823 1692 carnalis,
1845 1628 2024 1679 terre-

364 1735 500 1787 nus,
532 1740 553 1767 ι
590 1714 955 1773 conculcavit
982 1730 1093 1768 me.
1119 1733 1145 1765 ιι
1180 1714 1261 1769 De
1295 1729 1409 1785 quo
1442 1712 1659 1768 dicitur
1684 1712 1744 1767 in
1774 1714 2028 1784 Evange-

360 1807 440 1864 lio
467 1823 480 1862 :
511 1830 533 1857 ι
558 1805 729 1862 Venit
761 1803 1039 1859 inimicus
1070 1802 1265 1869 homo,
1290 1806 1348 1857 et
1367 1801 1857 1874 superseminavit
1883 1800 2025 1857 ziza-

361 1896 461 1953 nia
518 1894 723 1965 (Matth.
755 1895 903 1962 xm),
945 1891 1168 1948 scilicet
1222 1913 1247 1941 σ
1297 1894 1419 1946 tota
1466 1889 1558 1946 die
1604 1892 1962 1964 impugnans
1992 1910 2024 1943 ι
2052 1928 2102 2001 Β

357 1983 553 2042 verbis
582 1988 641 2040 et
679 1980 1161 2056 suggestionibus
1201 2002 1229 2034 α
1257 1979 1560 2036 tribulavit
1591 1997 1684 2036 me
1718 2002 1739 2030 ιι
1778 1979 2025 2037 manife-

360 2075 469 2132 stis
500 2072 1072 2147 impugnationibus.

436 2187 459 2215 ιι
494 2162 997 2220 Conculcaverunt
1027 2177 1140 2217 me.
1170 2182 1192 2209 ιι
1231 2159 1501 2216 Ostendit
1542 2175 1646 2231 per
1676 2158 1817 2232 quid
1850 2157 2027 2215 faciat

361 2252 710 2327 liujusmodi
750 2249 1262 2323 impugnationem
1287 2248 1739 2305 Ecclesiaazdico
1779 2247 2025 2304 tribula-

361 2330 467 2413 vit,
501 2360 605 2416 per
631 2341 741 2397 hoc
772 2339 1016 2408 scilicet,
1046 2358 1070 2388 α
1103 2338 1242 2411 quia
1272 2337 1759 2394 conculcaverunt
1802 2354 1875 2393 ne
1912 2336 2025 2393 ini-

358 2433 500 2491 mici
532 2430 647 2488 mei
677 2449 703 2482 ιι
742 2429 813 2486 ad
861 2429 1104 2485 modum
1135 2444 1259 2484 uvae
1292 2445 1420 2500 quae
1460 2427 1750 2500 premitur
1794 2426 1856 2481 in
1904 2430 2024 2481 tor-

358 2521 568 2594 culari,
593 2521 1017 2593 oppresserunt
1057 2534 1151 2573 me
1191 2517 1404 2572 umbra
1451 2515 1666 2572 diaboli
1704 2534 1718 2572 :
1752 2520 1811 2573 et
1839 2534 1863 2563 ε
1902 2519 2025 2571 tota

359 2614 528 2682 die,»
568 2614 626 2667 et
681 2611 1005 2683 potuerunt
1063 2605 1426 2675 conculcare,
1480 2626 1508 2659 α
1552 2605 1835 2679 quoniam
1886 2608 2026 2661 sunt

361 2702 535 2761 multi
568 2699 855 2757 bellantes
884 2698 1195 2754 adversum
1230 2713 1345 2753 me.
1372 2721 1395 2749 ι

433 2791 552 2865 lpsi
601 2806 696 2846 me
743 2788 827 2845 ita
872 2786 1383 2853 conculcaverunt,
1430 2785 1532 2842 sed
1560 2804 1586 2837 α
1614 2784 1832 2841 timebo
1857 2809 1879 2837 ι
1917 2801 2022 2859 ego

368 2902 393 2932 ο
429 2880 503 2937 ab
536 2876 907 2945 altitudine,-
938 2875 996 2931 id
1030 2880 1121 2932 est
1150 2875 1482 2948 apotentia,
1508 2891 1636 2948 qua:
1658 2874 1876 2947 quiden
1907 2890 2023 2930 non

358 2975 469 3041 est,
504 2969 646 3044 quia
682 2990 709 3024 α
738 2967 852 3025 diei
891 2990 912 3017 ι
947 2971 1058 3036 est,
1090 2966 1147 3022 id
1186 2969 1295 3038 est,
1339 2965 1413 3022 ab
1462 2965 1591 3039 ipsa
1636 2980 1933 3034 concessa,
1968 2968 2025 3021 ct

358 3078 487 3135 qua
518 3062 619 3115 est
637 3074 817 3132 parva
844 3056 927 3113 ita
956 3059 1023 3112 ut
1051 3054 1281 3112 dicatur
1310 3054 1487 3111 unius
1518 3054 1654 3123 diei,
1678 3054 1847 3127 quasi
1875 3046 2025 3111 dice;

359 3155 469 3222 ret,
492 3150 619 3206 Non
651 3148 891 3215 timebo,
913 3145 1017 3202 sed
1048 3145 1243 3218 potius
1274 3168 1295 3195 ιι
1330 3160 1437 3218 ego
1467 3143 1527 3199 in
1557 3148 1613 3200 te
1643 3144 1911 3216 sperabo.
1938 3167 1963 3197 ι»

428 3239 569 3296 Dico
609 3237 766 3311 quod
814 3236 874 3292 in
920 3239 977 3291 te
1027 3234 1294 3308 sperabo,
1328 3238 1386 3289 et
1418 3253 1444 3281 cr
1471 3233 1779 3302 laudabo,-
1815 3232 1875 3289 id
1910 3237 2019 3303 est,

357 3300 688 3387 laudabiles
719 3324 931 3382 faciam
958 3344 987 3376 ι
1015 3300 1315 3381 sermones
1344 3338 1528 3394 meos,
1554 3345 1577 3375 ι
1611 3321 1671 3377 id
1703 3300 1794 3377 est
1821 3300 2024 3395 praedi;-
2051 3300 2098 3379 α

362 3417 627 3475 sationes
650 3430 835 3482 meas,
857 3428 962 3485 per
981 3412 1093 3469 hoc
1113 3413 1266 3485 quod
1298 3415 1477 3468 erunt
1507 3432 1531 3462 ι
1565 3410 1628 3468 in
1656 3411 1828 3468 Deo.»
1852 3411 1979 3467 Dixi
2004 3424 2021 3466 :

361 3505 622 3577 Sperabo
663 3502 733 3557 in.
755 3502 895 3570 Deo,
918 3505 978 3557 et
1016 3505 1253 3573 propter
1280 3500 1391 3556 hoc
1418 3523 1440 3551 ι
1476 3516 1593 3556 non
1631 3499 1851 3557 timebo
1880 3501 2023 3575 quid

363 3592 540 3650 faciat
572 3590 719 3646 mihi
750 3606 907 3656 caro,
937 3612 957 3639 ιι
985 3589 1042 3644 id
1076 3592 1166 3644 est
1198 3587 1538 3661 quicunque
1569 3588 1842 3645 carnalis.

434 3679 542 3739 Hic
573 3676 780 3751 incipit
808 3678 881 3734 de
911 3678 1173 3734 secunda
1202 3680 1385 3749 parte.
1417 3677 1570 3733 Bene
1600 3676 1728 3733 dico
1759 3679 1913 3751 quod
1947 3679 2025 3736 fa-

363 3772 500 3841 ciat,
536 3768 675 3844 quia
703 3767 942 3824 assidue
972 3766 1197 3824 faciunt
1238 3764 1385 3822 mihi
1426 3765 1604 3835 mala,
1629 3771 1687 3823 et
1715 3766 1823 3823 hoc
1853 3787 1875 3816 α
1902 3772 2023 3824 tota

361 3861 465 3919 die
507 3858 930 3917 exercebantur
963 3857 1141 3914 verba
1186 3872 1339 3927 mea,
1368 3856 1479 3912 ιιἱά
1527 3860 1617 3913 est
1660 3857 2021 3930 praedicatio-

358 3965 493 4007 nem
527 3964 720 4005 meam
758 3944 1178 4004 exsecrabilem
1218 3944 1616 4019 judicabant:
1648 3965 1672 3996 ι
1713 3950 1771 4001 et
1817 3960 2022 4003 omnes

360 4037 744 4114 cogitationes
790 4051 997 4093 eorum
1037 4035 1098 4091 in
1140 4033 1364 4091 malum
1396 4054 1422 4085 ιι
1451 4038 1619 4091 erant
1653 4054 1681 4087 α
1710 4035 2020 4093 adversum

358 4144 473 4198 me,
497 4151 519 4178 ι
547 4144 664 4184 non
696 4143 828 4183 meo
861 4124 1091 4193 merito,
1114 4124 1217 4181 sed
1248 4124 1558 4181 tendentes
1579 4122 1665 4181 eis
1686 4123 1747 4179 in
1771 4124 2029 4197 malum,

359 4217 502 4293 quia
531 4215 752 4289 injuste
781 4213 1138 4287 cogitabant.
1163 4212 1281 4269 Nec
1319 4216 1551 4269 tantum
1584 4212 1843 4270 extranei
1874 4213 2029 4270 mihi

360 4306 518 4365 mala
550 4304 901 4372 inferebant,
925 4302 1026 4359 sed
1052 4301 1228 4358 etiam
1256 4301 1486 4374 privati,
1511 4302 1621 4359 hoc
1642 4302 1787 4359 dicit
1811 4325 1832 4354 ι
1859 4302 2023 4360 inha-

359 4395 637 4455 bitabunt
664 4410 695 4444 ιι
718 4396 969 4449 mecum
1019 4389 1399 4463 corporaliter
1430 4412 1452 4440 ιι
1490 4393 1548 4446 et
1599 4390 1960 4446 abscondent
1992 4411 2015 4443 ι

359 4484 517 4541 mihi
539 4481 785 4554 laqueos
813 4479 1042 4547 mortis,
1066 4482 1124 4536 et
1145 4478 1193 4536 si
1222 4477 1423 4534 statim
1454 4495 1570 4534 non
1603 4482 1854 4551 possunt
1874 4479 2024 4535 deci-

360 4588 521 4649 pere,
537 4571 843 4628 imitantes
863 4569 1215 4643 magistrum
1233 4585 1409 4625 suum
1423 4566 1853 4641 diabolum,qui
1876 4584 2024 4625 sem-

361 4660 466 4741 per
488 4664 553 4720 in
595 4664 773 4719 ﬁnem
803 4659 931 4717 vult
971 4660 1237 4733 decipere
1277 4657 1601 4731 hominem,
1630 4657 1789 4731 «ipsi
1829 4656 2021 4716 calca-

363 4770 541 4811 neum
572 4768 772 4809 meum
820 4751 1235 4809 observabunt.
1264 4768 1291 4802 ιι
1328 4749 1415 4805 Ita
1461 4748 1857 4805 observabant
1904 4748 2020 4804 cal-

362 4858 632 4913 caneum,
661 4864 684 4893 ι
719 4840 874 4899 sicut
906 4839 1274 4897 sustinerunt
1302 4835 1561 4895 animam
1591 4853 1806 4893 meam.
1833 4861 1855 4890 ι
1884 4836 2031 4893 Mali‘

361 4933 519 4991 enim
550 4931 721 5005 quasi
770 4946 945 5004 grave
988 4929 1220 5002 pondus
1252 4927 1449 4982 ferunt
1473 4924 1655 4981 vitam
1696 4925 2020 4998 justorum,

363 5022 477 5079 sed‘
498 5037 604 5094 ego
636 5037 752 5076 non
785 5034 953 5087 curo;
993 5016 1133 5091 quia
1160 5021 1247 5084 tu,
1272 5014 1537 5083 Domine,
1562 5033 1595 5067 α
1624 5013 1816 5071 salvos
1846 5014 2023 5073 facies

362 5110 494 5167 illos
531 5132 552 5159 ι
588 5112 647 5165 et
669 5108 779 5165 hoc
815 5130 837 5158 ιι
872 5122 977 5180 pro
1008 5103 1216 5173 nihilo,
1240 5123 1267 5156 ιι
1304 5103 1364 5160 id
1396 5107 1486 5160 est
1516 5103 1643 5160 sine
1673 5102 1869 5176 aliquo
1901 5122 2022 5163 me-

362 5198 474 5255 rito
495 5214 719 5266 eorum,
744 5201 801 5252 et
831 5213 935 5270 per
962 5194 1073 5251 hoc
1103 5192 1378 5260 salvabis,
1396 5192 1536 5264 quia
1564 5212 1588 5242 α
1612 5192 1965 5267 confringes,
1996 5217 2017 5244 ι

362 5286 427 5342 id
453 5291 563 5357 est,
586 5285 932 5342 humiliabis
958 5304 985 5338 ι
1015 5282 1265 5357 populos
1296 5282 1356 5337 in
1388 5281 1527 5352 ira,-
1555 5280 1615 5337 id
1637 5285 1726 5337 est
1743 5281 1804 5336 in
1826 5283 2024 5356 aliqua

361 5375 643 5442 vindicta,
675 5390 854 5447 quam
894 5375 966 5431 de
1003 5373 1088 5430 eis
1126 5387 1349 5427 sumes.
1372 5369 1475 5426 Vel
1511 5392 1533 5419 ιι
1568 5369 1627 5425 in
1659 5369 1766 5443 ira,
1788 5391 1815 5424 ι
1843 5371 1901 5430 id
1933 5378 2025 5430 est

366 5462 425 5519 in
457 5462 923 5519 consideratione
968 5466 1225 5518 ventura:
1270 5460 1391 5532 irae,
1423 5460 1484 5515 in
1534 5459 1628 5515 die
1667 5460 1901 5532 judicii.
1933 5465 2035 5525 Tu.

368 5551 744 5623 confringens
760 5569 880 5622 eos,
900 5555 956 5607 et
971 5568 1077 5623 ego
1096 5567 1323 5622 appono
1346 5553 1571 5621 partem
1592 5565 1785 5605 meam
1804 5552 1875 5611 ad
1894 5569 2025 5609 con-

366 5637 716 5705 versionem,
752 5640 995 5710 scilicet,
1038 5637 1401 5694 annuntiabo
1444 5638 1671 5708 fecisse,
1704 5656 1797 5697 me
1836 5641 2028 5699 multa

369 5727 627 5795 peccata,
642 5730 699 5779 et
725 5726 825 5784 illa
851 5727 999 5784 mihi
1030 5744 1157 5783 esse
1178 5726 1608 5797 condonata,ut
1638 5725 1750 5797 ipsi
1781 5727 1891 5785 hoc
1922 5747 2023 5786 au-

2144 665 2166 693 ι
2194 643 2347 699 Deus
2368 643 2550 701 vitam
2573 663 2786 717 meam,
2808 668 2835 700 ν
2860 646 3101 718 scilicet,
3118 665 3243 723 quae
3270 666 3339 704 ex
3366 664 3460 707 me
3480 652 3595 716 est,
3627 648 3755 706 scili-

2139 737 2250 800 cet,
2286 738 2523 805 peecata
2554 752 2685 792 mea
2713 756 2735 784 ι
2768 737 3114 797 annuntiavi
3144 736 3249 792 tibi
3279 756 3305 790 ι
3344 740 3402 793 et
3431 737 3610 793 etiam
3643 759 3669 790 ι
3692 737 3757 792 la-

2138 837 2369 895 crynas
2400 840 2562 880 meas
2589 844 2614 876 ιι
2654 843 2759 899 pro
2802 826 2896 882 his
2929 828 3111 895 fusas,
3144 826 3250 884 tibi
3288 826 3533 901 protuli,
3553 844 3691 901 quas
3714 833 3758 887 tu

2145 929 2169 959 ι
2202 912 2450 983 posuisti
2482 914 2540 968 in
2572 919 2886 987 conspectu
2918 919 3041 973 tuo.
3068 939 3090 965 ιι

2215 1022 2242 1053 (ι
2265 1002 2428 1058 Sicut
2457 1008 2514 1060 et
2550 1005 2610 1060 in
2650 1010 2753 1062 tua
2781 1006 3189 1079 promissione.
3211 1024 3238 1059 η
3277 1005 3601 1063 Promissio
3634 1005 3759 1063 enim

2137 1089 2238 1145 Dei
2268 1096 2375 1161 est,
2392 1094 2547 1165 quod
2580 1094 2704 1167 ipse
2735 1094 3019 1169 suscipiat
3047 1095 3336 1170 lacrymas
3368 1114 3497 1171 qua:
3519 1114 3555 1152 θ.
3575 1096 3764 1153 sanctis

2137 1178 2489 1250 funduntur,
2512 1182 2570 1238 id
2594 1188 2683 1239 est
2712 1200 2815 1257 per
2836 1188 2999 1240 tuam
3033 1183 3509 1255 confractionem,
3525 1190 3583 1241 et
3601 1199 3762 1241 meam

2136 1269 2645 1327 annuntiationem
2676 1291 2698 1320 ι
2732 1276 3143 1329 convertentur
3168 1271 3388 1328 inimici
3418 1273 3536 1328 mei
3574 1295 3595 1321 ι
3622 1289 3654 1328 a
3679 1288 3764 1329 sua

2136 1355 2294 1413 mala
2312 1358 2522 1427 via,ita
2543 1361 2700 1432 quod
2722 1360 2842 1416 sint
2867 1383 2887 1409 α
2916 1364 3291 1430 retrorsum,»
3316 1360 3375 1417 id
3405 1366 3517 1428 est,
3542 1378 3763 1434 sequan-

2135 1450 2235 1501 tur
2263 1463 2377 1502 me.
2414 1449 2529 1521 Ipsi
2562 1453 2990 1517 convertentur,
3020 1455 3077 1507 et
3112 1474 3131 1500 ι
3166 1450 3226 1506 in
3257 1466 3610 1524 quacunque
3637 1451 3718 1506 die
3745 1472 3760 1499 ι

2136 1552 2242 1609 ego
2274 1552 2408 1593 cum
2442 1537 2561 1595 illis
2601 1540 2729 1611 jam
2770 1538 2907 1594 facti
2948 1555 3066 1595 una
3102 1538 3361 1598 Ecclesia
3395 1562 3417 1589 ιι
3454 1538 3764 1596 invocavcro

2134 1628 2210 1694 te,
2235 1641 2366 1683 ecce
2389 1627 2630 1701 cognovi
2657 1651 2678 1677 ι
2714 1628 2995 1703 quoniam
3026 1628 3300 1686 exaudies
3342 1645 3455 1696 me,
3478 1632 3541 1686 et
3566 1628 3670 1685 hoc
3696 1631 3765 1685 est

2139 1735 2167 1765 α
2190 1714 2469 1787 quoniam
2496 1716 2649 1772 Deus
2672 1733 2840 1777 meus
2861 1734 2976 1787 es,»
2999 1717 3059 1773 id
3080 1721 3172 1774 est
3201 1734 3369 1774 meus
3394 1717 3649 1790 adjutor.
3675 1736 3694 1764 α
3716 1716 3764 1773 In

2133 1802 2250 1860 Deo
2280 1804 2554 1861 laudabo.
2578 1826 2604 1857 ιι
2642 1807 2711 1863 Et
2740 1806 2881 1881 quia
2912 1824 3007 1863 me
3034 1808 3336 1877 exaudies,
3365 1827 3393 1859 ι
3422 1806 3487 1863 in
3519 1807 3634 1863 Deo
3664 1806 3765 1863 lau-

2134 1893 2285 1950 dabo
2303 1895 2567 1964 verbum,
2591 1915 2619 1949 η
2646 1895 2703 1951 id
2738 1899 2827 1953 est
2860 1895 3071 1953 Filium
3104 1896 3206 1953 Dei
3238 1896 3299 1952 in
3329 1897 3444 1954 Deo
3475 1897 3666 1963 Patre,
3697 1893 3767 1951 in-

2134 1982 2447 2057 telligendo
2480 1988 2538 2040 et
2563 1984 2934 2057 praedicando
2957 1984 3153 2058 ipsum
3178 1984 3545 2043 esse.Filium
3566 1988 3768 2041 coaeter-

2134 2089 2300 2140 num,
2315 2073 2775 2147 omnipotentem
2785 2078 2865 2148 ,ct
2884 2091 3125 2148 prorsus
3148 2073 3300 2130 idem
3319 2090 3451 2132 cum
3468 2074 3590 2131 Deo
3604 2074 3764 2147 Patre,

2142 2181 2171 2215 α
2199 2166 2256 2217 et
2284 2161 2344 2218 in
2377 2162 2626 2220 Domino
2658 2163 2912 2220 laudabo
2938 2164 3406 2231 sermonem,n_id
3438 2166 3550 2235 est,
3574 2161 3766 2219 Christi

2135 2251 2607 2324 prazdicationem
2638 2269 2743 2325 per
2772 2250 3057 2325 Spiritum
3090 2257 3361 2327 sanctum
3390 2269 3522 2311 esse
3552 2252 3766 2319 factam,

2132 2344 2192 2397 et
2221 2340 2351 2397 ideo
2372 2361 2407 2408 ιι
2437 2341 2664 2413 speravi
2696 2341 2755 2397 in
2786 2340 2902 2397 Deo
2929 2362 2951 2390 ι
2985 2345 3043 2397 et
3090 2345 3326 2417 prepter
3368 2341 3479 2398 hoc
3505 2362 3534 2395 α
3564 2359 3674 2403 non
3702 2338 3765 2396 ti-

2133 2429 2305 2486 mebo
2336 2429 2478 2504 quid
2520 2430 2694 2487 faciat
2732 2430 2878 2487 mihi
2918 2430 3116 2499 homo,
3151 2454 3171 2480 ι
3197 2429 3254 2487 id
3286 2434 3375 2488 est
3400 2430 3652 2488 carnalis
3679 2428 3765 2486 ali-

2134 2518 2288 2591 quis.
2324 2519 2429 2575 Hic
2460 2519 2665 2591 incipit
2695 2519 2767 2577 de
2796 2519 2971 2576 tertia
3014 2524 3200 2592 parte.
3233 2519 3364 2576 Ideo
3395 2536 3511 2576 non
3546 2518 3764 2590 timebo,

2134 2608 2273 2681 quia
2300 2613 2354 2664 et
2386 2609 2435 2664 si
2465 2610 2807 2666 auferantur
2847 2608 2993 2665 mihi
3033 2609 3154 2665 haec
3191 2607 3557 2682 temporalia,
3590 2613 3764 2664 tamen

2133 2698 2461 2754 remanebit
2490 2696 2637 2753 mihi
2660 2699 2815 2754 unde
2845 2698 2954 2755 tibi
2985 2697 3200 2755 servire
3234 2698 3642 2771 possim,quia
3665 2719 3695 2752 ι
3716 2696 3765 2752 in

2133 2803 2247 2855 me,
2274 2810 2297 2840 ι
2334 2786 2394 2843 id
2424 2791 2513 2844 est
2541 2787 2600 2844 in
2632 2803 2762 2843 meo
2795 2786 3079 2856 interiori,
3112 2804 3145 2844 ο
3186 2808 3215 2843 κ
3238 2787 3423 2856 Deus,
3454 2791 3599 2844 sunt
3649 2791 3767 2844 vola

2132 2880 2255 2945 tua,
2283 2900 2304 2927 ιι
2330 2876 2388 2934 id
2419 2880 2508 2934 est
2536 2876 2827 2934 desideria
2871 2876 2977 2932 tibi
3028 2876 3314 2935 serviendi
3340 2892 3353 2931 :
3381 2901 3403 2927 ι
3438 2894 3566 2949 qua
3588 2897 3619 2931 ι
3646 2879 3765 2932 vota

2132 2982 2237 3041 ego
2270 2965 2373 3022 tibi
2412 2986 2437 3016 ι
2470 2966 2712 3023 reddam
2742 2990 2764 3019 ι
2801 2964 3044 3039 scilicet,
3067 2985 3099 3019 ι
3129 2964 3494 3025 laudationes
3524 2964 3679 3032 tibi,-
3714 2964 3763 3020 id

2129 3059 2240 3127 est,
2272 3053 2528 3112 laudabo
2569 3059 2627 3111 te
2654 3054 2745 3112 vel
2773 3058 2908 3112 vota
2952 3053 3307 3112 laudationis
3358 3053 3597 3113 reddam
3645 3052 3761 3109 tibi.

2135 3166 2158 3193 ι
2195 3144 2504 3212 Quoniam.
2526 3163 2553 3197 ιι
2591 3144 2661 3202 Et
2693 3144 2874 3202 debeo
2922 3142 3160 3201 laudare
3186 3146 3263 3213 te,
3291 3163 3319 3197 ιι
3347 3141 3625 3216 quoniam
3661 3140 3762 3197 eri-

2130 3233 2311 3306 puisti
2342 3233 2644 3291 annimam
2675 3249 2891 3301 meam,
2914 3257 2937 3288 ι
2964 3232 3023 3290 id
3054 3237 3162 3305 est,
3190 3232 3400 3307 eripies
3427 3231 3487 3290 in
3518 3231 3633 3289 alia
3657 3230 3764 3287 vita

2136 3344 2158 3374 α
2194 3323 2266 3378 de
2297 3326 2483 3380 morte
2507 3345 2528 3374 ι
2559 3326 2775 3379 aeterna
2796 3339 2810 3378 :
2835 3322 2905 3379 de
2929 3339 3047 3396 qua
3065 3321 3359 3397 ereptione
3386 3320 3467 3377 ita
3490 3337 3626 3378 sum
3654 3336 3766 3379 cer-

2132 3416 2231 3469 t'us
2260 3430 2327 3470 ac
2356 3413 2406 3469 si
2431 3414 2559 3487 jam
2589 3411 2867 3470 haberem
2900 3431 2922 3463 ι
2957 3416 3015 3468 et
3042 3412 3220 3486 pedes
3249 3427 3463 3481 meos,»
3487 3409 3546 3467 id
3577 3413 3664 3466 est
3691 3408 3764 3465 af-

2132 3502 2413 3559 fectiones
2450 3518 2632 3572 meas,
2666 3501 2879 3575 eripies
2907 3522 2934 3555 α
2963 3501 3034 3557 de
3064 3499 3301 3575 lapsu,n
3338 3499 3476 3574 quia
3506 3498 3586 3555 ibi
3618 3497 3768 3555 nullo

2134 3592 2307 3648 modo
2351 3591 2682 3648 movebitur
2728 3593 2801 3649 ad
2846 3589 3070 3649 malum
3121 3589 3347 3649 affectio
3393 3605 3544 3661 mea,
3569 3588 3641 3645 ad
3670 3587 3769 3645 hoc

2133 3681 2357 3739 scilicet
2384 3680 2598 3755 eripies
2628 3684 2695 3737 ut
2723 3696 2829 3755 ego
2879 3680 3108 3755 positus
3149 3703 3171 3731 ι
3213 3680 3272 3735 in
3318 3677 3541 3736 lumine
3586 3677 3768 3735 viven-

2132 3771 2305 3840 tium,
2333 3794 2355 3821 ι
2392 3770 2453 3828 id
2508 3774 2600 3827 est
2655 3774 2723 3826 ut
2776 3769 3026 3827 habeam
3083 3768 3474 3844 cognitionem
3521 3767 3593 3825 de
3638 3767 3773 3837 Deo,

2133 3876 2310 3935 quam
2341 3859 2647 3916 habebunt
2695 3874 2828 3915 vere
2876 3858 3151 3928 viventes,
3181 3881 3208 3913 ι
3240 3857 3502 3931 placeam
3521 3876 3549 3910 ι
3586 3854 3692 3913 tibi
3718 3858 3771 3910 et

2131 3950 2302 4007 bonis
2342 3948 2619 4008 omnibus
2654 3970 2676 4001 ι
2710 3964 2909 4006 coram
2958 3948 3099 4018 Deo,
3125 3970 3146 3998 ι
3178 3947 3241 4005 id
3271 3950 3361 4005 est
3409 3946 3469 4003 in
3514 3943 3772 4021 benepla-

2132 4039 2247 4113 cito
2278 4039 2401 4095 Dei.
2874 4080 2909 4093 ..

2633 4145 2708 4202 IN
2749 4144 3098 4204 PSALMUM
3139 4144 3280 4202 LVI.

2132 4234 2406 4294 Trruws.
2429 4234 2493 4292 In
2518 4235 2687 4308 ﬁnem
2714 4250 2785 4290 ne
2812 4231 3293 4308 diaperdas‘Dacid
3321 4231 3561 4308 ἰηςιξιαιί
3588 4228 3775 4287 inseri:

2235 4309 2441 4380 ptime,
2468 4304 2595 4363 cum
2621 4307 2833 4379 fugeret
2858 4304 3059 4378 a’facie
3086 4305 3221 4361 Saul
3252 4306 3313 4361 in
3338 4304 3673 4377 speluncam.

2210 4417 2237 4451 α
2263 4396 2535 4452 Miserere
2557 4392 2692 4466 mei,
2712 4394 2919 4451 Deus.»
2940 4394 3155 4467 Tangit
3173 4394 3268 4450 hic
3299 4393 3511 4449 iterum
3530 4395 3776 4453 veterem

2132 4485 2440 4542 historiam
2485 4488 2543 4540 et
2580 4500 2810 4540 novam.
2838 4484 3077 4558 Legitur
3103 4481 3259 4539 enim
3291 4481 3351 4537 in
3381 4480 3557 4537 veteri
3606 4478 3777 4536 histo-

2133 4575 2220 4635 ria
2243 4575 2291 4647 (Ι
2317 4576 2442 4647 Reg.
2473 4589 2590 4631 xxn
2616 4576 2673 4630 et
2692 4575 2846 4645 XXIV)
2866 4573 3020 4647 quod
3052 4570 3230 4628 David
3262 4569 3493 4645 fugiens
3523 4567 3775 4634 Saulem,

2132 4665 2441 4722 abscondit
2469 4680 2531 4721 se
2560 4679 2698 4721 cum
2735 4661 2884 4732 suis,
2912 4661 2973 4717 in
3006 4659 3369 4734 speluncam.
3403 4657 3661 4731 Contigit
3688 4672 3778 4712 au-

2131 4762 2250 4814 tem
2281 4758 2349 4811 ut
2392 4752 2530 4811 Saul
2578 4752 2639 4809 in
2685 4752 2952 4811 eamdem
3002 4749 3342 4819 speluncam
3372 4746 3683 4804 diverteret
3709 4744 3778 4802 ad

2131 4843 2505 4919 pUrgandum
2535 4845 2822 4899 ventrem.
2854 4839 2927 4897 Et
2975 4855 3110 4896 cum
3160 4836 3340 4895 David
3385 4839 3722 4893 moneretur
3749 4849 3781 4888 a

2131 4934 2258 4995 suis
2290 4937 2355 4990 ut
2382 4948 2519 4989 eum
2551 4931 2923 4998 interficeret,
2957 4929 3165 5001 noluit,
3195 4928 3296 4984 sed
3336 4930 3501 5000 parte
3532 4924 3777 4997 chlamy-

2131 5023 2244 5092 dis,
2269 5039 2403 5095 rege
2433 5019 2747 5089 nesciente,
2773 5017 3042 5087 abscidit,
3069 5021 3135 5073 ut
3156 5034 3263 5091 per.
3281 5016 3389 5072 hoc
3420 5013 3778 5073 animadvcrv

2131 5111 2461 5183 t‘eret,quod
2482 5125 2618 5167 eum
2640 5107 2907 5177 David,si
2925 5105 3115 5175 vellet,
3133 5105 3455 5162 interﬁcere
3475 5101 3787 5177 potuisset.

2131 5203 2277 5259 Cum
2298 5216 2431 5256 vero
2453 5215 2553 5256 rex
2580 5197 2814 5264 exisset,
2833 5195 3010 5253 exivit
3030 5194 3232 5267 David,
3256 5198 3314 5252 et
3334 5190 3605 5250 clamavit
3626 5206 3641 5246 :
3668 5189 3782 5246 Rex

2133 5290 2330 5361 Israel,
2359 5288 2615 5359 attende,
2640 5285 2779 5359 quia
2797 5301 2932 5341 cum
2964 5289 3190 5358 partem
3212 5281 3391 5340 vestis
3421 5281 3492 5337 ab
3514 5278 3650 5349 cidi,
3683 5294 3780 5351 po-

2132 5381 2379 5438 tuissem
2409 5383 2465 5435 te
2493 5377 2839 5444 interficere,
2866 5376 2915 5431 si
2936 5373 3165 5432 vellem.
3188 5373 3479 5431 Tuncrex
3509 5384 3783 5443 ιιθοοειιορ

2133 5487 2305 5528 scens
2331 5485 2499 5526 suam
2531 5465 2926 5539 iniquitatem,
2951 5481 3067 5520 non
3098 5460 3563 5523 tamencessavit
3593 5476 3628 5521 α
3654 5473 3780 5531 per-

2134 5560 2453 5617 secutione.
2477 5557 2603 5612 Non
2634 5556 2917 5610 debemus
2965 5553 3060 5608 hic
3109 5552 3406 5608 attendere
3436 5549 3507 5605 de
3536 5548 3647 5604 hac
3676 5562 3791 5602 sua-

2132 5648 2510 5705 tribulatione
2542 5644 2850 5716 scripsisse
2880 5642 3247 5716 prophetam,
3273 5640 3373 5698 sed
3406 5656 3509 5712 per
3538 5654 3600 5694 se
3629 5633 3783 5691 Chri-

2135 5742 2265 5793 tum
2286 5734 2574 5793 intellexit
2600 5750 2612 5788 :
2640 5750 2743 5804 per
2763 5731 3105 5803 speluncam
3138 5731 3197 5786 in
3221 5746 3338 5802 qua
3371 5725 3569 5796 latuit,
3586 5725 3781 5783 huma-
