3936 6380
196 461 317 522 389

1362 410 1862 524 EXPLANATIO
1906 459 1984 521 IN
2027 460 2412 525 PSALMOS.

3500 467 3618 530 390

197 595 297 664 cit,
332 594 416 652 sic
446 592 531 651 illi
562 595 677 652 cito
725 594 1024 665 deficient,
1061 599 1119 651 et
1167 612 1272 669 per
1313 595 1423 651 hoc
1472 595 1542 650 ad
1592 593 1843 649 nihilum
1877 593 1929 660 Α
1960 610 2073 666 que
2103 593 2410 667 disperdas
2442 595 3007 670 David,corrumpas
3037 612 3288 670 regnum
3311 598 3617 670 Christi,id

197 682 450 753 devient,
484 683 627 757 quia
676 683 831 740 Deus
863 707 891 733 ‹‹
927 683 1181 739 intendit
1228 701 1433 740 arcum
1484 700 1683 750 suum,
1716 705 1743 731 ››
1794 682 1850 737 id

198 775 290 828 est
320 771 546 844 paravit
572 771 894 828 vindictam
926 788 1097 828 suam
1136 796 1155 822 ι
1190 773 1373 829 donec
1405 772 1797 839 inﬁrmentur,
1822 791 1850 819 »

199 859 259 916 id
292 865 381 917 est
412 864 831 917 convertantur
861 861 928 917 sd
960 861 1168 917 Deum.

276 950 669 1006 «Auferentur
686 948 863 1006 etiam
887 948 1040 1006 sicut
1052 966 1184 1006 cera
1195 966 1321 1022 quae
1346 949 1493 1017 fluit,
1513 971 1540 999 ››
1562 966 1688 1022 quae
1703 948 1856 1004 sicut

198 1054 337 1095 cera
347 1037 854 1108 adnihilabuntur,
872 1038 1010 1112 quia
1030 1038 1089 1094 in
1103 1038 1298 1113 ignem
1320 1044 1603 1094 aeternum
1622 1039 1857 1094 descen-

200 1127 365 1196 dent,
398 1125 528 1183 ideo
555 1127 913 1197 auferentur,
947 1126 1088 1200 quia
1120 1150 1147 1179 ‹‹
1180 1126 1354 1200 ignis,
1392 1150 1420 1177 »
1452 1128 1509 1183 id
1550 1130 1638 1183 est
1683 1126 1857 1191 ardor

201 1215 694 1289 concupiscentiae
725 1232 927 1272 eorum
963 1239 984 1265 ι
1020 1214 1229 1272 cecidit
1264 1238 1289 1265 »
1324 1233 1502 1289 super
1530 1232 1649 1286 eos,
1677 1238 1705 1265 ‹‹
1738 1217 1794 1269 et
1827 1235 1855 1263 ››

202 1304 334 1362 ideo
361 1327 383 1354 ι
410 1320 526 1361 non
557 1303 829 1360 viderunt
860 1304 1118 1373 solum,»
1141 1304 1196 1360 id
1218 1308 1306 1359 est
1324 1303 1621 1360 Christum
1640 1319 1755 1358 non
1768 1317 1859 1357 co-

203 1397 551 1468 gnoverunt.
572 1393 675 1449 I‘Iic
706 1391 986 1449 convertit
1009 1409 1070 1450 se
1100 1392 1173 1449 ad
1192 1409 1312 1448 eos.
1332 1391 1732 1448 Continuatio:
1754 1390 1860 1447 Su-

202 1500 310 1557 per
328 1500 427 1540 eos
448 1482 657 1539 cecidit
679 1482 855 1556 ignis,
874 1487 932 1538 et
954 1481 1063 1537 hoc
1085 1480 1430 1555 priusquam
1455 1477 1859 1553 intelligeretis

204 1590 311 1647 per
339 1576 578 1646 peccata
605 1575 799 1628 vestra
821 1588 925 1628 vos
954 1585 1083 1628 esse
1114 1570 1469 1643 puniendos,
1495 1574 1554 1626 et
1584 1569 1693 1625 hoc
1719 1572 1808 1623 est
1842 1582 1856 1622 :

205 1662 553 1735 priusquam
586 1684 614 1710 ‹‹
649 1659 830 1734 spinae
862 1664 1091 1728 vestrae,
1128 1682 1155 1709 ››
1182 1659 1243 1713 id
1279 1663 1369 1715 est
1400 1662 1641 1733 peccata
1670 1661 1863 1713 vestra

207 1773 236 1802 «ι
271 1750 663 1824 intelligerent
684 1772 713 1799 »
745 1765 808 1805 se
839 1766 966 1806 esse
991 1772 1018 1799 «
1038 1764 1337 1815 ramnum,
1356 1771 1383 1797 »
1416 1748 1473 1803 id
1496 1751 1587 1803 est
1602 1761 1863 1820 pungen-

206 1840 311 1897 tia.
332 1839 599 1896 Ramnus
622 1842 711 1895 est
730 1838 934 1905 herba,
958 1838 1121 1911 prius
1144 1836 1360 1905 mollis,
1389 1836 1601 1892 deinde
1627 1834 1863 1908 quando

208 1927 574 1997 maturescit,
607 1928 783 1983 habet
812 1926 1192 1984 acutissimos
1223 1925 1475 1994 aculeos,
1511 1924 1594 1982 sic
1626 1926 1863 1997 peccata

208 2017 376 2093 prius
408 2020 546 2074 sunt
567 2016 859 2086 mollia,et
889 2015 1200 2085 delectant,
1217 2019 1274 2071 et
1291 2008 1863 2086 deinde'gravissime

208 2105 648 2182 pungunt.Alia
675 2104 983 2162 translatio
1005 2105 1155 2161 hanc
1180 2103 1531 2160 sententiam
1553 2100 1865 2157 manifeste

209 2198 543 2264 conﬁrmat,
559 2212 687 2269 quae
720 2199 830 2261 est,
850 2194 1195 2268 priusquam
1228 2192 1409 2265 spiam
1432 2195 1634 2248 vestra:
1657 2189 1866 2263 produ‘

209 2290 349 2341 cant
374 2302 671 2341 ramnum.
706 2284 808 2341 Vel
842 2282 1013 2340 aliter
1044 2300 1057 2338 ε
1092 2283 1231 2339 Dico
1263 2282 1622 2349 auferantur,
1647 2283 1705 2335 et
1734 2294 1865 2334 vere

208 2392 314 2430 vos
361 2374 706 2431 auferemini
758 2373 932 2430 citius
981 2390 1157 2446 quam
1208 2372 1446 2445 putetis,
1497 2375 1555 2427 et
1602 2369 1711 2425 hoc
1754 2372 1862 2434 est,

211 2488 241 2515 «
278 2464 442 2537 prius
476 2463 842 2533 auferemini,
877 2480 1056 2537 quam
1089 2463 1271 2536 spinas
1305 2466 1510 2517 vestrae
1541 2460 1868 2532 producant

208 2569 548 2622 ramnum,»
564 2552 619 2608 id
640 2551 975 2608 estveniant
991 2552 1064 2607 ad
1084 2548 1586 2618 maturitatem,ad
1599 2563 1870 2605 consum-

207 2642 537 2699 mationem
569 2641 867 2714 nequitia,
901 2641 1032 2698 dico
1064 2641 1423 2708 auferentur,
1444 2656 1549 2711 per
1580 2638 1689 2694 hoc
1712 2636 1868 2694 scili-

208 2736 328 2800 cet,
349 2731 503 2804 quod
527 2754 553 2781 ‹‹
579 2731 854 2787 absorbet
874 2746 993 2799 eos,
1032 2752 1060 2778 ››
1084 2729 1142 2784 id
1165 2732 1253 2785 est
1273 2729 1533 2783 destruet
1553 2744 1672 2795 eos,
1697 2725 1865 2798 quasi

206 2817 475 2890 absorpti
511 2817 631 2873 sint
659 2834 693 2873 a
725 2821 898 2884 terra,
933 2816 1205 2871 absorbet
1235 2815 1363 2869 dico
1397 2836 1424 2863 ‹‹
1459 2812 1689 2869 sicutin
1713 2813 1866 2880 ira,»

206 2906 273 2962 id
306 2911 397 2961 est
426 2905 639 2962 similis
671 2905 839 2972 irato,
874 2909 932 2959 et
962 2904 1109 2959 bene
1140 2904 1304 2969 dicit,
1338 2903 1508 2971 sicut,
1543 2902 1681 2974 quia
1712 2902 1867 2957 Deus

207 3010 519 3067 nunquam
562 2993 748 3048 iratus
778 2996 884 3060 est,
920 2991 1081 3064 ipsos
1109 2991 1254 3047 dicit
1285 3009 1400 3046 non
1451 2991 1729 3057 viventes,
1764 2989 1866 3044 sed

206 3108 238 3135 «ι
278 3084 436 3137 sicut
460 3081 718 3136 viventes
752 3104 779 3130 »
812 3080 951 3153 quia
982 3097 1094 3136 non
1128 3096 1259 3136 vere
1298 3079 1522 3145 vivunt,
1555 3078 1657 3134 sed
1688 3078 1866 3134 etiam

207 3174 265 3230 si
296 3171 556 3226 viventes
586 3169 841 3225 exterius
872 3168 1196 3237 vidcantur,
1222 3171 1418 3224 tamen
1449 3167 1698 3223 interius
1720 3183 1869 3222 mor-

206 3261 302 3318 tui
338 3263 498 3328 sunt,
532 3257 671 3331 quia
700 3261 903 3315 carent
930 3258 1069 3327 vita,
1104 3275 1231 3331 quae
1261 3257 1415 3314 Deus
1445 3260 1553 3314 est.

1891 1976 1940 2042 B

1963 686 2053 738 est
2083 683 2376 739 Christum
2413 701 2425 740 :
2462 684 2522 739 in
2553 684 2711 740 tituli
2744 684 3144 758 inscriptione,
3182 690 3409 743 mutata
3433 706 3466 743 a
3489 688 3617 762 qui»

1963 771 2237 841 busdam,
2272 776 2412 828 tunc
2443 774 2678 846 quando
2712 773 2872 845 Saul,
2907 773 2964 829 id
2998 779 3087 830 est
3129 773 3421 845 diabolus,
3456 777 3621 834 misit

1963 858 2202 929 milites,
2236 864 2292 916 et
2320 861 2637 917 custodivit
2666 863 2935 929 domum,
2967 861 3024 918 id
3057 867 3146 919 est
3174 863 3388 920 Christi
3421 865 3617 939 sepul-

1964 963 2152 1017 crum,
2174 953 2239 1004 ut
2259 948 2610 1006 interficeret
2630 968 2788 1020 eum,
2802 950 2861 1006 id
2883 955 2974 1007 est
2994 952 3618 1025 exstingueretfamam

1969 1036 2118 1108 ejus.
2136 1037 2297 1094 Hanc
2328 1055 2566 1096 causam
2600 1040 2934 1116 habuerunt
2953 1041 3216 1114 quidam,
3236 1060 3415 1115 quare
3434 1047 3621 1101 muta-

1968 1130 2180 1183 verunt
2211 1127 2473 1197 titulum,
2503 1128 2643 1201 quia
2668 1130 2944 1186 videbant
2972 1147 3107 1185 eum
3138 1135 3530 1202 mortuum,et
3558 1132 3619 1190 in

1965 1213 2234 1287 sepulcro
2259 1216 2539 1288 positum.
2574 1217 2816 1274 Materia
2853 1216 3121 1275 Christus
3149 1223 3256 1289 est,
3289 1221 3361 1277 de
3392 1239 3507 1294 qua
3536 1221 3621 1278 sic

1966 1301 2200 1375 agitzln
2232 1303 2425 1376 prima
2446 1309 2608 1378 parte
2638 1305 2787 1379 petit
2805 1304 3208 1363 liberationem
3240 1312 3299 1364 et
3319 1308 3620 1366 exaltatio-

1967 1406 2124 1446 nem.
2145 1392 2206 1447 In
2240 1394 2499 1451 secunda
2528 1399 2692 1467 parte
2723 1394 3162 1451 conversionem
3194 1397 3622 1471 gentium,quze
3650 1383 3659 1388 ’

1967 1493 2036 1533 ex
2068 1477 2170 1534 illa
2197 1480 2547 1537 exaltatione
2577 1486 2634 1538 et
2664 1480 3009 1538 liberatione
3042 1483 3324 1555 procedit,
3358 1501 3486 1558 qua:
3540 1486 3622 1542 ibi

1968 1566 2083 1622 inci
2091 1567 2197 1641 pit.
2218 1592 2245 1619 ‹‹
2262 1571 2683 1627 Convertentur
2693 1571 2764 1627 ad
2780 1587 3089 1644 vesperum
3099 1614 3112 1627 .
3131 1594 3160 1621 ››
3173 1572 3235 1628 In
3256 1574 3427 1631 tertia
3436 1579 3622 1648 parte,

1970 1658 2471 1715 conversationem
2502 1660 3009 1733 Judzeorum,quze
3040 1663 3130 1717 est
3159 1660 3259 1730 ibi,
3286 1665 3344 1717 et
3373 1663 3444 1719 de
3461 1679 3624 1719 exse-

1970 1744 2230 1801 cratione
2278 1750 2335 1802 et
2383 1748 2710 1804 mendacio.
2764 1749 2828 1804 In
2877 1752 3086 1820 quarta
3133 1754 3320 1821 parte,
3361 1750 3621 1821 laudem,

1970 1847 2149 1904 quam
2181 1837 2342 1890 totus
2372 1836 2637 1892 Christus
2667 1836 2783 1891 Deo
2818 1835 2950 1892 inde
2982 1836 3159 1892 faciat
3202 1855 3305 1910 pro
3333 1856 3443 1895 sua
3474 1838 3621 1896 libe-

1970 1921 2214 1991 ratione,
2247 1927 2304 1978 et
2330 1925 2669 1981 Judaaorum
2699 1929 2757 1981 et
2787 1925 3052 1998 gentium
3083 1926 3623 2001 conversione,qute

1974 2009 2052 2065 ibi
2084 2010 2291 2085 incipit
2321 2029 2335 2068 :
2369 2036 2395 2062 ‹‹
2430 2014 2547 2086 Ego
2589 2018 2786 2069 autem
2837 2013 3085 2069 cantabo
3136 2014 3560 2074 fortitudinem.
3594 2040 3624 2067 »

1974 2098 2222 2155 Intentio
2252 2105 2361 2168 est,
2398 2118 2468 2157 ne
2515 2102 2823 2176 disperdas
2867 2102 3070 2158 David.
3102 2103 3225 2160 Vox
3275 2105 3508 2178 capitis,
3539 2106 3624 2162 sic

1973 2205 2077 2262 pro
2125 2207 2235 2245 sua
2281 2189 2623 2247 liberatione
2672 2190 2939 2247 orantis:
2984 2214 3011 2241 ‹‹
3044 2191 3201 2248 Deus
3246 2209 3433 2261 meus,
3465 2195 3625 2268 eripe

1974 2295 2068 2334 me
2118 2302 2147 2329 ‹‹
2182 2296 2284 2351 per
2328 2283 2490 2335 tuam
2538 2296 2815 2353 magnam
2864 2281 3207 2353 potentiam,
3243 2299 3314 2339 ne
3354 2282 3451 2338 isti
3486 2282 3626 2339 mali

1975 2367 2206 2440 possint
2233 2369 2599 2425 conformare
2630 2366 2739 2423 sibi
2776 2384 2790 2424 :
2826 2391 2853 2418 «
2888 2369 2961 2425 de
2991 2368 3249 2426 inimicis
3280 2371 3525 2441 meis,et
3554 2372 3626 2428 ab

1976 2456 2421 2530 insurgentibus
2452 2457 2509 2512 in
2544 2474 2638 2512 me
2667 2456 2852 2514 libera
2883 2473 2996 2513 me.
3032 2480 3061 2508 »

2048 2568 2077 2596 ‹‹
2110 2546 2281 2619 Eripe
2303 2564 2395 2602 me
2415 2546 2485 2602 de
2507 2546 2890 2618 operantibus
2912 2545 3307 2619 iniquitatem,
3323 2549 3470 2605 etde
3490 2548 3628 2605 viris

1976 2634 2323 2707 sanguinem
2358 2634 2518 2691 salva
2548 2652 2660 2690 me.
2689 2658 2716 2684 »
2749 2634 2976 2691 Inimici
3010 2640 3170 2705 sunt,
3189 2636 3291 2709 qui
3314 2637 3498 2694 solam
3530 2656 3628 2694 vo—

1976 2723 2262 2780 luntatem
2295 2724 2515 2780 habent
2546 2724 2792 2780 nocendi
2840 2741 2979 2797 erga
3030 2727 3384 2798 preaimum.
3430 2728 3629 2783 Insur~

1977 2816 2202 2885 gentes,
2240 2813 2338 2886 qui
2380 2814 2507 2886 jam
2568 2813 2847 2869 commoti
2898 2820 3039 2869 sunt
3089 2814 3281 2871 furore
3329 2820 3387 2871 et
3425 2816 3530 2885 ira,
3565 2820 3631 2873 ut

1978 2902 2136 2958 mala
2186 2902 2419 2969 faciant,
2474 2917 2581 2957 nec
2628 2906 2823 2957 tamen
2859 2901 3081 2956 faciunt
3115 2919 3127 2958 :
3162 2904 3629 2960 contradicentes

1976 2992 2170 3058 verbo,
2203 2989 2573 3061 iniquitatem
2606 2993 2936 3062 operantes,
2971 2989 3072 3061 qui
3118 2990 3425 3047 actualiter
3474 2993 3631 3049 mala

1977 3077 2260 3150 inferunt,
2292 3077 2398 3132 viri
2429 3078 2778 3151 sanguinem
2812 3081 2970 3145 sunt,
3005 3076 3107 3150 qui
3151 3078 3408 3136 furorem
3449 3098 3625 3139 suum

1978 3167 2133 3223 circa
2161 3166 2469 3222 hominum
2501 3166 2963 3223 interfectionem
2995 3167 3345 3239 perducunt.
3377 3170 3449 3227 Et
3476 3187 3626 3244 opus

1978 3261 2068 3313 est
2097 3260 2162 3311 ut
2190 3256 2424 3357 eripias,
2458 3280 2485 3307 «
2520 3256 2661 3329 quia
2686 3273 2817 3313 ecce
2848 3278 2876 3305 ››
2910 3255 2967 3311 in
2998 3256 3308 3314 manifesto
3348 3262 3437 3315 est
3468 3283 3495 3311 α
3529 3276 3628 3317 ee-

289 3373 317 3401 ‹‹
354 3346 689 3417 Laetabitur,
719 3370 745 3397 »
777 3348 949 3403 tertia
976 3364 1134 3420 pars.
1161 3346 1316 3403 Deus
1345 3346 1428 3402 ita
1454 3344 1777 3402 vindicabit
1805 3360 1868 3401 se
1898 3342 1941 3409 C
1979 3348 2192 3418 perunt
2219 3342 2476 3401 animam
2511 3362 2703 3401 meam
2737 3346 2934 3414 fortes,
2973 3368 3002 3395 »
3034 3345 3091 3401 id
3124 3349 3214 3402 est
3240 3347 3630 3417 dzemones,et

213 3441 291 3496 de
319 3438 428 3507 eis,
460 3461 488 3488 ‹‹
511 3437 718 3509 justus
750 3458 778 3485 »
810 3439 1007 3492 autem
1040 3460 1069 3486 ‹‹
1103 3452 1237 3490 cum
1268 3434 1479 3491 viderit
1507 3434 1659 3490 hanc
1688 3432 1872 3489 vindi-

215 3537 396 3595 ctam,
428 3524 725 3582 lzetabitur
755 3547 783 3575 ››
817 3523 1211 3592 consentiens,
1262 3522 1474 3579 divina
1513 3521 1782 3595 justitiaa,
1814 3525 1873 3579 et

217 3640 247 3668 «ι
283 3614 521 3684 lavabit,
555 3637 583 3665 ››
615 3614 673 3669 id
704 3617 794 3670 est
822 3612 1098 3686 purgabit
1127 3636 1154 3663 «
1192 3629 1404 3668 manus
1436 3628 1596 3680 suas,
1633 3634 1660 3660 »
1692 3610 1750 3666 id
1781 3614 1873 3667 est

216 3703 588 3778 Operationes
617 3719 756 3760 suas
787 3726 816 3753 ‹‹
849 3701 909 3757 in
942 3700 1229 3775 sanguine
1258 3701 1602 3774 peccatoris,
1637 3722 1664 3750 »
1693 3698 1753 3756 id
1783 3703 1873 3756 est

215 3794 278 3849 in
311 3792 778 3849 consideratione
811 3789 1140 3864 sanguinis,
1174 3789 1231 3845 id
1264 3794 1353 3846 est
1376 3788 1642 3845 vindictae
1692 3806 1871 3862 quam

217 3882 374 3938 Deus
406 3884 603 3936 sumet
642 3881 712 3937 de
760 3883 1085 3952 peccatore,
1120 3902 1149 3929 «
1183 3883 1240 3935 et
1288 3879 1440 3934 dicet
1487 3879 1662 3935 homo
1696 3902 1723 3929 ››
1776 3878 1873 3934 ille

217 3994 245 4021 «ι
282 3971 332 4027 si
365 3970 591 4026 fructus
622 3974 712 4026 est
732 3970 896 4042 justo
930 3992 957 4018 ››
990 3969 1061 4023 de
1073 3968 1312 4041 justitia
1342 3973 1464 4040 tua,
1484 3968 1872 4041 quod'utique

214 4062 328 4128 est,
361 4062 503 4115 tunc
534 4081 562 4109 «
597 4057 801 4131 utique
832 4058 987 4113 Deus
1014 4062 1105 4113 est
1144 4058 1427 4130 judicans
1468 4074 1568 4113 eos
1598 4078 1637 4130 nt
1662 4056 1871 4129 malos,

213 4148 277 4205 id
312 4151 403 4204 est
432 4150 711 4221 reputans
743 4146 952 4220 dignos
1001 4145 1379 4202 damnatione
1412 4162 1426 4202 :
1461 4169 1489 4196 «
1520 4145 1581 4201 in
1630 4149 1805 4215 terra,
1842 4167 1871 4196 ››

214 4237 275 4294 id
304 4239 396 4294 est
422 4236 564 4292 dum
592 4234 797 4292 vivunt
825 4235 884 4290 in
914 4235 1023 4292 hoc
1054 4233 1288 4291 saeculo.

698 4342 772 4400 ΙΝ
813 4341 1163 4400 PSALMUM
1204 4341 1399 4398 LVIII.

215 4435 498 4516 Trruws.
523 4432 589 4488 In
615 4431 787 4516 ﬁqen'z‘
808 4429 1185 4516 nedz‘sperdas
1213 4430 1387 4516 David
1415 4431 1475 4516 ia
1502 4431 1653 4516 tituli
1682 4430 1876 4516 inscri-

287 4501 725 4579 ptione,qu
750 4501 886 4559 Saul
914 4501 1070 4559 misit
1097 4510 1150 4560 et
1178 4502 1466 4560 custodivit
1495 4501 1713 4559 domum
1735 4504 1874 4576 ejus,

291 4576 357 4633 at
382 4576 713 4648 ἐπιθέμενοι
728 4590 875 4632 eum.

294 4706 327 4777 “.
356 4682 528 4777 Eripe
551 4698 673 4777 ine.-
690 4704 719 4732 ἰ
744 4680 1035 4777 Tangis?
1063 4679 1159 4777 113°
1189 4678 1418 4777 aliquid.
1439 4680 1514 4777 sle.
1541 4682 1876 4777 θεῖνεοενθ·
1907 4710 1954 4777 ι)

217 4771 330 4831 teri
360 4770 625 4828 historia.
642 4769 883 4845 Legitur
910 4768 1069 4826 enim
1100 4767 1161 4825 in
1192 4768 1369 4825 veteri
1402 4768 1650 4825 historia
1668 4770 1717 4838 (Ι
1750 4770 1873 4842 Reg.

217 4861 338 4936 ιιι)
368 4861 526 4934 quod
555 4859 737 4916 David
771 4858 1000 4933 fugiens
1047 4856 1207 4928 Saul,
1236 4856 1488 4930 perrexit
1534 4858 1607 4914 ad
1662 4856 1876 4914 Michol

219 4967 464 5010 uxorem
476 4966 668 5019 suam,
681 4948 741 5004 in
756 4949 1077 5021 quamdam
1092 4948 1334 5004 domum
1350 4963 1518 5003 suam
1537 4964 1550 5014 ;
1566 4946 1720 5018 quod
1739 4962 1875 5001 cum

218 5040 363 5099 Saul
394 5038 783 5114 cognovisset,
817 5036 953 5094 fecit
983 5037 1226 5093 domum
1257 5033 1559 5107 custodiri,
1590 5050 1664 5090 ne
1693 5034 1874 5091 David

220 5132 424 5204 posset
453 5128 720 5194 evadere,
752 5131 811 5183 et
841 5125 1192 5182 interficeret
1222 5141 1380 5180 eum.
1414 5123 1567 5180 Uxor
1605 5141 1715 5180 sua
1740 5139 1875 5180 vero

222 5219 336 5277 hoc
366 5217 758 5291 perpendens,
772 5214 969 5273 emisit
988 5231 1123 5271 eum
1146 5231 1249 5287 per
1268 5213 1609 5282 fenestram,
1623 5217 1679 5269 et
1698 5212 1783 5271 sic
1802 5211 1876 5268 li-

220 5309 463 5366 beratus
493 5323 651 5363 eum.
668 5306 772 5369 Per
805 5305 916 5362 hoc
937 5304 1094 5377 quod
1116 5302 1296 5360 David
1319 5301 1405 5360 ita
1432 5303 1547 5359 fuit
1567 5301 1879 5360 circumse-

221 5401 364 5472 ptus
395 5396 455 5453 in
486 5397 661 5452 domo
687 5412 815 5463 sua,
836 5392 1313 5465 intellexit,quod
1343 5390 1878 5449 Christuscustodi—

223 5490 388 5544 retur
416 5502 451 5542 a
480 5483 773 5540 ministris
805 5482 968 5552 Saul,
1002 5481 1061 5537 i'd
1114 5486 1204 5539 est
1241 5479 1483 5548 diaboli,
1515 5480 1575 5536 in
1608 5480 1875 5554 sepulcro

223 5592 352 5646 suo,
367 5579 434 5633 ut
462 5573 797 5632 occiderent
812 5588 969 5642 eum,
988 5570 1047 5627 id
1080 5573 1252 5629 estut
1280 5570 1498 5627 famam
1520 5570 1649 5643 ejus
1664 5570 1879 5627 exstin-

221 5661 749 5741 guerunt.’l‘itulus
776 5661 860 5718 ita
886 5659 1127 5735 legitur:
1153 5658 1424 5718 Psalmus
1455 5658 1567 5717 iste
1596 5658 1787 5716 tendit
1813 5658 1875 5717 in

219 5754 425 5828 ﬁnem,
439 5752 500 5813 id
530 5755 621 5815 est
647 5751 710 5813 in
740 5749 1042 5811 Christum
1073 5750 1419 5826 admonens,
1440 5764 1512 5809 ne
1532 5751 1596 5809 tu
1620 5748 1876 5829 quicun-

1979 3434 2274 3507 principes
2324 3434 2663 3491 Judaeorum
2715 3458 2742 3484 ‹‹
2776 3434 3073 3491 irruerunt
3101 3435 3160 3491 in
3195 3453 3308 3506 me,
3363 3461 3391 3488 ››
3440 3437 3498 3494 id
3541 3442 3631 3495 est

1981 3524 2266 3596 impetum
2300 3524 2565 3580 fecerunt
2594 3524 2720 3581 sine
2751 3522 2911 3580 omni
2942 3523 3187 3581 ratione.

2053 3637 2079 3663 «
2115 3614 2313 3686 Neque
2345 3612 2642 3686 iniquitas.
2684 3636 2713 3663 »
2742 3613 2991 3670 Ostensa
3019 3612 3369 3672 necessitate
3403 3633 3523 3672 sua:
3554 3615 3630 3672 li-

1981 3702 2323 3771 berationis,
2353 3704 2612 3759 ostendit
2642 3703 2943 3772 meritum,
2975 3720 3154 3776 quare
3184 3705 3430 3777 dignum
3462 3705 3538 3761 sit
3567 3711 3635 3764 ut

1981 3790 2282 3863 eripiatur.
2313 3791 2685 3848 Continuatio
2719 3809 2732 3847 :
2766 3792 2905 3848 Dico
2937 3792 3115 3865 eripe,
3147 3792 3347 3861 libera,
3365 3793 3502 3864 quia
3521 3793 3632 3850 hoc

1982 3882 2138 3953 quod
2174 3880 2318 3935 mihi
2350 3881 2594 3948 faciunt,
2611 3904 2637 3930 «
2670 3898 2857 3953 neque
2891 3904 2917 3930 ››
2950 3887 3038 3936 est
3068 3904 3096 3931 «
3130 3881 3412 3953 iniquitas
3435 3897 3633 3950 mea,»

1982 3970 2041 4025 id
2074 3974 2161 4025 est
2194 3987 2380 4041 neque
2412 3968 2641 4042 peccavi
2674 3968 2733 4023 in
2766 3969 2850 4025 eis
2880 3969 3200 4038 voluntate,
3234 3986 3424 4041 neque
3473 3973 3630 4040 actu,

1982 4063 2039 4114 et
2068 4059 2176 4114 hoc
2208 4062 2315 4128 est,
2351 4080 2380 4108 «
2414 4074 2603 4129 neque
2633 4061 2936 4128 peccatum
2969 4057 3521 4126 meum,Domine:»
3543 4058 3634 4116 vel

1980 4145 2264 4218 iniquitas
2295 4151 2582 4218 quantum
2614 4145 2685 4201 ad
2716 4146 3072 4218 proximum,
3107 4163 3295 4219 neque
3325 4150 3632 4219 peccatum

1982 4236 2055 4292 ad
2088 4252 2182 4291 me
2212 4234 2431 4308 ipsum,
2446 4234 2692 4303 scilicet,
2713 4251 2902 4308 neque
2923 4235 3156 4309 peccavi
3173 4240 3376 4292 contra
3398 4252 3516 4304 eos,
3532 4253 3633 4291 ne-

1982 4341 2097 4398 que
2126 4323 2188 4379 in
2220 4339 2314 4379 me
2337 4322 2486 4397 ipso,
2520 4340 2701 4397 quare
2730 4323 2843 4397 ipsi
2875 4324 3128 4381 debeant
3149 4324 3293 4381 mihi
3326 4327 3447 4382 haec
3478 4323 3635 4381 mala

1984 4414 2192 4481 facere,
2209 4412 2310 4469 sed
2333 4412 2529 4484 potius
2554 4434 2582 4462 ‹‹
2609 4411 2864 4483 cucurri,
2887 4436 2914 4462 ››
2929 4412 2987 4469 id
3008 4417 3115 4483 est,
3132 4411 3421 4469 malitiam
3439 4428 3632 4470 meam

1983 4500 2203 4574 explevi
2236 4524 2264 4551 «
2286 4499 2412 4557 sine
2438 4499 2749 4572 iniquitate
2769 4522 2796 4549 »
2829 4499 3072 4569 scilicet,
3087 4500 3236 4557 nihil
3256 4500 3429 4556 malis
3445 4498 3531 4557 eis
3550 4499 3635 4557 in-

1984 4589 2118 4660 tuli,
2140 4593 2197 4646 et
2226 4606 2341 4646 non
2372 4592 2604 4645 tantum
2636 4589 2793 4646 mala
2821 4606 2936 4645 non
2968 4588 3168 4656 intuli,
3191 4590 3293 4646 sed
3321 4590 3477 4647 bona
3499 4590 3630 4662 feci,

1984 4684 2040 4737 et
2070 4678 2182 4736 hoc
2210 4682 2317 4747 est,
2354 4701 2381 4729 ‹‹
2417 4682 2475 4734 et
2504 4677 2686 4734 direxi
2720 4701 2747 4728 ››
2778 4676 3008 4751 aliquos
3045 4677 3309 4752 exemplo
3355 4683 3413 4735 et
3460 4680 3633 4736 docu-

1987 4772 2286 4838 mento,ut
2315 4768 2388 4824 ad
2413 4768 2568 4824 viam
2597 4783 2729 4824 vere
2757 4766 3108 4840 cognitionis
3141 4769 3541 4824 ascenderant.
3562 4769 3632 4827 Et

1985 4860 2123 4931 quia
2147 4858 2236 4925 sic
2266 4857 2519 4925 cucurri,
2561 4874 2593 4912 ο
2645 4856 2909 4925 Domine,
2943 4855 3041 4929 qui
3070 4860 3212 4913 tunc
3240 4856 3454 4914 videris
3494 4858 3632 4915 dor-

1984 4947 2183 5015 misse,
2199 4946 2446 5003 Domino
2470 4963 2561 5002 me
2574 4945 3242 5019 permitterestribulari,
3259 4970 3289 4997 ‹‹
3312 4946 3631 5021 exsurgein

1985 5053 2297 5093 occursum
2328 5052 2548 5105 meum,
2586 5058 2615 5085 »
2645 5034 2703 5091 id
2736 5040 2825 5092 est
2866 5052 3103 5093 occurre
3154 5035 3301 5091 mihi
3347 5036 3495 5093 bene
3543 5053 3632 5093 re-

1986 5124 2370 5182 munerando.
2407 5123 2675 5180 Occurrit
2704 5129 2853 5181 Deus
2883 5124 3054 5181 Pater
3100 5123 3350 5194 Christo,
3381 5126 3632 5182 resusci-

1984 5216 2162 5271 tando
2191 5213 2436 5282 eum,de
2466 5211 2675 5268 militia
2704 5213 2854 5269 bene
2884 5214 3338 5270 remunerando:
3363 5213 3634 5272 Christus

1985 5302 2326 5373 Patri,bene
2355 5301 2740 5374 promerendo
2765 5319 2777 5358 :
2800 5318 3047 5376 exsurge
3076 5301 3205 5359 dico
3228 5326 3255 5354 «
3282 5307 3338 5358 et
3355 5302 3507 5371 vide,
3526 5326 3554 5353 ››
3571 5302 3631 5360 id

1984 5396 2075 5448 est
2104 5392 2194 5448 fac
2224 5389 2370 5448 alios
2397 5390 2593 5446 videre
2622 5393 2679 5447 et
2708 5406 3055 5464 cognoscere
3076 5407 3269 5448 meam
3289 5390 3634 5449 exsultatio-

1985 5497 2142 5550 nem,
2159 5482 2225 5535 ut
2252 5478 2390 5534 licet
2417 5478 2734 5550 aliquando
2763 5478 3047 5535 vidissent
3062 5495 3156 5536 me
3172 5479 3538 5552 depressum,
3552 5484 3636 5537 ta-

1984 5587 2119 5627 men
2150 5568 2325 5625 modo
2356 5571 2712 5640 cognoscant
2742 5584 2835 5625 me
2866 5584 3062 5641 regem
3078 5568 3477 5636 Judmorum,«
3497 5573 3555 5626 et
3569 5573 3634 5627 tu

1984 5658 2248 5728 Domine,
2280 5655 2540 5726 intende,
2576 5678 2605 5706 »
2634 5655 2693 5712 id
2726 5660 2817 5714 est
2848 5655 3139 5715 intentum
3171 5661 3228 5715 te
3256 5658 3449 5733 praebe
3497 5682 3528 5712 ‹‹
3559 5659 3635 5719 ad

1981 5747 2304 5811 visitandas
2332 5762 2535 5808 omnes
2570 5749 2796 5825 gentes,
2832 5768 2861 5801 »
2893 5761 3022 5825 qua
3049 5746 3297 5810 inﬁrme
3327 5751 3468 5810 sunt
3495 5763 3635 5814 ono-
