3936 6372
365 426 481 489 391

743 421 1150 484 HAYMONIS
1197 417 1740 479 HALBERSTAT.
1790 415 2036 475 EPISC.
2087 417 2259 477 OPP.
2305 418 2505 478 PARS
2552 419 2600 479 Ι.
2649 451 2728 466 -
2769 421 3176 482 COMMENT.
3222 423 3421 483 BIBL.

358 562 508 614 rrata:
538 556 809 629 peccatis,
843 558 902 608 et
932 553 1060 607 ideo
1100 567 1249 623 opus
1295 553 1385 605 est
1433 554 1498 604 ut
1542 548 1814 602 intendas
1862 547 2016 620 aspi-
2048 549 2102 617 Α
2132 549 2276 605 tiam
2291 555 3137 626 meam,quapossumperdere
3153 553 3788 622 Judmos,«-eustodiam

370 647 644 713 rando,et
675 643 758 698 eis
790 641 1111 696 emittendo
1144 639 1573 711 praedicatores,
1590 642 1651 692 tu
1666 637 1794 691 dico
1816 660 1841 686 ‹‹
1870 637 2023 691 Deus

367 735 671 800 virtutum,
710 754 736 780 »
771 731 828 785 id
861 733 951 786 est
982 727 1347 802 angelorum,
1383 751 1410 776 ‹‹
1445 732 1500 783 et
1552 727 1706 782 Deus
1759 724 1955 792 Israel,
1996 747 2023 773 ››

368 822 425 878 id
449 826 539 877 est
572 819 873 877 Israelitici
904 816 1126 890 populi,
1162 815 1406 883 scilicet,
1439 813 1640 870 visites
1689 830 1789 868 eos
1819 812 1927 880 sic,
1960 817 2027 870 ut

367 910 549 967 facias
579 906 988 979 concorporari
1037 909 1241 978 gentes
1292 921 1427 960 cum
1477 902 1721 976 angelis,
1757 907 1815 957 et
1846 903 2025 958 etiam

365 1016 502 1054 eum
534 996 850 1054 Israelitico
879 994 1096 1068 populo
1126 995 1299 1050 visita
1329 996 1630 1066 gentes,et
1661 1015 1689 1042 (ς
1723 1009 1838 1048 non
1858 991 2028 1048 mise-

365 1088 516 1144 raris
548 1085 844 1155 omnibus,
884 1109 911 1133 ››
945 1102 1062 1140 non
1093 1083 1222 1140 dico
1252 1082 1396 1156 quin
1429 1081 1746 1154 aliquibus,
1795 1080 1896 1153 qui
1927 1097 2026 1135 vo-

364 1176 496 1233 lunt
527 1175 923 1244 converti,sed
951 1191 1067 1230 non
1100 1173 1398 1240 omnibus,
1424 1170 1667 1239 scilicet,
1694 1187 1810 1226 non
1842 1169 2025 1226 obsti-

364 1265 522 1322 natis
556 1263 878 1332 miseraris,
919 1286 941 1313 ι
975 1261 1075 1334 qui
1104 1263 1423 1334 operantur
1457 1281 1484 1310 ››
1517 1258 1813 1332 egregiam
1846 1282 1872 1308 ‹‹
1912 1258 2024 1313 ini-

364 1355 652 1428 quitatem
684 1353 934 1419 scilicet,
966 1355 1217 1408 mortem
1247 1365 1458 1406 meam.
1500 1371 1527 1397 ››
1565 1347 1669 1404 Vel
1716 1370 1744 1397 «
1780 1364 2024 1420 operan-

364 1449 464 1500 tur
491 1441 889 1516 iniquitatem,
915 1464 942 1490 ››
965 1440 1023 1495 id
1056 1444 1145 1495 est
1174 1439 1233 1494 in
1252 1456 1360 1495 sua
1381 1436 1606 1492 malitia
1630 1441 2022 1510 perseverant.

363 1531 690 1590 Obstinatio
721 1531 1058 1587 Judaeorum
1091 1527 1277 1584 valuit
1308 1527 1380 1582 ad
1409 1524 1849 1582 conversionem
1884 1542 2024 1598 gen-

361 1620 534 1678 tium.
559 1619 717 1676 Unde
741 1617 963 1674 dicitur
995 1633 1070 1672 τι(
1105 1617 1347 1672 Caecitas
1377 1615 1626 1687 contigit
1655 1614 1715 1669 in
1749 1613 2028 1681 Israe1,ut

361 1707 667 1783 plenitudo
695 1705 961 1779 gentium
992 1701 1237 1760 intraret
1266 1704 1438 1776 (Rom.
1464 1703 1562 1774 x1).
1599 1725 1626 1751 »
1671 1701 1864 1758 Posita
1895 1719 2024 1757 ora-

361 1797 520 1853 tione
554 1813 659 1869 pro
691 1793 1088 1860 conversione,
1112 1793 1279 1865 ponit
1311 1791 1766 1847 afﬁrmationem
1795 1807 2027 1846 conver-

362 1887 566 1943 sionis.
605 1881 980 1939 Continuatio
1015 1899 1027 1938 :
1061 1881 1200 1938 Dico
1249 1881 1509 1949 intende,
1555 1883 1612 1936 et
1652 1896 1785 1935 vere
1838 1879 2024 1935 inten-

360 1977 483 2044 des,
519 1973 656 2048 quia
686 1976 890 2045 gcntes
919 1994 945 2021 ι(
982 1974 1464 2026 converterentur
1499 1992 1526 2018 ››
1559 1987 1592 2024 a
1625 1986 1732 2024 sua
1777 1967 2041 2024 idolola-'

359 2065 494 2133 tria,
529 2063 602 2119 ad
634 2060 861 2118 cultum
894 2058 1017 2128 Dei,
1052 2062 1108 2115 et
1135 2058 1244 2114 hoc
1271 2082 1297 2108 ‹‹
1333 2059 1405 2114 ad
1436 2073 1767 2130 vesperum,
1794 2078 1822 2105 ››
1854 2055 1912 2111 id
1934 2059 2023 2112 est

359 2153 420 2209 in
453 2157 714 2224 tempore
759 2147 979 2223 gratiae,
1017 2170 1046 2198 «
1079 2151 1136 2203 et
1185 2147 1484 2220 patientur
1524 2146 1739 2201 famem
1775 2167 1801 2194 »
1829 2145 2019 2200 incor-

358 2242 620 2316 perando
651 2239 764 2296 sibi
798 2238 943 2293 alios
976 2260 1003 2288 ‹‹
1035 2241 1102 2292 ut
1133 2253 1307 2292 canes
1342 2258 1369 2285 ››
1401 2235 1682 2292 latrantes
1711 2235 1771 2289 in
1811 2233 2018 2308 praedi-

359 2333 590 2389 catione
621 2328 742 2399 Dei,
779 2351 806 2377 «
841 2333 899 2383 et
929 2326 1263 2383 circuibunt
1292 2325 1608 2392 civitatem,
1641 2347 1667 2373 »
1700 2323 1759 2379 id
1791 2328 1878 2379 est
1909 2325 2020 2378 Ec-

357 2419 601 2477 clesiam
635 2415 1019 2472 custodiendo
1051 2430 1350 2487 magnam,
1404 2430 1476 2469 ne
1524 2412 1658 2484 quis
1707 2411 2017 2468 haereticus

355 2509 555 2566 locum
589 2504 980 2580 impugnandi
1014 2502 1292 2559 inveniat.

429 2598 567 2656 Dico
599 2597 815 2652 famem
846 2593 1164 2666 patientur,
1198 2596 1256 2648 et
1287 2615 1314 2642 ‹‹
1349 2609 1481 2649 0000
1516 2616 1544 2643 ››
1577 2592 1817 2660 scilicet,
1835 2590 2019 2646 mani-

355 2689 574 2746 festum
611 2689 718 2754 est,
755 2707 783 2733 ‹‹
816 2683 1134 2756 loquentur
1165 2705 1193 2731 »
1226 2681 1634 2754 praedicatione
1662 2681 1762 2736 Dei
1781 2706 1806 2730 ‹‹
1837 2681 1894 2735 in
1918 2697 2015 2736 ore

352 2796 487 2846 ευο,
526 2801 552 2825 ι,
601 2774 660 2831 id
713 2778 802 2830 est
849 2771 962 2828 sibi
1011 2771 1398 2837 convenienti,
1447 2770 1585 2842 quia
1635 2770 1790 2841 quod
1840 2770 2013 2824 verbo

355 2866 698 2942 pradicant,
733 2859 998 2933 exemplo
1029 2864 1086 2915 et
1116 2877 1288 2932 opere
1339 2860 1708 2926 conﬁrmant,
1743 2882 1768 2908 «
1804 2863 1860 2913 et
1889 2858 2012 2931 gla-

353 2957 511 3022 dius,
549 2978 576 3003 »
610 2953 669 3008 id
689 2957 778 3007 cst
807 2951 1049 3006 verbum
1083 2949 1204 3016 Dei,
1241 2965 1344 3020 per
1372 2949 1527 3021 quod
1561 2948 1837 3005 occidunt
1867 2965 2012 3020 pra:-

353 3047 645 3102 dicatores
692 3039 964 3096 inimicos
1009 3037 1226 3096 Christi
1275 3039 1839 3094 excommunicando
1889 3054 2008 3108 eos,

354 3134 733 3190 defendentes
763 3128 914 3184 ﬁlios
946 3127 1216 3184 Ecclesizn
1249 3128 1322 3183 ab
1353 3127 1758 3184 hmreticorum
1812 3128 2012 3199 impu—

353 3222 756 3297 gnationibus,
795 3219 894 3291 qui
927 3217 1199 3273 incidunt
1237 3234 1306 3272 ex
1359 3222 1607 3289 utraque
1656 3221 1822 3289 parte
1867 3217 2008 3285 (Gal.

2054 1932 2102 2000 Β

2132 655 2239 710 ego
2253 640 2324 694 ad
2342 644 2414 706 to,
2444 664 2469 687 ››
2489 639 2546 694 id
2570 643 2838 712 estjuxta
2859 642 3218 698 voluntatem
3240 649 3404 699 tuam
3427 662 3439 698 :
3475 645 3604 699 ideo
3618 645 3790 716 juxta

2131 725 2492 784 voluntatem
2506 729 2778 800 Dei,quia
2790 753 2817 780 «
2834 730 2990 786 Deus
3005 731 3262 786 ostendit
3275 731 3419 787 mihi
3435 755 3463 782 ››
3487 729 3789 788 exsistenti

2134 813 2280 870 mihi
2298 839 2325 865 ‹‹
2345 817 2810 889 superinimicos
2823 836 3005 888 meos,
3025 841 3052 868 »
3075 821 3215 892 quia
3243 821 3512 893 superior
3532 819 3648 875 illis
3669 835 3790 876 om-

2134 903 2312 959 nibus
2337 921 2519 973 eram,
2549 910 2606 960 et
2630 923 2865 977 possem
2899 924 2993 963 me
3019 907 3091 963 ad
3120 907 3357 964 libitum
3384 925 3582 964 meum
3611 908 3684 963 de
3705 907 3790 964 eis

2132 993 2451 1062 vindicare,
2471 993 2581 1050 hoc
2596 1012 2710 1049 non
2735 995 2898 1068 ponit
2925 997 3078 1068 quod
3105 997 3596 1064 ostendisset,sed
3617 1014 3688 1053 ex
3707 1014 3791 1053 se-

2134 1083 2453 1153 quentibus
2486 1088 2680 1154 potest
2710 1083 3222 1157 intelligi,scilicet
3254 1086 3409 1158 quod
3442 1085 3604 1142 utilis
3633 1089 3791 1142 esset

2132 1188 2334 1227 eorum
2370 1173 2751 1241 conservatio,
2770 1174 2898 1229 dico
2924 1178 3072 1229 Deus
3106 1174 3379 1242 ostendit,
3399 1178 3456 1230 et
3486 1175 3640 1247 quod
3662 1173 3787 1247 ipse

2132 1259 2409 1329 ostendit,
2426 1261 2606 1317 debeo
2619 1263 2829 1330 facere,
2848 1261 3033 1334 «quia
3047 1285 3074 1312 ››
3088 1263 3212 1334 ipse
3227 1287 3254 1313 ‹‹
3273 1263 3424 1319 Deus
3439 1267 3528 1319 est
3547 1279 3787 1335 suscep-

2134 1352 2224 1404 tor
2253 1366 2419 1405 meus
2453 1373 2483 1399 »
2512 1367 2647 1406 cum
2678 1367 2870 1406 meam
2897 1351 3330 1408 humanitatem
3360 1369 3478 1407 sua
3500 1351 3786 1407 divinitati

2133 1439 2436 1508 conjunxit
2467 1461 2494 1488 ‹‹
2528 1443 2584 1494 et
2614 1439 2788 1495 etiam
2832 1440 2986 1496 Deus
3019 1459 3208 1510 meus,
3245 1465 3273 1490 ››
3323 1441 3382 1496 id
3431 1445 3520 1498 est
3565 1444 3790 1497 creator

2133 1543 2301 1582 meus
2334 1550 2362 1576 ‹‹
2398 1527 2806 1584 misericordia
2832 1529 2961 1600 ejus
2990 1531 3305 1601 pra-eveniet
3335 1545 3449 1586 me.
3487 1553 3514 1579 ››
3547 1530 3790 1602 Semper

2133 1614 2289 1672 enim
2311 1615 2583 1672 Christus
2604 1618 2717 1673 fuit
2736 1622 3064 1690 praiventus
3094 1637 3128 1674 a
3159 1618 3565 1675 misericordia
3584 1619 3712 1686 Dei,
3733 1623 3788 1675 et

2132 1703 2192 1758 in
2225 1703 2354 1776 ipsa
2379 1706 2781 1778 conceptione,
2799 1711 2856 1763 et
2885 1724 3118 1781 semper
3148 1713 3352 1780 postea
3369 1709 3626 1766 ostendit
3639 1707 3786 1764 mihi

2132 1793 2307 1861 Deus,
2342 1798 2400 1849 et
2432 1799 2516 1863 tu,
2555 1795 2815 1861 Domine,
2853 1820 2880 1847 «
2917 1812 2988 1852 ne
3021 1796 3256 1854 occidas
3295 1815 3414 1866 eos,
3451 1821 3478 1847 »
3510 1797 3568 1853 id
3597 1801 3688 1853 est
3718 1814 3786 1852 ne

2133 1898 2375 1954 prorsus
2406 1883 2715 1956 disperdas
2742 1903 2840 1942 eos
2873 1886 3146 1943 inimicos
3179 1903 3361 1956 meos,
3397 1887 3524 1942 ideo
3541 1886 3652 1942 hoc
3667 1903 3787 1959 pre-

2133 1987 2254 2039 cor,
2287 1995 2313 2021 ‹‹
2351 1989 2422 2027 ne
2453 1972 2674 2044 populi,
2709 1997 2738 2023 »
2772 1974 2831 2029 id
2865 1979 2953 2030 est
3000 1975 3272 2049 gentiles,
3307 1999 3334 2025 ς(
3370 1974 3786 2032 obliviscantur

2131 2059 2266 2128 mei,
2301 2061 2558 2134 quando,
2595 2085 2624 2113 »
2671 2061 2725 2117 id
2780 2067 2870 2120 est
2916 2063 3115 2137 aliquo
3164 2069 3447 2137 tempore,
3491 2065 3627 2137 quia
3675 2064 3782 2120 etei

2131 2149 2335 2204 statim
2370 2167 2486 2206 non
2519 2149 3021 2221 obliviscerentur,
3040 2157 3162 2209 tam
3186 2158 3320 2226 post
3341 2169 3622 2226 magnum
3645 2158 3784 2209 tem-

2129 2253 2241 2309 pus
2300 2237 2788 2295 obliviscerentur
2845 2241 2960 2295 nisi
3020 2242 3305 2298 haberent
3367 2242 3622 2311 Judazos,
3683 2241 3780 2314 qui

2129 2330 2380 2381 mortem
2411 2325 2625 2382 Christi
2659 2328 3068 2401 Redemptoris
3097 2347 3206 2386 sua
3244 2331 3609 2404 dispersione
3639 2347 3780 2386 con-

2128 2414 2450 2481 firmarent,
2483 2419 2540 2470 et
2591 2413 2680 2470 lex
2725 2432 2833 2470 sua
2885 2432 3064 2486 quam
3098 2416 3340 2486 habent,
3374 2419 3779 2477 testimonium

2126 2503 2341 2560 Christi
2373 2507 2481 2560 est.
2513 2502 2638 2571 Vel,
2673 2521 2746 2560 ne
2776 2503 2978 2576 populi
3005 2506 3119 2560 mei
3154 2507 3576 2565 obliviscantur
3604 2509 3745 2566 mei.

2196 2593 2277 2648 Ne
2307 2593 2561 2662 occidas,
2597 2594 2696 2649 sed
2729 2593 2923 2665 potius
2955 2617 2982 2643 ‹‹
3015 2593 3328 2668 dispergas
3359 2596 3493 2654 illos
3525 2620 3554 2647 »
3578 2614 3684 2670 per
3703 2598 3781 2653 di-

2123 2699 2290 2738 versa
2321 2698 2519 2755 regna,
2553 2686 2611 2738 et
2640 2682 2749 2738 hoc
2781 2707 2807 2733 ‹‹
2845 2682 2902 2737 in
2932 2683 3146 2739 virtute
3178 2688 3297 2752 tua,
3337 2708 3363 2733 ››
3397 2685 3454 2740 id
3488 2691 3577 2742 est
3604 2685 3664 2740 in
3691 2703 3779 2758 po-

2122 2772 2306 2828 tentia
2335 2776 2455 2839 tua,
2489 2789 2616 2843 quae
2648 2770 2845 2844 petitio
2877 2771 3089 2828 Christi
3122 2771 3364 2845 impleta
3396 2774 3776 2846 fuit,quando

2123 2879 2222 2917 eos
2249 2861 2416 2916 Titus
2456 2865 2512 2915 et
2558 2858 2955 2932 Vespasianus
3007 2860 3429 2932 disperserunt,
3462 2866 3520 2918 et
3572 2862 3778 2934 incipit

2119 2967 2287 3006 orare
2335 2967 2438 3022 pro
2487 2949 2863 3004 conversione
2915 2966 3139 3018 eorum,
3173 2949 3375 3006 dicens
3421 2952 3532 3007 Deo
3567 2967 3580 3006 ε
3618 2976 3644 3001 ‹‹
3682 2954 3780 3007 De-

2121 3057 2271 3114 pone
2293 3043 2900 3111 eos,protectormeus
2915 3038 3160 3094 Domine
3194 3062 3222 3088 ››
3255 3039 3327 3094 de
3358 3039 3631 3112 superbia
3648 3059 3771 3095 sua.

2193 3154 2220 3180 ‹‹
2254 3128 2557 3184 Dclictum.
2578 3151 2605 3175 »
2641 3129 2870 3199 Depone
2894 3127 3255 3199 superbiam,
3275 3132 3332 3184 et
3353 3129 3529 3184 etiam
3551 3129 3775 3201 depone

2122 3241 2150 3269 ‹‹
2185 3217 2465 3274 delictum
2498 3217 2617 3273 oris
2647 3235 2872 3287 eorum,
2902 3241 2928 3266 ››
2959 3217 3016 3272 id
3044 3221 3132 3273 est
3163 3218 3358 3274 cordis
3389 3235 3588 3274 eorum
3624 3233 3637 3272 :
3678 3235 3779 3273 cor

353 3313 460 3384 III),
495 3312 653 3367 Novo
685 3307 931 3373 scilicet,
970 3310 1027 3361 et
1071 3305 1266 3361 Veteri
1317 3305 1718 3372 Testamento,
1748 3304 1858 3359 erit
1888 3329 1913 3354 «
1949 3305 2008 3360 in
2038 3301 2084 3370 C
2123 3307 2251 3362 ideo
2296 3306 2512 3362 dicitur
2557 3324 2642 3374 os,
2679 3306 2817 3378 quia
2865 3305 2990 3361 hiat
3036 3306 3098 3361 in
3147 3306 3455 3362 desideriis
3503 3306 3655 3362 sicut
3706 3323 3769 3362 os

351 3400 526 3457 labiis
557 3414 761 3454 eorum
795 3412 808 3450 :
847 3417 875 3444 »
908 3394 1036 3449 ideo
1070 3393 1444 3466 eritgladius
1477 3393 1535 3448 in
1566 3393 1739 3449 labiis
1781 3410 2006 3463 eorum,

355 3513 384 3539 ‹‹
418 3485 698 3559 quoniam
732 3482 866 3555 quis
898 3481 1122 3538 audivit
1155 3504 1184 3530 »
1216 3498 1335 3549 eos,
1372 3481 1429 3536 id
1459 3485 1548 3536 est
1596 3481 1810 3553 aliquis
1843 3481 2009 3537 audi-

352 3577 454 3645 vit,
491 3577 548 3630 id
581 3579 668 3630 est
698 3570 954 3629 obedivit
985 3569 1070 3625 eis
1120 3569 1598 3642 praedicantibus,
1634 3570 1852 3641 aliquis
1893 3587 2010 3627 non

355 3662 577 3722 audivit
607 3661 759 3729 illos,
795 3659 892 3733 qui
922 3659 1255 3724 audierunt,
1289 3658 1614 3713 defendunt
1645 3658 1858 3731 gladio,
1893 3677 2009 3715 non

353 3754 662 3810 audientes
693 3751 1062 3823 impugnant.
1095 3747 1197 3802 Vel
1231 3747 1364 3819 quis
1397 3747 1620 3802 audivit
1650 3747 2009 3820 praedicatio-

353 3862 510 3911 nem,
565 3846 885 3912 antequam
955 3843 1157 3910 gcntes
1205 3837 1488 3892 haberent
1545 3837 1810 3910 gladium
1860 3838 2012 3893 Dei?

352 3933 520 4006 quasi
572 3931 811 3998 diceret,
863 3929 982 3984 fere
1031 3926 1270 3995 nullus;
1325 3931 1381 3982 et
1431 3926 1558 3982 ideo
1607 3928 2008 3983 necessarium

352 4027 502 4090 erat,
539 4021 694 4094 quod
727 4023 932 4092 gentes
965 4017 1352 4091 prmdicarent
1382 4015 1624 4071 verbum
1660 4017 1775 4072 Dei.

423 4112 640 4168 Gentes
672 4112 1102 4174 convertentur,
1138 4129 1164 4156 «
1200 4109 1255 4160 et
1285 4104 1417 4161 illos
1453 4127 1480 4154 »
1513 4105 1613 4178 qui
1637 4123 1752 4162 non
1771 4123 2008 4162 conver-

349 4205 548 4257 tentur
578 4224 604 4249 ‹‹
627 4197 942 4266 deridebis,
965 4218 992 4244 »
1025 4195 1082 4250 id
1115 4198 1204 4250 est
1233 4192 1563 4249 derisibiles
1594 4195 1888 4251 ostendes.
1911 4196 2010 4251 Le-

348 4290 508 4363 gitur
537 4288 714 4343 etiam
747 4287 807 4341 in
843 4286 993 4341 bono
1026 4284 1150 4351 sic;
1185 4287 1387 4355 gentes
1418 4287 1850 4350 convertentur,
1890 4308 1916 4334 ‹‹
1952 4290 2010 4340 et

349 4383 435 4446 tu,
470 4375 737 4444 Domine,
771 4391 871 4430 eos
904 4395 932 4423 »
979 4388 1310 4444 conversos,
1345 4394 1372 4420 «
1408 4371 1701 4428 deridebis
1736 4394 1763 4421 ››
1813 4372 1871 4427 id
1921 4378 2011 4429 est

351 4465 681 4523 derisibiles
712 4462 988 4520 ostendes
1019 4460 1130 4516 sibi
1162 4460 1330 4533 ipsis,
1360 4460 1502 4532 quia
1543 4465 1899 4532 cognoscent
1947 4479 2009 4517 se

351 4555 681 4612 secundum
702 4551 956 4627 priorem
977 4550 1160 4606 vitam
1184 4547 1514 4604 derisibiles
1531 4565 1660 4604 esse
1673 4553 1730 4604 et
1748 4554 2007 4606 contem-

2121 3420 2148 3446 ‹‹
2182 3401 2241 3452 et
2275 3420 2301 3444 ››
2333 3395 2513 3451 etiam
2562 3420 2589 3446 ‹‹
2625 3411 2958 3451 sermonem
3005 3393 3298 3450 labiorum
3347 3395 3608 3468 ipsorum
3643 3418 3674 3445 ››
3706 3401 3770 3451 ut

2117 3502 2254 3542 cum
2287 3485 2549 3541 dicerent
2581 3502 2594 3541 :
2629 3508 2656 3534 ‹‹
2696 3485 3057 3541 Dzemonium
3089 3483 3273 3540 habes
3305 3486 3524 3556 (Joan.7
3557 3489 3612 3540 et
3631 3487 3713 3554 8),
3745 3507 3771 3534 ››

2117 3578 2176 3631 et
2205 3574 2425 3630 similia
2455 3591 2468 3630 :
2504 3598 2531 3626 «
2565 3579 2622 3630 et
2651 3574 3245 3647 comprehendantur,
3272 3597 3300 3622 ››
3332 3573 3390 3630 id
3423 3579 3510 3630 est
3537 3573 3772 3629 convin-

2117 3667 2332 3718 cantur
2361 3686 2388 3712 «
2425 3663 2482 3717 in
2514 3663 2792 3735 superbia
2822 3680 2930 3718 sua
2960 3686 2987 3712 »
3019 3667 3085 3719 ut
3124 3667 3482 3735 cognoscant
3529 3669 3764 3735 propter

2119 3752 2457 3824 superbiam
2491 3769 2660 3807 suam
2691 3751 2751 3806 in
2785 3752 2892 3807 has
2925 3752 3192 3808 miserias
3226 3769 3287 3808 se
3318 3751 3619 3808 incidisse.

2191 3841 2329 3897 Dico
2363 3841 2953 3913 comprehendantur.
2971 3841 3167 3896 Tertia
3181 3840 3496 3913 pars.Vere
3518 3857 3772 3914 compre-

2119 3930 2474 3998 hendantur,
2511 3931 2648 4002 quia
2678 3954 2704 3980 ‹‹
2739 3931 2809 3985 de
2843 3931 3258 3998 exsecratione,
3295 3954 3322 3980 ››
3354 3931 3413 3986 id
3443 3936 3532 3986 est
3561 3931 3633 3986 de
3666 3931 3769 3986 hoc

2119 4019 2274 4092 quod
2296 4036 2501 4075 omnes
2523 4019 2741 4075 habent
2763 4036 2861 4074 eos
2888 4018 3296 4088 exsecrabiles,
3317 4042 3346 4068 «
3370 4023 3426 4076 et
3447 4020 3516 4076 de
3539 4020 3770 4075 menda-

2119 4109 2227 4165 cio.
2264 4131 2292 4158 »
2342 4109 2653 4164 Mendacos
2704 4107 2861 4163 enim
2913 4113 3080 4165 erant
3128 4107 3280 4164 male
3331 4109 3766 4181 interpretando

2119 4197 2472 4271 Scripturas,
2493 4201 2551 4254 et
2579 4197 2756 4252 etiam
2790 4197 3138 4253 mentientes
3168 4197 3240 4253 de
3270 4196 3670 4266 Christo,cum
3693 4196 3768 4253 di-

2119 4292 2361 4343 cerent:
2416 4286 2716 4342 Venerunt
2763 4285 3036 4358 discipuli
3088 4287 3217 4357 ejus
3268 4290 3458 4352 nocte,
3512 4290 3571 4343 et
3596 4286 3767 4341 furati

2119 4381 2258 4434 sunt
2286 4393 2499 4448 corpus
2529 4377 2679 4447 ejds,
2704 4379 2762 4430 et
2792 4375 2865 4430 de
2895 4374 3041 4446 ipsis
3073 4375 3263 4431 edocti
3295 4379 3460 4432 erant
3490 4397 3518 4424 ‹‹
3553 4375 3612 4430 in
3642 4391 3770 4431 con-

2119 4465 2534 4533 summatione,
2570 4488 2598 4514 »
2629 4463 2689 4520 id
2720 4464 2897 4521 estin
2946 4465 3301 4536 perfectione
3348 4463 3629 4520 virtutum
3668 4480 3681 4518 :
3715 4459 3767 4519 et

2115 4554 2217 4622 ita,
2251 4554 2405 4625 quod
2439 4577 2465 4604 ‹‹
2498 4553 2856 4610 annuntiant
2891 4576 2919 4602 »
2954 4552 3052 4609 alii
3081 4553 3321 4623 sciliset,
3357 4553 3514 4626 quod
3540 4553 3767 4609 dicetur

351 4644 631 4716 ptibiles<<
653 4647 710 4698 et
740 4641 812 4697 ad
831 4639 1083 4695 nihilum
1109 4639 1363 4740 deduces
1380 4654 1598 4740 .omnes
1617 4641 1823 4740 gentes
1845 4661 1871 4686 »
1886 4643 2006 4694 tam
2039 4673 2088 4740 Β
2119 4642 2307 4700 Judaei
2335 4643 2435 4716 qui
2468 4641 2692 4699 inimici
2721 4646 2890 4698 erant
2913 4641 3150 4711 Christi,
3181 4643 3255 4699 ad
3287 4644 3481 4716 ipsum
3510 4641 3762 4699 conversi

354 4735 560 4802 bonos,
595 4747 773 4805 quam
808 4729 1014 4785 malos.
1052 4727 1194 4783 Boni
1228 4727 1300 4781 ad
1334 4725 1588 4781 nihilum
1611 4726 2005 4797 deducuntur,

354 4822 588 4895 quando
621 4819 873 4893 priorem
902 4818 1082 4872 vitam
1116 4816 1416 4884 deserunt,
1432 4818 1487 4869 et
1520 4813 1666 4868 nihil
1698 4831 1827 4870 eam
1843 4833 2010 4888 repu-

355 4917 502 4968 tant.
533 4909 691 4978 Mali,
729 4908 962 4981 quando
1003 4909 1239 4979 propter
1283 4904 1538 4978 priorem
1589 4905 1792 4974 vitam,
1842 4906 2007 4961 dam-

354 5000 677 5056 nabuntur.

426 5113 452 5139 ‹‹
472 5086 956 5144 Fortitudinem.»
972 5084 1288 5156 Postquam
1307 5082 2010 5140 ostenditconversionem

355 5176 914 5252 gentium,ostendit
945 5191 1123 5246 quare
1157 5190 1274 5228 non
1305 5171 1855 5228 destruetinimieos
1872 5191 2011 5230 suos

351 5269 609 5332 Judaeos,
625 5282 760 5320 cum
788 5269 984 5336 posset
1007 5264 1213 5329 facere,
1241 5259 1381 5333 quia
1401 5260 1724 5316 secundum
1746 5261 2008 5319 volunta-

353 5357 471 5411 tem
490 5353 592 5410 Dei
609 5353 877 5424 cognovit
889 5351 1123 5406 illorum
1139 5349 1600 5416 conversionem,
1622 5353 1679 5404 et
1692 5349 2007 5422 dispersio-

355 5459 488 5498 nem
502 5442 709 5498 utilem
725 5443 842 5497 fore
857 5442 928 5497 ad
955 5439 1394 5496 conversionem
1420 5436 1780 5511 gentium,et
1801 5441 1872 5495 ad
1899 5441 2008 5496 Ju-

355 5531 613 5586 dzeorum
628 5531 1088 5597 conversionem,
1111 5546 1238 5600 quae
1272 5527 1332 5582 in
1374 5525 1714 5606 novissimis
1739 5531 2011 5601 tempori-

355 5617 467 5676 bus
480 5621 572 5673 est
584 5616 800 5674 futura.
815 5619 1182 5675 Continuatio
1199 5634 1211 5671 :
1227 5617 1443 5674 Omnes
1456 5619 1658 5690 gentes
1671 5617 1743 5672 ad
1759 5617 2009 5675 nihilum

355 5703 743 5774 deducentur,
770 5706 872 5768 sed
905 5731 932 5762 α
951 5705 1356 5768 fortitudinem
1370 5721 1583 5777 meam,
1604 5703 1662 5766 id
1674 5711 1765 5768 est
1781 5708 2009 5784 patien-

2124 4737 2267 4790 sunt
2299 4738 2355 4788 et
2384 4731 2826 4789 annunt—iabunt
2857 4732 3034 4788 etiam
3068 4756 3096 4782 «
3130 4732 3189 4788 in
3238 4733 3326 4788 ira
3356 4756 3384 4782 υ
3416 4749 3542 4789 esse
3571 4757 3598 4781 «
3635 4749 3762 4788 oon-

2128 4820 2568 4889 summationis,
2605 4843 2633 4869 »
2666 4819 2725 4876 id
2766 4825 2856 4876 est
2900 4821 3141 4892 perfecti
3186 4822 3597 4890 consummati,
3632 4839 3762 4878 con-

2119 4910 2430 4968 siderando
2462 4909 2611 4966 iram
2643 4913 2699 4964 et
2727 4909 3046 4965 vindictam
3072 4910 3294 4982 judicis
3323 4911 3382 4966 in
3431 4910 3626 4967 futuro
3668 4910 3760 4982 ju-

2119 5001 2272 5057 dicio
2307 5017 2320 5054 :
2355 5023 2382 5049 ‹‹
2417 5003 2474 5054 et
2509 5021 2536 5048 ››
2585 4997 2761 5053 etiam
2814 5021 2841 5047 «
2892 5016 3004 5054 non
3053 5004 3227 5056 erunt
3273 5022 3300 5049 ››
3349 4999 3548 5073 quales
3604 4999 3758 5072 prius

2119 5095 2304 5158 erant,
2339 5087 2563 5144 scilicet
2593 5086 2923 5159 blasphemi
2970 5094 3025 5143 et
3077 5093 3429 5160 peccatores.
3463 5087 3563 5144 Vel
3610 5113 3637 5138 ‹‹
3671 5106 3761 5145 an-

2121 5178 2573 5243 nuntiabuntur,
2602 5199 2628 5225 »
2661 5174 2718 5230 id
2753 5181 2840 5231 est
2865 5193 2969 5248 per
3000 5178 3419 5234 annuntiantes
3449 5182 3619 5234 erunt
3649 5202 3674 5228 α
3704 5177 3755 5232 in

2116 5262 2644 5325 consummatione.
2683 5286 2712 5312 »
2743 5262 2870 5318 Alia
2900 5263 3209 5320 translatio
3240 5264 3416 5320 habet
3445 5261 3756 5337 planiorem

2116 5357 2393 5425 litteram,
2426 5356 2482 5408 et
2513 5351 2583 5407 de
2613 5351 3028 5420 exsecratione,
3065 5356 3121 5408 et
3165 5351 3471 5408 mendacio
3515 5350 3755 5408 evellen-

2116 5451 2213 5503 tur
2242 5445 2299 5500 in
2333 5443 2419 5498 ira
2450 5439 3000 5496 consummationis.

2183 5559 2216 5585 .‹‹
2251 5535 2321 5590 Et
2353 5556 2381 5581 ››
2411 5535 2551 5588 tunc
2582 5529 2694 5602 ipsi
2720 5528 2927 5598 Judaei,
2962 5553 2989 5580 «
3025 5530 3230 5600 scient,
3249 5531 3387 5604 quia
3405 5530 3562 5588 Deus
3586 5527 3755 5586 domi-

2119 5619 2586 5688 nabiturtJacob,
2623 5641 2652 5668 ››
2681 5618 2739 5674 id
2772 5622 2868 5678 est,
2889 5619 3121 5677 Judaici
3151 5621 3350 5695 pepuli
3383 5645 3410 5673 α
3443 5625 3503 5677 et
3529 5643 3557 5670 υ
3588 5619 3753 5677 etiam

2119 5713 2329 5775 ﬁnium
2358 5713 2550 5787 terrae,
2580 5706 2641 5767 id
2673 5711 2763 5768 est
2789 5706 3123 5786 gentilium,
3163 5726 3268 5789 per
3312 5726 3514 5772 omnes
3565 5711 3756 5787 gentes
