3936 6364
130 426 253 489 397

1319 423 1817 487 EXPLANATIO
1858 422 1939 486 IN
1984 425 2369 492 PSALMOS.

3436 435 3557 517 398

70 566 97 601 τ
132 559 443 634 stris,quia
471 575 663 633 neque
691 557 865 617 hodie
878 559 1050 633 jubet
1077 558 1418 635 congregari
1450 559 1792 629 exercitum,
1823 554 1881 626 Α
1909 562 2032 618 tute
2061 560 2122 618 in
2152 562 2449 633 virtutem,
2483 567 2541 621 et
2570 582 2686 623 non
2719 564 2846 624 sine
2875 566 3105 637 merito,
3140 590 3168 619 α
3201 566 3340 642 quia
3367 570 3558 631 factus

70 657 83 691 ε’
134 667 324 725 neque
355 651 576 724 praebet
605 649 987 706 manifestum
1020 648 1326 718 auxilium,
1351 649 1505 705 sicut
1532 649 1670 705 fecit
1698 666 1796 706 an-

70 748 85 783 ?
131 740 315 813 tiquis
344 738 632 813 patribus.
667 740 755 795 Tu
788 756 904 795 non
937 739 1275 812 egredieris,
1310 742 1377 795 ut
1406 739 1565 795 vivas
1596 756 1794 811 corpo-

70 839 88 874 ε
132 829 352 899 raliter,
386 845 580 901 neque
621 846 727 885 nos
777 829 1058 901 petimus,
1095 830 1195 884 sed
1230 851 1259 879 ‹‹
1290 830 1367 885 da
1412 829 1580 884 nobis
1629 827 1791 884 auxi-

70 929 87 963 ῖ-
132 919 279 976 lium
308 920 381 975 de
412 917 813 987 tribulatione,
847 940 877 969 »
907 918 1131 975 scilicet
1162 922 1228 974 ut
1251 918 1658 975 tribulationes
1690 918 1793 972 im-

70 1020 82 1053 ῖι
133 1008 328 1065 missae
360 1008 720 1065 auxilientur
760 1009 951 1077 nobis,
984 1013 1042 1063 et
1094 1009 1422 1081 perducant
1466 1009 1539 1064 ad
1589 1007 1789 1063 civita-

70 1110 82 1129 ’ν
132 1103 249 1154 tem
281 1098 613 1167 munitam;
646 1103 703 1155 et
733 1097 986 1155 salutem
1017 1098 1327 1154 hominum
1355 1115 1470 1153 non
1511 1096 1790 1169 petimus,

74 1208 84 1217 λ
134 1187 273 1260 quia
311 1210 341 1237 ‹‹
374 1204 527 1243 vana
576 1187 736 1244 salus
785 1186 1067 1256 hominis,
1109 1209 1136 1236 »
1184 1187 1241 1242 id
1296 1190 1385 1241 est
1431 1184 1792 1254 transitoria,

70 1290 81 1322 -'
136 1277 181 1332 si
213 1276 292 1332 sit
320 1292 391 1333 ex
418 1276 677 1333 homine.
713 1276 872 1343 Dico,
906 1275 1066 1332 salus
1093 1280 1182 1332 est
1219 1293 1389 1345 vana,
1420 1279 1478 1331 et
1506 1275 1636 1331 ideo
1668 1297 1695 1325 «
1730 1274 1789 1330 in

70 1380 75 1411 ξ
135 1365 250 1421 Deo
296 1364 588 1421 faciemus
643 1366 941 1431 virtutem,
981 1387 1008 1413 ››
1042 1365 1099 1419 id
1150 1370 1240 1419 est
1286 1381 1573 1437 ponemus
1624 1380 1789 1435 spem

70 1469 79 1497 ί
134 1454 372 1511 virtutis
399 1458 611 1511 nostra:
644 1455 702 1510 in
736 1455 872 1522 Deo,
902 1459 960 1509 et
991 1472 1108 1509 non
1137 1453 1198 1508 in
1230 1453 1420 1509 salute
1454 1453 1786 1521 hominum,

72 1564 73 1571 η
134 1543 219 1600 vel
246 1543 305 1599 in
338 1544 682 1609 mundanis,
710 1543 849 1616 quia
878 1542 1077 1599 omnia
1106 1542 1181 1610 ei,
1215 1545 1273 1597 et
1301 1541 1449 1597 nihil
1492 1542 1629 1598 boni
1680 1559 1788 1598 n0-

70 1646 73 1677 :
132 1633 223 1690 bis
251 1633 611 1702 tribuamus,
635 1656 663 1683 «
697 1637 755 1689 et
784 1633 907 1705 ipse
937 1633 1011 1688 ad
1042 1632 1293 1687 nihilum
1326 1633 1574 1687 deducet
1603 1630 1789 1686 tribu-

70 1764 71 1767 η
137 1744 166 1775 ‹‹
194 1722 381 1780 lantes
413 1740 543 1780 nos.
580 1745 608 1772 »
637 1723 741 1778 Vel
768 1721 819 1779 si
850 1722 1166 1777 inducatur
1198 1721 1270 1777 ab
1303 1720 1561 1776 Ecclesia
1591 1719 1788 1775 Chris-

134 1815 250 1882 tus,
283 1812 535 1886 loquens
567 1828 580 1867 :
614 1812 771 1868 Deus
802 1810 1035 1868 locutus
1066 1814 1155 1867 est
1184 1810 1244 1865 in
1275 1813 1479 1867 sancto
1518 1826 1646 1877 suo,
1679 1809 1789 1865 hoc

133 1901 397 1997 scilicet“:
436 1902 702 1997 Laetabor
731 1901 802 1957 de
849 1899 1288 1997 resurrectione.
1322 1916 1426 1997 per
1472 1914 1567 1954 me
1594 1898 1785 1997 facta,
1817 1931 1866 1997 B

134 1996 190 2049 et
218 1991 486 2064 partibor
504 1989 829 2047 Sichimam
850 1994 909 2045 et
928 1987 1252 2046 convallem
1275 1986 1788 2044 tabernaculorum

132 2080 403 2137 metibor.
437 2079 607 2136 Meus
636 2082 727 2135 est
756 2078 994 2146 Galaad,
1025 2089 1195 2134 meus
1239 2080 1329 2133 est
1375 2076 1699 2147 Manasses,
1732 2078 1791 2131 et

132 2169 433 2242 Ephraim,
466 2168 525 2225 id
556 2172 647 2225 est
692 2168 1078 2238 fructiﬁcans,
1111 2171 1202 2223 est
1248 2165 1529 2222 fortitudo
1578 2163 1788 2237 capitis

134 2258 268 2328 mei,
302 2258 361 2315 id
392 2262 487 2315 est
512 2274 659 2315 mea;
689 2257 1041 2325 divinitatis;
1066 2257 1125 2312 in
1158 2255 1278 2312 illis
1309 2272 1425 2311 non
1455 2254 1792 2309 infirmatur

135 2352 308 2421 caput
334 2363 559 2416 meum,
583 2348 686 2405 sed
708 2346 966 2404 suaviter
993 2346 1264 2421 quiescit.
1290 2343 1530 2412 Juda,id
1551 2347 1642 2399 est
1659 2358 1792 2399 con-

134 2438 325 2506 ﬁtens,
349 2442 444 2495 est
463 2454 563 2494 rex
592 2454 781 2511 meus,
798 2454 974 2511 quem
997 2453 1103 2511 ego
1126 2435 1484 2495 constituam
1510 2436 1791 2508 regem,et

136 2526 442 2583 extendam
473 2524 936 2583 calceamentum
983 2542 1205 2597 meum,
1237 2524 1297 2581 id
1329 2527 1419 2580 est
1445 2521 1789 2579 humanita—

133 2617 248 2670 tem
279 2630 622 2687 meam,qua
650 2615 762 2672 fuit
780 2616 1038 2672 calceata
1062 2613 1425 2681 divinitas,in
1447 2612 1785 2678 Idumaeam,

135 2701 397 2758 faciendo
424 2720 554 2760 eam
578 2702 658 2759 ibi
680 2701 1193 2769 annuntiari.Quis
1213 2699 1505 2756 deducet?
1524 2697 1787 2770 quando-

134 2791 370 2861 quidem
403 2791 673 2848 Christus
703 2792 826 2847 hzec
856 2792 1009 2847 bona
1039 2789 1181 2846 facit
1212 2787 1379 2855 mihi,
1412 2802 1518 2859 ego
1550 2785 1651 2859 qui
1684 2786 1788 2841 de-

134 2879 306 2936 ducet
336 2897 434 2936 me
462 2881 522 2935 in
554 2880 849 2936 civitatem
881 2878 1172 2934 munitam
1190 2877 1217 2933 ?
1246 2881 1304 2933 et
1333 2879 1558 2931 caetera.

652 2968 725 3023 IN
767 2964 1117 3023 PSALMUM
1158 2965 1270 3021 LX.

250 3059 533 3114 Trrunus.
565 3058 631 3112 In
659 3057 825 3127 ﬁnem
858 3057 917 3111 in
947 3055 1171 3127 hymnis
1196 3053 1443 3127 psalmus
1472 3052 1665 3108 David.

200 3170 227 3196 ‹‹
262 3145 512 3214 Exaudi,
536 3146 711 3213 Deus,
735 3143 1202 3216 deprecationem
1225 3157 1438 3197 meam.
1467 3164 1495 3190 ››
1521 3140 1790 3196 Psalmus

135 3234 243 3291 iste
273 3235 483 3308 dirigit
509 3236 569 3290 in
593 3236 791 3302 finem,
814 3232 1053 3289 habitus
1078 3232 1137 3287 in
1158 3230 1490 3305 hymnis,in
1512 3230 1789 3286 laudibus

1903 666 1964 707 es
1996 667 2131 725 spes
2161 668 2312 721 mea,
2347 654 2527 712 turris
2558 656 2923 713 fortitudinis
2957 679 2984 707 ››
3017 658 3089 715 ad
3122 672 3298 732 quem
3328 657 3378 716 si
3407 661 3558 719 refu-

1902 740 2081 814 giam,
2115 742 2407 800 inveniam
2459 745 2884 815 fortitudinem,
2919 768 2948 798 «
2982 764 3017 803 a
3048 746 3197 804 faeie
3243 747 3492 823 inimici,
3525 774 3554 803 »

1900 829 1957 886 id
1990 836 2079 887 est
2107 832 2179 887 ab
2211 833 2371 889 omni
2403 833 2848 907 impugnatione
2877 834 3122 893 inimici.

1972 920 2289 992 Postquam
2322 923 2578 979 ostendit
2608 925 2763 997 quod
2787 926 2858 981 de
2889 925 3164 983 universa
3193 930 3349 985 terra
3376 945 3558 1003 popu-

1900 1007 1996 1064 lus
2025 1008 2304 1066 clamaret
2333 1012 2405 1066 ad
2436 1012 2643 1081 Deum,
2669 1015 2929 1071 ostendit
2950 1017 3105 1087 quod
3125 1016 3296 1074 faciet
3312 1034 3418 1090 per
3436 1035 3557 1076 om-

1900 1116 2002 1154 nes
2036 1099 2460 1157 successiones.
2494 1102 2867 1161 Continuatio
2900 1121 2913 1161 :
2950 1128 2979 1156 ‹‹
3011 1108 3100 1162 Tu
3132 1123 3194 1163 es
3235 1124 3368 1181 spes
3400 1124 3551 1178 mea,

1901 1187 2080 1242 turris
2101 1188 2488 1258 fortitudinis,
2514 1212 2542 1240 »
2566 1194 2625 1246 et
2643 1191 2772 1247 ideo
2796 1215 2823 1243 ‹‹
2846 1192 3186 1251 inhabitabo
3208 1195 3267 1251 in
3290 1197 3555 1254 taberna-

1900 1276 2032 1331 culo
2062 1279 2186 1345 tuo,
2216 1299 2244 1328 ››
2281 1276 2338 1333 id
2370 1283 2458 1335 cst
2489 1279 2548 1335 in
2579 1280 2857 1349 Ecclesia,
2892 1281 2952 1337 in
2983 1300 3100 1355 qua
3130 1283 3420 1342 militatur
3446 1285 3555 1343 tibi

1901 1388 1928 1414 «
1964 1364 2024 1419 in
2056 1365 2288 1436 saecula,
2326 1389 2352 1416 »
2383 1367 2441 1423 id
2475 1374 2565 1424 est
2593 1369 2858 1441 quandiu
2890 1371 3126 1427 durabit
3156 1372 3215 1428 in
3254 1372 3411 1430 istud
3444 1392 3555 1431 saa-

1899 1452 2122 1522 culum,
2138 1459 2195 1510 et
2206 1455 2359 1512 sicut
2380 1459 2554 1514 modo
2577 1462 2865 1531 protegor,
2883 1459 2967 1515 sic
2982 1475 3214 1534 semper
3233 1484 3262 1512 «
3286 1466 3557 1537 protegar

1901 1543 1959 1598 in
1991 1543 2342 1614 velamento,
2371 1567 2400 1597 ››
2433 1546 2494 1603 id
2538 1551 2627 1604 est
2676 1547 2735 1604 in
2785 1548 3236 1607 obumbratione
3264 1573 3294 1602 «
3328 1551 3556 1609 alarum

1899 1635 2158 1701 tuarum,
2194 1657 2221 1684 »
2253 1633 2312 1691 id
2343 1639 2433 1692 est
2462 1634 2786 1693 clementia:
2814 1642 2874 1694 et
2903 1638 3175 1711 potentia)
3205 1644 3339 1696 tuae.

1971 1744 1999 1772 «
2033 1723 2343 1789 Quoniam.
2372 1746 2399 1773 »
2431 1723 2533 1780 Hic
2563 1724 2773 1798 incipit
2793 1728 3054 1783 secunda
3073 1744 3231 1800 pars.
3253 1751 3282 1779 «
3306 1729 3410 1786 Hic
3428 1746 3558 1803 pro-

1898 1811 2136 1884 tegarin
2157 1811 2505 1881 velamento,
2526 1836 2553 1863 »
2575 1817 2632 1869 et
2653 1816 2889 1871 tandem
2913 1815 3082 1872 dabis
3107 1838 3135 1867 «
3154 1817 3553 1876 haereditatem

1897 1899 2246 1956 timentibus
2278 1918 2491 1958 nomen
2523 1906 2694 1959 tuum
2728 1920 2741 1959 :
2777 1926 2806 1953 ›ι
2838 1921 2955 1960 non
2988 1905 3117 1961 dico
3149 1906 3339 1973 dabis,
3362 1907 3465 1963 sed
3485 1923 3555 1965 ex

1899 1987 2085 2044 nimia
2115 1990 2428 2047 securitate
2448 1990 2578 2048 dico
2602 2014 2631 2042 «
2655 1992 2889 2050 dedisti.
2904 2013 2933 2044 »
2959 1993 3030 2050 Et
3046 1992 3177 2051 ideo
3200 1998 3397 2052 certus
3418 2007 3552 2053 sum

1899 2077 1971 2133 de
2000 2077 2336 2151 securitate,
2363 2100 2391 2130 «
2422 2079 2703 2153 quoniam
2725 2084 2810 2149 tu,
2835 2080 3008 2152 Deus,
3033 2081 3321 2140 exaudisti
3344 2082 3553 2142 oratio-

1899 2186 1929 2216 ‹‹
1962 2181 2096 2221 nem
2123 2183 2338 2236 meam,
2372 2190 2402 2219 π
2437 2168 2680 2237 scilicet,
2704 2169 2981 2227 exaudies
3011 2172 3247 2244 quando
3279 2170 3470 2244 dabis,
3497 2175 3557 2230 et

1898 2253 2075 2312 etiam
2104 2255 2416 2327 exaudisti,
2450 2258 2801 2315 conferendo
2834 2258 2982 2315 mihi
3012 2259 3283 2317 virtutes.

1977 2364 1997 2394 ιι
2032 2342 2167 2401 Dies
2198 2360 2377 2419 super
2404 2344 2549 2402 dies.
2581 2368 2610 2397 ι)
2642 2346 2783 2404 Dico
2812 2346 3217 2405 haereditatem
3238 2346 3429 2419 dabis,
3449 2350 3558 2407 sci-

1899 2432 2035 2490 licet
2068 2454 2096 2483 «
2126 2432 2252 2491 dies
2285 2451 2463 2508 super
2493 2434 2629 2493 dies
2650 2435 2825 2509 regis,
2863 2457 2891 2485 »ι
2923 2436 2982 2492 id
3005 2441 3105 2493 est
3134 2435 3373 2507 Christi,
3407 2454 3555 2513 quos

1899 2521 2189 2580 habemus
2218 2522 2278 2578 in
2316 2524 2427 2580 hac
2472 2523 2613 2592 vita,
2647 2523 2846 2597 ajicies
2896 2524 3067 2581 n‘cbis
3114 2524 3238 2582 dies
3286 2528 3557 2599 mternos,

1899 2627 2049 2684 quos
2077 2612 2252 2668 modo
2291 2612 2563 2669 Christus
2594 2613 2792 2680 habet,
2824 2618 2883 2669 et
2913 2628 3092 2686 super
3141 2629 3328 2672 annos
3376 2615 3556 2690 regis,

1899 2717 2048 2773 quos
2078 2701 2368 2757 habemus
2399 2700 2459 2756 in
2489 2702 2601 2759 hac
2634 2702 2771 2770 vita,
2801 2723 2831 2751 ‹‹
2864 2702 3107 2775 adjicies
3139 2718 3324 2760 annos
3357 2704 3556 2777 ejus,»

1899 2788 1959 2844 id
1988 2792 2079 2844 ost
2109 2792 2355 2845 mternos
2387 2806 2593 2858 annos,
2618 2806 2767 2862 quos
2789 2791 2962 2847 modo
2984 2790 3255 2849 Christus
3285 2791 3555 2851 habet.In

1898 2877 2009 2933 hac
2036 2877 2155 2933 vita
2183 2877 2360 2933 habet
2388 2877 2536 2948 dies,
2571 2894 2719 2951 quos
2748 2877 3017 2937 Christus
3046 2879 3389 2953 habuit,qui
3418 2880 3554 2938 imi-

1898 2968 2059 3020 tatur
2077 2964 2375 3036 justitiam
2405 2967 2557 3038 ejus,
2579 2967 2687 3023 hos
2719 2969 2917 3023 autem
2948 2966 3297 3041 habent,qui
3318 2985 3435 3025 non
3457 2969 3557 3028 ha-

1897 3053 2038 3109 bent
2066 3069 2271 3122 annos,
2305 3053 2460 3109 sicut
2488 3054 2856 3127 Hippolytus,
2882 3054 2982 3127 qui
3005 3071 3121 3111 non
3150 3055 3295 3113 vixit
3322 3055 3384 3113 in
3415 3058 3554 3129 fide,

1898 3142 2013 3197 nisi
2044 3145 2161 3197 tres
2192 3143 2337 3213 dies,
2365 3146 2422 3199 et
2441 3142 2625 3215 aliqui
2647 3142 3011 3212 similiter,et
3031 3150 3269 3218 propter
3288 3145 3399 3202 hoc
3420 3147 3556 3204 sub—

1899 3231 1986 3286 dit
2017 3248 2202 3287 annos
2231 3248 2244 3286 :
2278 3248 2464 3288 annos
2495 3232 2623 3288 dico
2655 3232 2917 3304 adjicies,
2951 3249 3099 3306 quos
3126 3233 3252 3307 ipse
3283 3233 3554 3294 Christus

138 3299 619 3393 scilicet,VDavid,
652 3324 710 3378 id
744 3299 834 3379 est
862 3321 1100 3378 Christi.
1136 3299 1341 3377 Invhoc
1371 3299 1527 3376 enim
1560 3319 1787 3392 psalmo
1818 3299 1861 3366 (ἶ
1900 3320 2079 3376 habet
2094 3342 2122 3371 ‹‹
2135 3337 2324 3393 usque
2346 3321 2406 3375 in
2428 3321 2582 3376 diem
2607 3299 3003 3394 generationis
3024 3327 3081 3378 et
3103 3299 3556 3396 generationis,»

138 3415 294 3469 totus
324 3412 657 3469 ostenditur
686 3410 940 3484 populus
962 3428 997 3466 a
1017 3409 1246 3466 cunctis
1266 3409 1532 3482 partibus
1561 3408 1788 3476 mundi,

141 3516 457 3571 peromnes
480 3501 886 3557 successiones
909 3499 1161 3556 clamare
1173 3499 1244 3554 ad
1260 3499 1576 3555 Dominum
1603 3497 1793 3555 Chris-

141 3590 565 3647 tum.Ostendit
592 3589 957 3661 etiam,quod
978 3606 1081 3660 per
1106 3588 1404 3644 Christum
1429 3589 1500 3643 ad
1524 3589 1790 3643 eamdem

141 3676 741 3752 hazreditatem,quam
773 3678 900 3750 ipse
929 3677 1198 3733 Christus
1220 3674 1517 3743 habet,ille
1537 3675 1790 3748 populus

141 3769 668 3839 pervenit.Materia
698 3772 787 3825 est
816 3767 1006 3824 fidelis
1034 3766 1439 3839 populus,qui.
1474 3765 1683 3822 Modus
1704 3770 1792 3820 est

141 3858 291 3927 quod
307 3858 366 3913 in
389 3857 583 3931 prima
603 3860 766 3931 parte
788 3856 1045 3913 ostendit
1057 3872 1119 3911 se
1133 3854 1387 3912 clamare
1399 3855 1471 3910 ad
1489 3855 1789 3912 Christum

140 3947 203 4000 ut
229 3946 455 4004 dictum
485 3948 675 4004 est.Et
707 3947 967 4003 secunda
995 3949 1315 4018 parte,quae
1348 3944 1612 4017 incipit.«
1637 3947 1788 4011 Quo-

142 4033 295 4092 niam
325 4038 574 4106 tu,Deus
604 4035 1097 4102 meus,exaudisti
1130 4033 1453 4091 orationem
1484 4050 1678 4090 meam
1709 4050 1721 4088 :
1759 4055 1788 4084 ››

140 4125 389 4182 ostendit
415 4144 479 4184 se
499 4125 714 4183 Christi
738 4122 1136 4180 hazreditatem
1158 4121 1654 4179 habere.Intentio
1676 4125 1788 4190 est,

140 4216 336 4271 contra
361 4215 518 4284 illos,
544 4214 645 4288 qui
667 4214 941 4270 dicebant
969 4211 1269 4269 Christum
1292 4225 1420 4267 esse
1440 4225 1786 4283 paucorum,

140 4305 436 4362 ostendere
446 4303 748 4362 Christum
771 4317 898 4359 esse
922 4318 1114 4375 regem
1140 4297 1791 4371 universorum.Incipit

142 4390 210 4446 ab
257 4395 520 4452 oratione
567 4393 652 4451 sic
686 4410 699 4449 :
736 4416 764 4443 τι
796 4391 1040 4460 Exaudi,
1088 4390 1267 4459 Deus,
1317 4388 1787 4462 deprecationem

142 4493 327 4537 meam
359 4506 386 4533 »
409 4486 482 4541 de
515 4482 837 4540 remotione
867 4479 1183 4549 malorum,
1211 4503 1238 4530 «
1264 4483 1321 4535 et
1343 4478 1589 4534 orationi
1612 4494 1788 4534 meae»

143 4566 300 4626 factas
331 4574 402 4630 de
426 4573 843 4646 impetratione
887 4574 1115 4626 aeterna:
1144 4569 1273 4624 vitis
1308 4591 1338 4618 »
1369 4569 1607 4624 intende
1641 4590 1669 4616 ››
1700 4568 1788 4622 in-

1902 3409 1960 3465 id
1991 3413 2080 3465 est
2101 3409 2331 3480 judicii,
2363 3411 2597 3482 quando
2630 3412 2730 3465 ﬁet
2758 3411 3055 3483 generatio
3078 3411 3340 3485 corporis
3361 3416 3419 3469 et
3440 3413 3561 3470 ani-

1902 3517 2032 3555 mae.
2064 3499 2187 3570 Vel,
2222 3499 2616 3571 generationis
2662 3504 2720 3556 ct
2748 3500 3162 3572 generationis,
3196 3500 3255 3557 id
3285 3504 3375 3558 est
3404 3518 3560 3560 sem-

1902 3606 2022 3661 per.
2056 3588 2184 3643 Alia
2214 3588 2370 3643 enim
2405 3588 2710 3644 translatio
2743 3589 2921 3645 habet
2951 3590 3012 3645 in
3035 3589 3313 3646 saeculum
3337 3592 3559 3648 saeculi.

1975 3702 2002 3728 ‹‹
2039 3679 2364 3734 Permanet.
2403 3700 2431 3727 ››
2464 3678 2603 3734 Dico
2636 3680 2791 3750 quod
2816 3677 2940 3734 dics
2964 3677 3117 3751 regis
3138 3679 3560 3754 adjicies,quos

1901 3768 2115 3823 habere
2147 3785 2261 3823 non
2295 3772 2383 3823 est
2412 3783 2619 3838 parum
2644 3784 2657 3822 ε
2684 3766 2823 3838 quia
2846 3782 2945 3822 rex
2966 3765 3063 3821 ille
3085 3782 3220 3822 cum
3240 3770 3365 3823 tota
3385 3767 3558 3825 fami-

1898 3856 1979 3913 lia
2008 3873 2117 3913 sua
2147 3878 2174 3905 ‹‹
2206 3860 2513 3927 permanet
2542 3855 2602 3910 in
2634 3860 2940 3922 aeternum,
2976 3876 3004 3903 η
3038 3854 3096 3909 id
3126 3857 3217 3910 est
3260 3853 3387 3910 dies
3427 3857 3557 3928 ejus

1900 3945 2098 4001 aeterni
2131 3948 2289 4002 sunt.
2320 3944 2524 3999 Adhuc
2550 3942 2931 3999 aeternitatem
2963 3941 3126 3997 illam
3157 3944 3554 4002 commendat.

1898 4034 2037 4090 Dico
2069 4036 2373 4105 permanet
2401 4031 2463 4086 in
2494 4035 2802 4099 aeternum,
2824 4045 2930 4085 nec
2950 4028 3142 4085 hocin
3158 4028 3259 4086 vili
3280 4029 3555 4101 loco,imo

1902 4145 1931 4173 ‹‹
1962 4124 2022 4177 in
2055 4124 2374 4193 conspectu
2404 4119 2504 4175 Dei
2541 4141 2569 4168 ››
2602 4118 2741 4191 quia
2784 4133 3017 4191 semper
3063 4117 3377 4191 praesentia
3424 4120 3555 4193 ejus

1899 4209 2135 4276 fruitur,
2168 4214 2226 4266 et
2254 4207 2445 4265 adhuc
2477 4206 2858 4264 mternitatem
2891 4207 3287 4277 commendat,
3306 4206 3447 4281 quia
3474 4208 3558 4267 ibi

1899 4299 2100 4356 nullus
2132 4298 2391 4371 requiret
2414 4296 2902 4366 misericordiam,
2928 4296 3068 4370 quia
3098 4295 3179 4353 ibi
3210 4294 3413 4354 nullus
3445 4297 3558 4354 mi-

1900 4406 1995 4446 ser
2022 4388 2150 4445 erit.
2181 4388 2399 4444 lterum
2429 4385 2545 4443 alia
2573 4386 3009 4443 commendatio
3033 4402 3046 4442 :
3074 4385 3222 4453 Quia
3245 4384 3325 4443 ibi
3357 4384 3559 4443 nullus

1900 4479 2157 4550 requiret
2186 4476 2510 4544 veritatem,
2546 4475 2686 4547 quia
2715 4492 2920 4531 omnes
2966 4474 3045 4531 ibi
3095 4474 3415 4546 perfectam
3448 4474 3559 4531 ha-

1899 4570 2041 4625 bent
2072 4566 2488 4640 cognitionem,
2519 4569 2576 4620 et
2604 4564 2713 4619 hoc
2743 4569 2833 4620 est
2862 4564 3016 4635 quod
3066 4564 3197 4619 sub
3229 4564 3557 4638 interroga-

142 4659 362 4717 tantum
391 4667 449 4719 te
480 4663 709 4736 praebe:
736 4660 876 4734 quia
906 4675 1001 4716 res
1024 4675 1240 4732 magna
1259 4663 1368 4729 est,
1393 4675 1541 4730 opus
1563 4661 1652 4713 est
1673 4673 1791 4713 ma-
1817 4673 1867 4738 D
1899 4660 2058 4715 tione
2087 4657 2271 4730 ponit,
2307 4680 2335 4706 ‹‹
2370 4653 2833 4712 misericordiam
2864 4657 2922 4709 et
2952 4652 3257 4710 veritatem
3296 4653 3430 4725 quis
3461 4670 3557 4710 re-

143 4759 254 4814 gna
280 4749 626 4808 intentione.

215 4858 241 4885 ‹‹
272 4837 510 4898 Intende
542 4862 570 4891 ››
602 4840 753 4907 dico,
778 4839 919 4911 quia
949 4862 975 4889 ‹‹
1010 4836 1318 4905 clamavi,»
1345 4837 1403 4893 id
1427 4841 1515 4893 est
1536 4837 1793 4892 irremis—

146 4938 208 4978 sa
235 4929 423 4986 cordis
452 4931 793 4987 extensione
822 4928 1021 5002 peregi
1045 4950 1073 4976 ‹‹
1098 4928 1171 4983 ad
1206 4931 1260 4982 te
1287 4949 1312 4974 ιι
1336 4926 1672 4982 habendum
1694 4949 1721 4976 ‹‹
1759 4944 1793 4982 a

146 5009 355 5072 finibus
403 5022 593 5088 terrae,
629 5042 656 5068 »
690 5020 745 5075 id
780 5022 889 5088 est,
924 5018 994 5072 de
1026 5016 1302 5072 omnibus
1351 5016 1571 5071 ﬁnibus
1603 5019 1787 5086 terrai,

149 5120 174 5147 α
206 5102 344 5160 dum
370 5109 707 5165 anxiaretur
750 5125 849 5165 cor
888 5122 1089 5163 meum
1126 5128 1152 5154 »
1185 5105 1303 5161 sive
1350 5105 1639 5173 exteriori,
1674 5105 1792 5161 sive

148 5185 400 5251 interiori
430 5197 832 5267 tribulatione,
861 5200 917 5252 et
946 5212 1041 5251 me
1066 5194 1417 5252 clamantem
1450 5212 1518 5252 ex
1548 5195 1793 5251 necessi-

150 5278 261 5335 tate
280 5305 307 5332 «
330 5286 593 5345 exaltasti
630 5310 656 5337 υ
688 5286 990 5343 liberando
1022 5302 1056 5341 a
1077 5283 1271 5354 malis,
1297 5285 1791 5356 confercndojus-

150 5364 351 5428 titiam.
385 5375 474 5433 Me
504 5377 633 5434 dico
665 5377 927 5450 positum
960 5400 988 5426 «
1022 5375 1085 5430 in
1117 5378 1281 5447 petra
1304 5397 1331 5425 »
1352 5374 1412 5430 in
1444 5373 1674 5431 Christo
1694 5375 1793 5428 ﬁr-

150 5462 365 5519 matum
395 5482 496 5538 per
525 5467 801 5536 ﬁdem,in
825 5482 942 5537 quo
965 5482 1211 5523 securus
1231 5482 1387 5533 sum,
1403 5464 1558 5520 sicut
1578 5463 1794 5535 aliquis

153 5549 367 5615 Positus
395 5555 454 5611 in
488 5557 888 5614 munitissima
931 5560 1116 5629 petra.
1149 5556 1251 5612 Vel
1284 5579 1311 5605 «
1346 5554 1406 5610 in
1456 5558 1638 5627 petra,
1677 5578 1702 5603 η
1736 5555 1794 5609 id

154 5640 236 5691 est
265 5638 321 5695 in
349 5648 695 5704 constantia.

219 5725 288 5785 Et
325 5749 418 5791 me
464 5736 548 5795 ita
594 5737 939 5807 exaltatum,
975 5760 1003 5787 ‹‹
1040 5735 1333 5794 deduxisti
1379 5751 1471 5791 me
1505 5756 1531 5783 »
1565 5733 1635 5791 de
1680 5734 1795 5790 vir-

1899 4748 2134 4821 quiret?
2164 4769 2193 4799 »

1972 4839 2076 4894 Hic
2106 4836 2273 4909 ponit
2302 4852 2405 4907 pro
2438 4833 2794 4907 supradictis
2839 4831 3096 4889 laudem.
3131 4830 3505 4888 Continuatio
3539 4848 3552 4889 :

1903 4950 1933 4980 «
1966 4928 2037 4983 Et
2068 4927 2206 4999 quia
2236 4925 2357 4980 haec
2388 4922 2533 4979 mihi
2567 4922 2773 4992 facie,o
2806 4922 3022 4990 Deus,»
3054 4921 3184 4977 ideo
3206 4943 3233 4972 «
3253 4918 3557 4993 psalmus»

1903 5017 2093 5074 dicam
2128 5014 2351 5071 nomini
2384 5017 2507 5082 tuo,
2543 5035 2569 5061 ››
2602 5012 2660 5069 id
2692 5015 2781 5068 est
2808 5012 2955 5066 bene
2985 5009 3290 5083 operabor,
3325 5008 3398 5064 ad
3429 5025 3555 5065 am-

1902 5107 2207 5181 pliandum
2230 5120 2442 5161 nomen
2465 5106 2654 5169 tuum,
2671 5105 2728 5157 et
2749 5101 2898 5157 hoc«
2916 5100 2975 5155 in
2998 5098 3277 5156 saeculum
3299 5097 3557 5167 saeculi,»

1904 5197 1959 5251 id
1993 5200 2081 5253 est
2107 5194 2370 5268 quandiu
2401 5191 2638 5248 durabit
2668 5189 2948 5246 smculum
2984 5189 3173 5257 istud,
3203 5192 3262 5243 et
3290 5186 3399 5257 sic,
3431 5209 3459 5237 ‹‹
3492 5189 3560 5243 ut

1902 5286 2145 5341 reddam
2176 5288 2309 5341 vota
2339 5298 2471 5338 mea
2499 5282 2571 5336 de
2602 5281 2695 5336 die
2713 5280 2771 5334 in
2796 5280 3011 5348 diem,»
3037 5278 3095 5333 id
3118 5281 3208 5334 est
3227 5275 3559 5348 assidue,ut

1903 5373 2133 5433 nullum
2164 5374 2321 5430 diem
2353 5369 2760 5439 intermittam,
2799 5368 2941 5440 quin
2973 5384 3178 5440 operer
3216 5366 3289 5422 ad
3321 5363 3557 5422 laudem

1901 5470 2088 5521 tuam.

2410 5550 2481 5607 IN
2523 5547 2874 5606 PSALMUM
2914 5546 3052 5603 LXI.

2013 5646 2267 5700 Trruws
2299 5646 2365 5698 In
2396 5643 2561 5712 ﬁnem
2586 5656 2689 5712 pro
2718 5638 2943 5695 Idilhun
2982 5637 3228 5710 psalmus
3257 5635 3449 5692 David.

1977 5756 2003 5784 ‹‹
2041 5732 2244 5790 Nonne
2274 5730 2413 5787 Deo.
2452 5751 2479 5778 »
2512 5726 2782 5785 Psalmus
2825 5725 2935 5784 iste
2983 5724 3254 5784 convenit
3291 5723 3473 5783 David
3504 5727 3565 5781 et
