3936 6392
392 449 513 512 399

804 448 1217 511 annosus
1249 446 1790 509 IIALBERSTAT.
1827 428 2066 510 splso.
2100 445 2273 511 epp.
2307 449 2534 511 rans.
2568 450 2613 511 ι.
2650 483 2726 495 -
2755 450 3160 517 COMMENT.
3195 450 3395 514 BIBL.

3688 446 3803 517 400

393 584 619 656 caeteris
640 582 842 656 justis,
875 579 1112 637 habitus
1142 597 1248 653 pro
1279 579 1542 649 Idithun,
1563 581 1623 637 id
1650 584 1738 638 est
1767 597 1871 655 pro
1892 585 2047 637 tran-
2073 580 2129 651 Α
2229 582 2599 639 Continuatio
2636 601 2647 639 :
2682 583 3096 656 Cogitaverunt
3125 585 3423 659 repellere,
3456 586 3538 644 ita
3585 582 3802 647 scilicet

392 672 727 731 silientibus
757 669 1014 743 dirigens
1044 670 1105 725 in
1137 670 1338 735 ﬁnem,
1364 670 1421 726 id
1470 675 1561 726 est
1607 671 1665 725 in
1716 669 2037 726 Christum.

390 760 635 819 Materia
663 762 803 815 sunt
831 757 1228 815 transilientes
1261 757 1431 827 tales,
1464 758 1563 831 qui
1585 758 1761 814 .nullu
1802 777 2040 830 persua-

389 847 665 917 sione,vel
680 845 1059 904 tribulatione
1079 852 1329 920 possunt
1348 848 1642 920 impediri,
1656 848 1799 920 quin
1823 848 2039 903 saltum

388 954 565 996 suum
596 936 927 1010 perficiant,
951 936 1175 992 scilicet
1203 937 1348 1009 quin
1378 937 1624 993 terrenis
1655 938 1941 1005 dimissis,
1968 939 2039 992 ad

385 1027 515 1085 sola
543 1026 800 1084 coelestia
826 1026 1089 1082 tendant.
1123 1026 1358 1082 Modus:
1378 1027 1438 1081 In
1462 1025 1653 1098 prima
1673 1030 1836 1097 parte
1856 1029 2043 1082 osten-

383 1118 475 1174 dit
506 1134 570 1174 se
594 1134 710 1173 non
742 1131 915 1189 posse
945 1115 1237 1188 impediri,
1259 1115 1403 1189 quin
1429 1115 1645 1172 saltum
1671 1132 1846 1171 suum
1868 1116 2040 1188 perii-

383 1208 523 1275 ciat,
555 1206 912 1279 increpando
944 1205 1153 1271 malos,
1187 1207 1287 1277 qui
1318 1205 1525 1260 volunt
1566 1222 1727 1271 eum,
1757 1204 1878 1259 sive
1911 1220 2040 1275 per-

382 1295 786 1363 suasionibus,
822 1295 941 1351 sive
987 1293 1469 1350 tribulationibus
1520 1294 1823 1366 impedire.
1860 1292 1922 1348 In
1950 1310 2040 1347 se-

381 1387 581 1443 cunda
600 1388 928 1458 parte,qua:
953 1383 1161 1455 incipit
1184 1399 1196 1437 :
1221 1383 1639 1438 Verumtamen
1667 1383 1782 1437 Deo
1807 1399 1818 1436 :
1846 1382 2047 1437 admo«

381 1479 485 1532 net
514 1473 776 1547 seipsum
807 1476 863 1528 et
893 1472 1061 1539 alios,
1093 1476 1158 1527 ut
1188 1472 1303 1527 Deo
1336 1471 1582 1542 subjecti
1610 1471 1746 1526 sint.
1776 1470 1838 1526 In
1871 1469 2041 1524 tertia

381 1567 573 1639 parte,
588 1580 715 1637 quis
730 1560 941 1634 incipit
956 1577 969 1616 :
987 1560 1408 1616 Verumtamen
1426 1560 1560 1615 vani
1582 1559 1685 1615 ﬁlii
1706 1558 2012 1614 hominum
2025 1602 2040 1627 ,

380 1655 648 1727 increpat
689 1650 878 1707 malos
920 1649 993 1706 de
1024 1648 1288 1727 nequitia
1331 1666 1459 1705 sua.
1494 1648 1748 1704 Intentio
1796 1650 1886 1703 est
1931 1663 2039 1702 nos

382 1742 720 1809 admonere,
755 1743 820 1795 ut
849 1738 1014 1795 nulla
1041 1737 1421 1794 tribulatione
1450 1737 1865 1810 impediamur,
1896 1734 2038 1807 quin

381 1850 418 1891 a
448 1831 695 1887 terrenis
727 1830 797 1885 ad
831 1827 1092 1885 cmlestia
1120 1826 1543 1885 transiliamus.
1569 1829 1649 1883 Ac
1671 1826 1720 1881 si
1742 1825 1918 1892 dicat,
1944 1824 2038 1877 in-

380 1921 676 1994 crepando
697 1918 888 1976 malos
910 1934 923 1973 :
949 1917 1066 1974 Vos
1086 1916 1266 1974 vultis
1286 1916 1572 1990 impedire
1593 1932 1687 1972 me
1712 1930 1784 1970 ne
1805 1912 2034 1978 saliam,

380 2012 485 2069 sed
508 2012 748 2079 frustra,
769 2009 912 2083 quia
931 2030 961 2059 «
985 1996 1178 2064 nonne
1197 2007 1308 2064 erit
1328 2007 1445 2063 Deo
1467 2005 1732 2076 subjecta
1751 2001 1949 2059 anima
1964 1999 1992 2055 ?
2006 2021 2034 2050 η

377 2100 439 2157 id
463 2103 555 2157 est
575 2099 940 2164 obediens,et
958 2098 1090 2170 ejus
1110 2096 1390 2153 mandata
1425 2092 1762 2152 custodiens
1777 2091 1805 2147 7
1827 2090 2038 2147 Anima

382 2189 538 2257 dico,
569 2210 599 2239 α
628 2199 783 2257 mea,
811 2207 840 2239 η
872 2184 951 2263 id,
982 2188 1075 2243 est
1122 2196 1264 2241 mea
1313 2182 1644 2256 potestatis,
1688 2180 1868 2253 quia;
1901 2174 2039 2233 licet

382 2276 738 2350 quandoque
792 2288 1008 2348 corpus
1059 2274 1138 2330 sit
1191 2277 1398 2329 vestra
1458 2270 1783 2344 potestatis,
1834 2270 2034 2323 tamen

383 2364 585 2441 anima
610 2378 916 2437 nunquam
946 2361 1059 2418 nisi
1083 2377 1224 2418 meas
1247 2358 1554 2434 potestatis
1573 2357 1701 2415 erit.
1726 2356 1871 2411 Vere
1890 2354 2035 2410 sub-

373 2455 553 2527 jecta,
587 2457 646 2510 et
672 2453 866 2523 debet,
889 2471 920 2500 κ
953 2450 1026 2532 ab
1057 2449 1186 2522 ipso
1209 2448 1391 2515 enim,
1414 2466 1441 2498 ιι
1464 2445 1688 2529 scilicet
1709 2444 1826 2532 Deo
1845 2443 2033 2513 Patre,

381 2526 474 2599 est
503 2564 533 2593 κ
565 2539 823 2599 salutare
853 2526 1078 2608 meum,
1108 2558 1136 2590 ιι
1171 2533 1230 2595 id
1262 2541 1354 2594 est
1391 2526 1684 2617 Christus,
1715 2528 1815 2606 qui
1866 2544 2035 2588 meus

381 2629 649 2688 Salvator
674 2634 783 2687 est.

451 2721 599 2777 Nam
630 2723 688 2776 et
715 2719 936 2793 ipse.Et
957 2718 1104 2774 bene
1125 2717 1296 2772 debet
1322 2715 1588 2786 subjecta
1609 2713 1659 2770 ei
1687 2729 1816 2769 esse
1837 2709 2037 2767 anima

380 2827 512 2881 mea
530 2826 565 2881 a
594 2824 710 2882 quo
740 2807 887 2863 mihi
905 2807 1054 2862 illud
1076 2805 1334 2862 salutare
1353 2807 1461 2872 est,
1478 2826 1507 2853 «
1532 2819 1669 2860 nam
1690 2801 1787 2857 ille
1809 2822 1837 2851 »
1863 2817 1897 2856 a
1920 2817 2035 2872 quo

379 2899 663 2974 procedit,
688 2901 746 2955 et
766 2897 861 2953 ille
883 2896 985 2970 qui
1006 2895 1286 2969 procedit,
1312 2916 1340 2944 «
1365 2895 1522 2950 Deus
1544 2908 1710 2974 meus
1730 2893 1840 2959 est,
1863 2893 1920 2944 et
1942 2905 2038 2945 sa-

379 2972 589 3061 lutaris
602 3003 769 3061 meus
784 3008 812 3036 η
825 2986 964 3060 quia
984 3000 1088 3057 per
1107 2989 1473 3057 assumptam
1493 2972 1923 3037 humanitatem
1942 2994 2036 3033 me

380 3076 645 3143 salvavit,
667 3099 695 3127 «
728 3080 785 3132 et
813 3079 1117 3147 susceptor
1141 3089 1329 3140 meus,
1357 3094 1384 3121 »
1407 3071 1546 3144 quia
1568 3086 1663 3127 me
1683 3066 1943 3139 suscepit
1963 3065 2035 3121 de

378 3166 603 3223 vilitate
629 3166 872 3239 peccati,
899 3163 1165 3220 ducendo
1196 3163 1269 3218 ad
1301 3160 1646 3235 dignitatem
1669 3156 1916 3231 justitiae
1939 3173 1952 3211 :
1979 3158 2037 3210 et

379 3254 510 3311 ideo
531 3277 559 3306 ‹‹
585 3238 703 3311 neu
724 3253 1001 3310 movebor
1018 3238 1295 3324 amplius,
1323 3273 1351 3301 »
1376 3251 1433 3306 id
1456 3252 1545 3306 est
1565 3248 1699 3305 licet
1717 3245 2034 3318 aliquando

380 3347 580 3400 motus
611 3342 842 3412 fuerim,
874 3345 1073 3396 tamen
1103 3339 1352 3396 ulterius
1383 3354 1501 3393 non
1531 3336 1825 3393 movebor.

450 3432 525 3507 Et
549 3431 784 3507 quando
806 3428 1045 3501 quidem
1067 3427 1244 3483 talem
1265 3427 1453 3483 habeo
1473 3424 1900 3491 Salvatorem,a
1918 3439 2033 3493 quo

380 3504 637 3592 amplius
667 3504 784 3595 non
817 3517 1110 3583 movebor,
1141 3531 1300 3588 ergo,
1335 3533 1368 3571 ο
1399 3513 1587 3581 stulti,
1611 3534 1641 3563 ‹‹
1671 3528 1979 3584 quousque
2003 3532 2032 3559 ››

378 3607 435 3662 id
467 3611 560 3662 est
588 3605 851 3683 quandiu
886 3628 914 3655 ‹‹
948 3604 1176 3661 irruitis
1205 3603 1264 3659 in
1288 3603 1587 3660 hominem
1614 3624 1641 3651 »
1662 3599 2028 3667 exteriorem,

374 3696 598 3753 scilicet
628 3693 1108 3773 irrationabiliter
1136 3695 1424 3767 impetum
1466 3692 1676 3758 facitis,
1711 3690 1852 3762 quia
1896 3688 2034 3744 licet

371 3783 843 3859 corpuspossitis
861 3783 1139 3856 afﬂigere,
1155 3799 1270 3839 non
1287 3782 1531 3855 potestis
1546 3786 1745 3837 tamen
1767 3778 2028 3835 animam

368 3879 629 3947 tangere,
661 3876 722 3928 et
751 3888 867 3928 non
890 3871 1083 3928 solum
1105 3872 1187 3927 ita
1206 3870 1454 3939 irruitis,
1482 3874 1548 3927 ut
1568 3870 1722 3926 bona
1741 3868 1911 3925 nobis
1931 3884 2028 3923 ex-

368 3961 584 4019 teriora
642 3961 945 4031 auferetis,
1006 3961 1108 4017 sed
1164 3977 1268 4017 vos
1309 3983 1338 4011 «
1380 3958 1639 4016 universi
1696 3956 2028 4013 interiicitis

367 4051 550 4124 ipsos,
586 4072 614 4100 ››
647 4055 706 4106 et
734 4050 888 4106 hanc
918 4049 1271 4107 sententiam
1305 4048 1595 4122 approbat
1623 4047 1741 4104 alia
1768 4045 2027 4102 transla-

366 4140 471 4209 tio,
498 4157 626 4213 quaa
657 4139 803 4195 dicit
834 4156 847 4195 :
885 4138 1216 4196 interﬁcitis
1259 4138 1583 4195 universos.
1612 4136 1714 4193 Vel
1742 4136 1828 4192 sic
1861 4153 1875 4191 :
1908 4134 2026 4191 Vos

364 4228 595 4286 irruitis
622 4228 684 4284 in
714 4227 1038 4305 hominem,
1071 4232 1130 4283 et
1156 4225 1412 4283 universi
1442 4225 1771 4282 interficitis
1799 4242 1903 4281 vos
1933 4224 2023 4279 in-

362 4317 717 4388 terius,quia
739 4332 876 4372 cum
897 4315 1067 4372 bonis
1089 4315 1313 4371 malum
1335 4310 1828 4387 faeitis,vosipsos
1849 4314 2025 4369 inter-

364 4406 563 4483 ticitis,
595 4406 823 4461 irruitis
854 4405 1008 4483 dico,
1039 4428 1066 4454 «
1100 4409 1384 4477 tanquam
1404 4400 1625 4477 parieti
1656 4403 1963 4471 inclinato,
1993 4424 2020 4451 ››

362 4480 503 4569 quia
534 4495 691 4552 sicut
721 4480 912 4567 paries
944 4493 1268 4549 inclinatus
1298 4510 1520 4565 pronus
1550 4497 1640 4549 est
1668 4492 1741 4548 ad
1762 4492 2017 4563 ruinam,

360 4585 447 4641 sic
478 4585 700 4656 putatis
731 4600 840 4640 nos
874 4600 1089 4657 pronos
1117 4584 1189 4639 ad
1231 4583 1486 4649 ruinam,
1521 4586 1806 4654 tanquam
1856 4583 2017 4637 omni

2153 694 2181 720 ‹‹
2217 689 2314 727 ore
2346 690 2452 728 suo
2484 673 2925 741 benedicebant,
2963 697 2989 723 ››
3024 675 3081 731 id
3113 679 3220 743 est,
3247 676 3303 730 in
3336 693 3434 733 ore
3462 677 3683 733 bonum
3703 695 3800 751 op-

2150 760 2374 830 tabant,
2408 783 2434 810 »
2466 766 2522 816 ot
2552 761 2723 818 corde
2751 779 2859 818 suo
2882 762 3329 832 maledicebant,
3355 787 3383 813 ››
3405 764 3462 820 id
3485 769 3575 822 est
3593 765 3644 822 si
3662 764 3796 839 quid

2152 849 2287 904 boni
2322 849 2614 917 dicebant,
2648 851 3010 922 deceptionis
3040 850 3363 908 intentione
3414 854 3704 911 dicebant.
3738 860 3797 912 In

2151 936 2261 993 hoc
2281 955 2449 994 versu
2473 940 2729 995 ostendit
2749 939 3026 996 latentem
3048 941 3576 1015 impugnationem.
3597 942 3698 999 Vel
3720 945 3797 1000 sic

2152 1027 2532 1083 continuatur
2555 1045 2566 1081 :
2594 1028 2708 1100 ipsi
2733 1027 3095 1085 interficiunt
3125 1030 3287 1102 ipsos
3317 1027 3700 1103 universi,sed
3722 1038 3799 1088 ta-

2152 1131 2287 1171 men
2318 1117 2447 1173 ideo
2480 1135 2596 1173 non
2621 1123 2856 1174 cessant
2883 1118 3016 1190 ipsi,
3041 1120 3142 1175 sed
3167 1119 3362 1191 potius
3384 1121 3795 1194 cogitaverunt,

2150 1208 2210 1260 et
2234 1209 2458 1261 caetera.

2223 1317 2251 1341 ‹‹
2286 1294 2702 1351 Verumtamen
2727 1297 2864 1352 Deo.
2884 1320 2910 1344 ››
2926 1297 3066 1352 Pars
3088 1298 3491 1371 secunda.lpsi
3504 1316 3607 1372 per
3625 1300 3798 1356 tribu-

2150 1380 2398 1439 lationes
2429 1387 2486 1438 et
2518 1401 2620 1455 per
2652 1385 2817 1440 dolos
2849 1402 2942 1442 me
2974 1386 3344 1460 impugnant,
3361 1411 3389 1436 ‹‹
3406 1392 3794 1445 verumtamen

2150 1471 2416 1542 subjecta
2472 1477 2621 1541 esto,
2666 1474 2866 1529 anima
2923 1492 3073 1542 mea,
3126 1475 3264 1546 Deo,
3302 1500 3329 1525 ››
3361 1476 3471 1533 hoc
3524 1480 3631 1545 est,
3683 1477 3793 1533 noli

2149 1564 2387 1631 propter
2410 1563 2867 1631 persecutiones,
2899 1562 3168 1635 injurias,
3192 1564 3600 1622 tribulatioues
3627 1567 3686 1621 et
3714 1566 3797 1621 re-

2147 1647 2310 1721 liqua
2358 1648 2516 1705 mala
2571 1650 2678 1705 tibi
2739 1650 2958 1724 injuste
3016 1652 3203 1715 illata.
3251 1655 3519 1723 deiicere,
3551 1658 3674 1711 eta
3703 1654 3799 1710 Dei

2149 1736 2446 1794 mandatis
2476 1738 2821 1808 desciscere,
2852 1744 2919 1796 ut
2944 1741 3032 1797 vel
3063 1741 3147 1798 sis
3179 1742 3518 1815 impatiens,
3538 1741 3625 1799 vel
3648 1742 3709 1798 in
3728 1743 3803 1797 vi-

2147 1824 2230 1880 tia
2259 1825 2561 1896 relabaris,
2594 1829 2695 1883 sed
2725 1830 2856 1900 ejus
2884 1829 3038 1886 dicto
3086 1831 3169 1887 sis
3214 1832 3487 1900 audiens,
3518 1836 3576 1888 et
3602 1831 3801 1898 debes,

2148 1915 2427 1987 quoniam
2478 1933 2597 1971 non
2642 1933 2711 1972 ex
2744 1934 2858 1987 me,
2890 1919 2992 1975 sed
3025 1942 3054 1968 ‹‹
3087 1919 3160 1974 ab
3210 1920 3337 1991 ipso
3380 1926 3471 1976 est
3524 1918 3808 1992 patientia

2146 2019 2298 2073 mea,
2334 2026 2362 2054 η
2396 2004 2537 2077 quia
2569 2023 2683 2061 non
2716 2022 2950 2077 possem
2982 2008 3128 2079 pati,
3160 2006 3273 2061 nisi
3305 2008 3431 2078 ipse
3459 2008 3697 2064 faceret.

2218 2093 2287 2149 Et
2316 2094 2549 2149 iterum.
2584 2095 2716 2150 Ideo
2746 2095 2925 2151 debes
2949 2112 3079 2151 esse
3109 2095 3375 2166 subjecta
3418 2093 3640 2164 anima,
3669 2096 3807 2169 quia

2145 2200 2177 2231 α
2210 2178 2337 2253 ipse
2367 2185 2458 2237 est
2488 2182 2642 2237 Deus
2682 2198 2851 2238 meus
2899 2186 2957 2237 et
3000 2181 3265 2239 Salvator
3312 2198 3482 2239 meus
3514 2204 3542 2231 η
3573 2184 3679 2255 qui
3714 2200 3807 2240 me

2146 2268 2409 2341 suscepit
2439 2285 2542 2341 per
2571 2269 3001 2326 humanitatem
3034 2269 3413 2327 redimendo:
3440 2292 3469 2320 α
3492 2273 3551 2326 et
3572 2292 3602 2321 ι)
3625 2271 3805 2329 etiam

2146 2378 2176 2407 «
2209 2357 2444 2429 adjutor
2485 2374 2672 2428 meus,
2706 2381 2732 2408 n
2765 2359 2837 2415 ad
2889 2359 3037 2416 bene
3082 2360 3471 2432 operandam,
3524 2363 3583 2416 et
3610 2383 3638 2410 «
3670 2359 3804 2418 ideo

2145 2460 2263 2502 non
2293 2446 2596 2519 emigrabo
2629 2467 2658 2497 »
2692 2452 2759 2504 ut
2789 2448 3056 2505 recedam
3095 2448 3168 2504 ab
3216 2464 3307 2516 eo,
3339 2448 3697 2506 transeundo
3729 2450 3801 2506 ad

2146 2532 2406 2591 alienum
2438 2534 2639 2593 deum.

2216 2622 2343 2679 Non
2364 2623 2902 2698 emigrabo,quiain
2915 2642 2982 2682 eo
3004 2630 3096 2682 est
3118 2625 3264 2682 mihi
3286 2626 3481 2683 omnis
3502 2625 3800 2684 sufficien-

2144 2712 2249 2778 tia,
2273 2718 2330 2769 et
2359 2713 2469 2770 hoc
2499 2718 2589 2770 est
2618 2737 2647 2765 ‹‹
2682 2714 2741 2769 in
2773 2715 2890 2770 Deo
2921 2717 3012 2771 est
3042 2714 3298 2771 salutare
3331 2732 3551 2787 meum,
3578 2737 3605 2764 υ
3626 2716 3689 2772 id
3712 2721 3805 2772 est

2145 2817 2250 2874 per
2280 2801 2464 2858 Deum
2498 2802 2685 2859 habeo
2716 2802 3121 2871 salvationem,
3148 2826 3175 2851 «
3200 2808 3257 2859 et
3287 2802 3472 2877 gloria
3501 2819 3650 2870 mea,
3678 2826 3709 2853 ››
3741 2804 3800 2859 id

2145 2894 2236 2947 est
2267 2906 2371 2964 per
2398 2890 2593 2964 ipsum
2624 2891 2811 2949 habeo
2842 2891 3091 2964 gloriam
3122 2896 3349 2948 asternae
3379 2891 3507 2948 vita:
3539 2907 3554 2947 :
3586 2897 3644 2948 et
3670 2892 3803 2966 ipse

2144 2984 2234 3034 est
2263 3003 2292 3031 ‹‹
2326 2980 2481 3036 Deus
2520 2980 2721 3038 auxilii
2769 2981 2905 3053 mei,
2945 3003 2972 3031 »
3000 2981 3058 3037 id
3090 2984 3179 3037 est
3207 2980 3520 3037 auxiliatur
3548 2980 3691 3037 mihi
3726 2982 3802 3038 ad

2145 3067 2292 3125 bene
2322 3072 2708 3142 operandam,
2730 3071 2788 3126 et
2809 3071 2966 3143 quod
2998 3070 3234 3143 singula
3264 3087 3598 3128 enumerem
3615 3072 3644 3127 Ἰ
3664 3072 3800 3127 nni-

2142 3173 2311 3213 versa
2342 3181 2369 3208 ‹‹
2403 3177 2538 3232 spes
2570 3176 2702 3215 mea
2730 3159 2790 3215 in
2825 3160 2941 3215 Deo
2971 3164 3080 3216 est.
3116 3181 3144 3208 ››

2216 3247 2287 3303 Et
2317 3247 2795 3321 quandoquidem
2826 3248 2963 3305 talis
2993 3252 3105 3317 est,
3137 3271 3165 3298 «
3200 3248 3393 3305 omnis
3423 3250 3802 3322 cengregatio

2002 3332 2005 3337 ’
2061 3316 2106 3385 C
2146 3316 2353 3408 populi
2387 3316 2620 3409 sperate
2650 3337 2709 3392 in
2742 3353 2831 3406 eo,
2867 3359 2894 3387 ››
2928 3341 2986 3393 et
3015 3316 3098 3393 uti
3128 3336 3371 3410 possitis
3417 3316 3619 3394 secure
3637 3316 3803 3411 vspe-

2142 3442 2295 3493 rare,
2326 3449 2353 3476 «
2388 3427 2671 3483 eti‘undite
2717 3427 2897 3483 corda
2940 3429 3154 3495 vestra,
3199 3448 3228 3475 »
3278 3425 3336 3481 id
3386 3430 3476 3482 est
3521 3432 3805 3484 evacuate

2142 3516 2318 3571 corda
2345 3519 2539 3572 vestra
2566 3517 2640 3572 ab
2671 3516 2832 3572 omni
2862 3516 3052 3586 sorde,
3088 3519 3153 3570 ut
3183 3514 3304 3570 sint
3332 3538 3361 3564 «
3394 3532 3589 3572 coram
3619 3514 3749 3585 illo,
3775 3539 3803 3567 ιι

2140 3603 2199 3659 id
2232 3610 2321 3661 est
2350 3606 2407 3660 in
2440 3605 2805 3679 beneplacito
2834 3604 3045 3678 ipsius,
3070 3604 3210 3677 quia
3230 3604 3280 3660 si
3312 3621 3427 3660 non
3459 3604 3681 3660 habent
3700 3622 3805 3662 cor

2135 3698 2510 3762 evacuatum,
2542 3699 2602 3750 et
2629 3695 2891 3767 sperant,
2913 3708 3030 3749 non
3051 3695 3141 3748 est
3169 3708 3326 3763 spes,
3344 3691 3447 3749 sed
3469 3708 3800 3764 praesump-

2137 3783 2240 3838 tio.
2291 3783 2431 3839 Dico
2481 3787 2732 3855 sperate,
2783 3782 2925 3854 quia
2961 3804 2989 3831 ‹‹
3024 3781 3180 3837 Deus
3229 3781 3464 3852 adjutor
3510 3784 3734 3849 noster,
3771 3804 3799 3831 ιι

2136 3870 2363 3927 scilicet
2390 3872 2613 3928 ducens
2643 3887 2752 3928 nos
2782 3894 2810 3921 «
2844 3871 2905 3927 in
2937 3874 3241 3926 aeternum.
3273 3892 3303 3918 »
3589 3882 3592 3886 '

2209 3983 2239 4010 ‹‹
2272 3960 2707 4017 Verumtamen.
2726 3982 2754 4009 ››
2768 3958 3093 4032 Hicineipit
3113 3958 3284 4015 tertia
3302 3975 3459 4031 pars.
3474 3958 3794 4016 Continua-

2133 4050 2215 4106 tio
2250 4067 2263 4106 :
2297 4049 2453 4107 Deus
2483 4053 2573 4107 est
2599 4050 2837 4121 adjutor
2874 4065 3140 4121 suorum,
3173 4072 3201 4117 (ε
3234 4052 3636 4105 verumtamen
3687 4049 3793 4105 ﬁlii

2133 4137 2443 4195 hominum
2478 4160 2506 4189 »
2540 4138 2648 4195 hoc
2680 4155 2795 4195 non
2825 4138 3159 4205 attendunt,
3192 4138 3293 4193 sed
3338 4141 3481 4193 sunt
3511 4160 3540 4187 ‹‹
3567 4138 3726 4207 vani,
3764 4160 3790 4187 ιι

2131 4226 2189 4283 id
2222 4233 2313 4284 est
2340 4228 2521 4284 dediti
2554 4228 2950 4296 vanitatibus;
2974 4231 3116 4284 sunt
3136 4226 3316 4283 etiam
3342 4248 3371 4278 α
3394 4226 3710 4283 mendaces
3731 4226 3788 4282 in

2131 4317 2389 4385 steteris,
2419 4340 2446 4366 ››
2469 4317 2528 4372 id
2549 4322 2640 4372 est
2666 4316 2726 4371 in
2746 4316 3291 4388 ponderibus,quod
3314 4314 3531 4372 falsum
3556 4316 3788 4387 pondus

2128 4406 2391 4462 vendunt
2431 4405 2493 4460 in
2538 4410 2805 4478 argento,
2835 4410 2894 4462 et
2923 4406 2983 4460 in
3016 4405 3235 4478 pipere,
3268 4404 3341 4461 ad
3374 4404 3484 4460 hoc
3514 4427 3543 4453 ‹‹
3578 4408 3643 4459 ιιι
3672 4404 3787 4477 ipsi

2129 4494 2429 4567 decipiant
2448 4495 2520 4550 de
2540 4496 2798 4550 vanitate
2819 4494 3013 4563 sua,id
3031 4497 3121 4550 est
3137 4508 3241 4565 per
3256 4492 3573 4549 vanitatem
3591 4509 3782 4559 suam,

2127 4589 2565 4656 perseverantes
2587 4608 2614 4634 ‹‹
2642 4583 2994 4657 in'idipsum
3025 4605 3052 4632 »ι
3070 4581 3365 4652 vanitatis,
3391 4582 3448 4637 id
3480 4584 3570 4637 est
3597 4581 3669 4637 de
3688 4598 3783 4637 va-

358 4673 753 4729 destituamur
781 4671 1018 4740 auxilio,
1054 4695 1081 4722 «
1115 4677 1173 4727 et
1204 4671 1468 4727 maceriae
1505 4671 1783 4743 depulsae,
1817 4693 1844 4720 ››
1878 4671 2018 4743 quia
2048 4688 2095 4752 υ
2128 4673 2309 4729 nitate
2331 4674 2405 4729 ad
2424 4674 2743 4729 vanitatem
2775 4673 3098 4730 tendentes.
3124 4670 3228 4727 Vel
3261 4671 3575 4728 mendaces
3595 4670 3653 4725 in
3675 4675 3786 4726 sta-

355 4763 512 4818 sicut
541 4762 799 4818 maceria
826 4761 886 4816 in
918 4761 1114 4834 seipsa
1144 4759 1369 4834 fragilis
1400 4765 1508 4826 est,
1543 4760 1682 4832 quia
1727 4761 1856 4816 sine
1905 4777 2012 4815 caa-

354 4855 554 4907 mento
585 4838 693 4921 est,
730 4850 779 4906 si
809 4849 1057 4922 depulsa
1076 4856 1187 4916 est,
1211 4866 1455 4921 prorsus
1474 4849 1534 4904 in
1558 4850 1791 4906 ruinam
1814 4849 2010 4904 immi-

356 4944 476 5008 net,
510 4939 595 4994 sic
628 4955 735 4995 nos
765 4939 988 5011 putatis
1019 4955 1149 4994 esse
1195 4938 1323 4995 sine
1362 4939 1521 4994 omni
1556 4938 1928 5009 colligatione
1957 4942 2014 4993 et

354 5044 570 5100 pronos
602 5028 869 5086 funditus
899 5029 971 5083 ad
1004 5027 1259 5084 ruinam.

425 5118 543 5173 Nos
562 5117 721 5172 enfm
755 5133 870 5173 non
898 5133 1107 5173 sumus
1130 5116 1449 5173 inclinatus
1470 5117 1682 5189 paries,
1706 5115 1796 5171 vel
1819 5132 2009 5171 mace-

353 5205 458 5262 ria.
493 5230 521 5257 «
554 5198 975 5262 Verumtamen
1010 5229 1036 5254 ››
1070 5222 1187 5262 non
1212 5206 1342 5262 ideo
1363 5209 1597 5262 cessant
1616 5205 1884 5278 mali,sed
1909 5222 2010 5276 po-

350 5293 470 5350 tius
501 5318 529 5345 ‹‹
560 5295 967 5369 cogitaverunt
994 5293 1270 5366 repellere
1306 5318 1332 5347 ιι
1364 5312 1398 5352 a
1427 5312 1543 5366 me,
1568 5294 1626 5350 id
1659 5299 1750 5350 est
1778 5294 2008 5351 auferre

349 5383 496 5438 mihi
529 5407 557 5434 «
589 5384 843 5457 pretium
875 5400 1094 5451 meum,
1124 5407 1152 5435 »
1178 5384 1235 5439 id
1261 5388 1350 5439 est
1371 5384 1761 5456 Deum,quem
1783 5400 1889 5457 ego
1911 5400 2004 5440 so-

349 5468 470 5526 lum
506 5477 659 5544 pcto.
690 5473 819 5529 Alia
848 5472 1159 5528 translatio
1192 5473 1386 5540 habet,
1422 5474 1701 5529 honorem
1755 5491 1951 5531 meum
1987 5490 2000 5529 :

349 5560 447 5612 sed
481 5564 677 5614 tamen
709 5577 815 5632 ego
847 5577 1081 5632 semper
1111 5585 1137 5611 ‹‹
1174 5563 1405 5618 cucurri
1442 5585 1469 5611 »
1503 5580 1606 5635 per
1636 5563 2004 5628 militiam,et

347 5645 501 5699 viam
528 5646 705 5701 istam
737 5649 1099 5719 propositam
1130 5650 1467 5707 inﬂexibilis
1489 5674 1513 5699 ιι
1542 5652 1601 5706 in
1635 5652 1753 5718 siti,
1783 5675 1808 5699 υ
1831 5652 1887 5706 id
1913 5658 2003 5707 est

352 5729 559 5783 salutis
588 5748 813 5804 eorum,
845 5735 984 5805 quia
1012 5734 1141 5792 eam
1175 5738 1433 5793 multum
1466 5739 1757 5795 sitiebam.

2127 4762 2269 4818 teris
2300 4768 2460 4833 sunt,
2497 4762 2555 4817 in
2580 4762 2726 4818 libra
2740 4762 3007 4833 justitize,
3031 4761 3172 4834 quia
3193 4777 3255 4818 se
3278 4759 3423 4817 tales
3444 4760 3779 4825 ostendunt,

2123 4851 2295 4923 quasi
2326 4852 2526 4908 omnia
2565 4852 2891 4924 ponderent
2938 4866 3122 4923 aeque,
3157 4850 3216 4905 id
3265 4853 3355 4905 est
3400 4849 3460 4904 in
3505 4848 3780 4904 omnibus

2121 4940 2457 5012 aequitatem
2485 4940 2842 5008 custodiant,
2876 4941 2977 4995 sed
3010 4939 3151 5013 quia
3179 4938 3276 4996 alii
3321 4942 3462 4995 sunt
3507 4936 3775 5003 interius,

2123 5046 2300 5101 quam
2332 5048 2394 5087 se
2419 5029 2703 5087 simulent
2744 5029 3020 5098 exterius,
3054 5027 3234 5084 veluti
3284 5027 3534 5094 barbati,
3565 5026 3638 5081 ad
3668 5024 3777 5080 hoc

2122 5124 2188 5175 ut
2217 5118 2329 5191 ipsi
2364 5119 2509 5175 alios
2541 5119 2611 5175 de
2639 5117 2894 5175 vanitate
2926 5116 3245 5191 decipiant,
3273 5114 3510 5183 scilicet,
3543 5130 3645 5186 per
3672 5130 3774 5169 va—

2122 5208 2368 5265 nitatem
2397 5225 2569 5265 suam
2601 5208 2869 5264 ducendo
2900 5223 3001 5271 eos
3022 5206 3082 5261 in
3110 5205 3372 5279 idipsum
3393 5202 3684 5268 vanitatis,
3709 5204 3773 5257 ut

2116 5313 2319 5354 secum
2349 5314 2449 5354 eos
2479 5295 2668 5353 malos
2699 5296 3083 5352 constituant.

2184 5384 2303 5441 Vos
2322 5385 2425 5441 lilii
2448 5384 2759 5441 hominum
2780 5385 2925 5441 estis
2945 5384 3028 5440 ita
3042 5384 3305 5453 vani,sed
3319 5381 3595 5439 dimittite
3607 5379 3768 5436 vani-

2114 5478 2295 5531 tatem
2318 5477 2659 5541 vestram,ct
2679 5473 2788 5529 hoc
2810 5478 2927 5531 est:
2952 5497 2979 5522 «
3006 5472 3196 5529 Nolite
3217 5487 3454 5545 sperare
3474 5470 3533 5525 in
3556 5467 3768 5540 iniqui-

2112 5568 2289 5631 tate,»
2313 5568 2371 5619 et
2400 5563 2552 5618 hanc
2588 5563 2957 5634 iniquitatem
2983 5579 3088 5635 per
3115 5565 3309 5634 partes
3342 5559 3699 5631 exsequitur,
3712 5562 3769 5612 et

2112 5653 2289 5708 etiam
2321 5653 2369 5708 si
2403 5670 2691 5723 pauperes
2721 5652 2890 5719 estis,
2915 5676 2940 5699 ‹‹
2970 5650 3148 5707 nolite
3180 5648 3590 5722 concupiscere
3613 5644 3764 5717 rapi-

2113 5758 2220 5797 nas
2256 5766 2280 5788 »
2314 5757 2418 5798 nec
2450 5740 2685 5797 divitias
2715 5740 2997 5814 diligatis,
3029 5743 3087 5797 et
3116 5739 3226 5797 hoc
3257 5743 3347 5796 est
3374 5756 3385 5795 :
3412 5760 3438 5788 ‹‹
3473 5733 3682 5793 divitias
3713 5731 3763 5789 si
