3936 6386
148 433 256 495 401

1318 435 1814 496 EXPLANATIO
1860 435 1938 495 IN
1985 436 2369 498 PSALMOS.

3433 445 3552 504 402

151 568 404 635 allluant,
421 563 600 620 nolite
621 579 720 619 cor
749 579 1104 636 apponere.»
1137 567 1260 621 Non
1283 567 1552 637 prohibet
1574 566 1788 622 habere
1817 569 1873 634 Α
1901 569 2089 639 patria
2121 593 2145 617 ‹‹
2182 569 2453 626 virtutem
2487 577 2649 626 tuam
2697 577 2753 626 et
2798 570 3046 643 gloriam
3100 578 3263 630 tuam
3297 597 3324 624 ››
3380 576 3437 631 id
3468 582 3559 632 est

150 651 387 718 divitias,
403 652 504 708 sed
540 668 655 707 non
700 668 899 707 amare
934 670 945 708 :
983 657 1176 724 potest
1216 654 1372 709 enim
1425 655 1638 710 habere
1670 672 1788 725 eas,

149 743 242 816 qui
272 741 682 798 convenienter
710 739 1032 796 distribuit.

215 829 398 886 Semel
443 829 576 884 ideo
609 829 787 884 nolite
838 829 959 884 haec
1008 831 1163 886 mala
1216 832 1421 899 facere,
1456 833 1594 904 quia
1637 833 1792 890 Deus

145 922 311 978 habet
339 923 688 992 potestatem
717 920 997 990 puniendi
1041 921 1247 988 malos,
1269 928 1327 976 et
1376 924 1788 977 remunerandi

142 1012 338 1075 bonos,
361 1012 420 1064 et
449 1008 560 1063 hoc
589 1013 679 1064 est
710 1024 723 1062 :
761 1007 949 1080 «quia
981 1015 1242 1080 potestas
1274 1011 1374 1066 Dei
1406 1016 1534 1067 est»
1572 1013 1641 1067 ad
1682 1030 1788 1083 pu-

141 1100 378 1154 niendos
395 1095 605 1164 malos,
630 1120 657 1147 α
694 1102 752 1152 et
771 1096 898 1164 tibi,
914 1097 1180 1165 Domine,
1196 1099 1600 1156 misericordia
1622 1123 1650 1149 ››
1671 1117 1790 1172 qua

132 1189 320 1259 justos
368 1201 710 1243 remuneres
743 1190 839 1241 :et
888 1185 998 1241 hoc
1046 1188 1303 1244 ostendit
1346 1206 1450 1260 per
1495 1189 1737 1244 eii‘ectus
1771 1195 1818 1245 ε’

140 1278 278 1333 Vere
331 1281 423 1333 est
472 1275 580 1332 tibi
631 1278 891 1346 potestas
939 1280 997 1331 et
1047 1276 1472 1346 misericordia,
1497 1303 1523 1327 ‹‹
1554 1279 1694 1350 quia
1722 1284 1786 1334 tu

140 1367 338 1422 reddes
368 1364 688 1436 unicuique
706 1365 878 1436 juxta
899 1381 1075 1436 Opera
1092 1383 1198 1420 sua
1224 1371 1324 1422 net
1363 1367 1531 1438 quasi
1572 1366 1786 1439 aliquis

137 1459 370 1528 quaeret.
391 1455 481 1510 Tu
515 1453 688 1508 modo
721 1453 836 1508 scis
869 1452 926 1508 in
950 1454 1066 1510 Deo
1088 1471 1218 1511 esse
1245 1455 1708 1512 misericordiam
1731 1460 1788 1512 et

138 1542 518 1616 potestatem?
544 1540 686 1598 dicit
715 1559 777 1596 se
807 1541 916 1597 hoc
950 1560 1018 1596 ex
1058 1543 1243 1615 ipsius
1277 1545 1375 1600 Dei
1409 1545 1652 1601 consilio
1685 1562 1785 1603 co-

134 1634 418 1706 gnovisse,
451 1632 653 1689 dicens
688 1647 700 1686 :
739 1655 766 1682 α
802 1631 956 1687 Deus
989 1631 1220 1689 locutus
1255 1657 1282 1682 »
1319 1634 1543 1690 scilicet
1587 1635 1788 1692 omnia

134 1740 351 1789 creans,
366 1721 602 1777 locutus
633 1723 722 1774 est
741 1721 934 1791 nobis,
959 1720 1089 1776 dico
1107 1721 1337 1777 loeutus
1359 1727 1447 1777 est
1477 1746 1498 1772 ιι
1535 1723 1738 1794 semel,
1758 1747 1780 1773 ι

133 1811 186 1865 id
219 1815 309 1867 est
338 1808 789 1865 immutabiliter
817 1809 1017 1864 omnia
1066 1810 1300 1876 creavit,
1333 1815 1390 1866 et
1421 1827 1528 1884 ego
1579 1811 1786 1867 transi-

1902 656 2202 711 Christum
2233 658 2444 714 Filium
2477 663 2667 726 tuum,
2702 659 2802 731 qui
2833 664 2923 714 est
2951 659 3138 716 virtus
3185 666 3241 716 et
3272 662 3562 735 sapientia

1905 745 2109 800 l’atris.

1975 856 2004 884 ‹‹
2037 835 2410 900 Quoniam.»
2461 839 2644 902 Quam
2702 837 3002 893 veritatem
3060 838 3241 894 debeo
3301 856 3559 911 quaarere

1905 944 1933 970 ι(
1967 923 2244 993 quoniam
2277 924 2681 980 misericordia
2709 931 2814 980 tua
2841 925 3050 980 melior
3077 931 3168 983 est
3197 952 3225 978 »
3260 946 3375 984 non
3425 931 3555 986 dico

1900 1024 2078 1079 super
2107 1026 2286 1064 unam
2316 1010 2517 1080 vitam,
2539 1033 2561 1059 ε
2597 1013 2696 1066 sed
2726 1029 2903 1084 super
2929 1012 3098 1081 vitas,
3120 1037 3139 1061 υ
3175 1032 3289 1070 non
3320 1020 3552 1073 tantum

1900 1112 2077 1167 super
2105 1098 2280 1152 vitam
2314 1098 2717 1170 pauperis,sod
2740 1099 2914 1155 etiam
2937 1117 3114 1173 super
3133 1102 3310 1160 vitam
3333 1105 3549 1176 divitis,

1898 1190 1954 1239 et
1986 1202 2098 1240 non
2131 1191 2363 1242 tantum
2398 1204 2573 1259 super
2602 1204 2731 1244 eam
2764 1189 2812 1243 si
2864 1189 3054 1246 brevis
3097 1195 3206 1258 est,
3230 1193 3329 1248 sed
3373 1195 3551 1252 etiam

1898 1278 2423 1346 quantumcunque
2474 1276 2838 1347 longissima,
2875 1282 2932 1332 et
2978 1278 3107 1334 ideo
3140 1303 3167 1329 ‹‹
3219 1280 3373 1338 labia
3421 1300 3552 1340 mea

1894 1360 2391 1419 laudabunttc.»

1975 1453 2044 1508 Et
2074 1453 2226 1508 sicut
2257 1452 2510 1508 laudabo
2541 1458 2596 1508 te
2625 1470 2785 1520 voce,
2827 1473 2849 1502 ι
2883 1454 2967 1511 sic
2999 1454 3339 1513 benedicam
3387 1463 3443 1513 te
3494 1461 3553 1515 in

1894 1548 2013 1601 vita
2042 1560 2191 1610 mea,
2232 1566 2256 1591 ››
2288 1541 2345 1596 id
2381 1546 2468 1598 est
2499 1541 2558 1596 in
2592 1542 2869 1614 operibus
2898 1543 3069 1613 meis,
3091 1548 3147 1602 ct
3174 1569 3201 1597 ‹‹
3236 1545 3296 1602 in
3320 1548 3560 1604 nomine

1895 1640 2016 1702 tuo,
2053 1660 2079 1684 ι(
2131 1632 2187 1687 id
2238 1637 2328 1688 est
2377 1631 2435 1686 in
2486 1630 2706 1688 honoro
2753 1635 2854 1686 tuo
2900 1631 3260 1704 ompliando,
3296 1635 3559 1692 «levabo

1895 1741 2108 1781 manus
2140 1737 2303 1776 meas
2338 1743 2365 1768 ››
2397 1719 2710 1776 exteriores
2757 1725 2814 1774 et
2869 1719 3210 1779 interiores:
3246 1725 3560 1781 exteriores

1893 1814 2050 1871 enim
2084 1811 2321 1882 signum
2353 1814 2494 1864 sunt
2523 1807 2891 1863 interiorum.

129 1899 292 1968 liena,
309 1902 516 1972 raptus
544 1897 617 1953 ad
650 1895 963 1953 consilium
986 1897 1229 1969 ejus,ibi
1259 1921 1280 1948 ι
1305 1899 1522 1965 audivi,
1549 1923 1578 1957 υ
1607 1899 1664 1954 id
1697 1903 1788 1956 est
1818 1935 1864 2001 Β
1967 1925 1996 1951 ‹‹
2031 1901 2213 1956 Sicut.
2242 1919 2270 1946 »
2301 1895 2785 2001 Facio‘quantum
2811 1911 3076 1968 possum,
3097 1901 3154 1953 et
3173 1899 3398 1956 utinam
3423 1901 3558 1974 plus

128 1988 378 2044 intellexi
413 2011 441 2037 α
477 1987 598 2042 hinc
629 1987 766 2054 duo,
805 2009 831 2035 ››
864 1985 1088 2042 scilicet
1117 1987 1257 2058 quia
1295 1987 1697 2045 misericordia
1726 1993 1786 2045 et

128 2081 384 2148 potestas
415 2080 504 2132 est
534 2075 637 2143 ibi,
663 2079 772 2131 etc.

622 2219 692 2274 IN
736 2219 1082 2274 PSALMUM
1127 2219 1288 2275 LXII.

197 2331 476 2384 Trruws.
509 2327 572 2381 In
602 2327 766 2398 ﬁnem
809 2327 1054 2398 psalmus
1103 2326 1294 2396 David,
1327 2343 1447 2381 cum
1480 2336 1613 2382 esset
1658 2329 1715 2382 in

689 2397 894 2454 deserto
925 2398 1207 2455 {damst}.

203 2547 231 2574 ‹‹
265 2524 448 2594 Deus,
481 2522 635 2577 Deus
667 2537 856 2576 meus.
885 2543 913 2570 ››
945 2521 1122 2577 David
1147 2521 1529 2578 historialiter
1557 2525 1790 2595 fugiens

133 2611 398 2684 Saulem,
415 2612 574 2667 venit
603 2611 662 2665 in
693 2611 991 2666 desertum
1015 2610 1708 2684 Idumazaaﬁntellexitque
1729 2607 1788 2668 in

131 2698 239 2756 hac
261 2700 458 2772 ﬁgura
477 2697 796 2754 Ecclesiam
821 2699 1072 2768 positam
1096 2697 1154 2752 in
1178 2699 1407 2754 deserto
1429 2699 1609 2769 hujus
1637 2700 1787 2767 vitm,

131 2786 230 2842 ubi
255 2785 410 2842 nihil
432 2791 542 2853 est,
569 2784 681 2840 nisi
703 2784 1123 2851 terrenitas,de
1155 2800 1270 2855 quo
1301 2783 1628 2856 significato
1662 2802 1795 2839 ean-

131 2875 274 2931 tavit
304 2876 467 2931 hunc
495 2871 816 2945 psalmum.
852 2870 1120 2926 Psalmus
1156 2871 1267 2926 iste
1313 2873 1583 2926 convenit
1612 2873 1791 2927 David

131 2964 434 3037 propheta:
465 2977 600 3016 cum
632 2959 909 3015 omnibus
923 2959 1267 3029 justis,cum
1287 2959 1416 3032 ipsa
1435 2960 1691 3016 Ecclesia
1706 2963 1796 3016 est

132 3053 186 3107 in
221 3054 460 3108 deserto
492 3050 778 3114 Idumam,
813 3048 870 3101 id
903 3051 994 3102 est
1022 3046 1201 3118 hujus
1229 3047 1380 3102 vitae.
1415 3048 1624 3102 Modus
1655 3052 1745 3104 est
1777 3064 1790 3104 :

131 3141 190 3195 In
213 3141 417 3214 prima
437 3140 602 3208 parte
620 3135 880 3190 ostendit
901 3151 963 3190 se
986 3134 1348 3189 admonitam
1373 3152 1475 3206 per
1495 3136 1793 3192 desertum

131 3229 313 3301 hujus
346 3224 590 3290 vitce,ad
622 3223 804 3280 Deum
855 3224 1015 3279 omni
1062 3222 1349 3279 desiderio
1403 3224 1700 3279 festinare.
1731 3225 1794 3280 In

1898 2004 2130 2063 possem
2166 2004 2179 2043 :
2216 1986 2300 2042 sic
2326 2006 2353 2034 ‹‹
2378 1983 2672 2056 repleatur
2692 1983 2892 2039 anima
2913 1999 3063 2052 mea,
3087 1985 3241 2041 sicut
3281 1987 3453 2061 adipe
3487 2005 3500 2043 :
3528 2013 3556 2038 η

1897 2097 2012 2135 non
2065 2077 2234 2149 adipe
2279 2073 2518 2140 carnali,
2553 2073 2654 2129 sed
2703 2071 3054 2145 significatio
3101 2074 3295 2148 adipis
3330 2094 3342 2131 :
3380 2100 3408 2127 «
3441 2081 3498 2134 et
3528 2101 3555 2127 »

1897 2169 2052 2223 sicut
2073 2188 2091 2216 ι
2123 2162 2538 2238 pinguedine,»
2559 2161 2618 2216 id
2639 2165 2728 2216 est
2749 2178 2864 2216 non
2891 2162 3246 2234 pinguedine
3269 2167 3556 2237 corporali

1898 2258 1999 2313 sed
2021 2253 2370 2327 significatio
2389 2249 2783 2323 pinguedinis.
2799 2252 2991 2323 Adeps
3013 2253 3241 2324 proprie
3263 2253 3556 2326 pinguedo

1900 2345 2140 2401 interior
2171 2348 2278 2408 est,
2312 2357 2437 2411 quze
2467 2345 2554 2394 est
2603 2338 2748 2394 citra
2795 2338 3013 2407 vitalia,
3049 2345 3112 2393 ut
3155 2341 3559 2410 reticulum,et

1900 2431 2428 2504 cmtera,pinguedo
2446 2445 2572 2500 quae
2605 2434 2694 2483 est
2723 2428 2782 2482 in
2829 2428 3111 2484 membris
3151 2430 3555 2500 exterioribus,

1901 2529 1968 2580 ut
1999 2524 2057 2578 in
2091 2525 2341 2594 pectore,
2375 2535 2504 2589 quin
2535 2517 2955 2572 cremabantur
2985 2517 3100 2572 Deo
3149 2517 3209 2573 in
3255 2519 3560 2585 sacriﬁciis

1899 2613 2109 2669 veteris
2157 2608 2323 2681 legis.
2360 2608 2465 2662 Per
2513 2605 2746 2677 adipem
2795 2604 3201 2677 significamus
3251 2607 3560 2675 scientiam

1902 2701 2039 2757 boni
2070 2703 2127 2755 et
2153 2698 2312 2764 mali,
2340 2713 2468 2767 quae
2499 2697 2588 2750 est
2617 2694 2674 2748 in
2728 2693 2946 2758 anima,
2980 2710 3098 2764 qua
3144 2699 3307 2767 Optat
3353 2697 3564 2770 repleri

1903 2788 2093 2844 ﬁdelis
2124 2786 2343 2849 anima,
2381 2788 2448 2838 ut
2477 2782 2653 2854 digne
2686 2781 2874 2854 possit
2925 2781 3166 2838 laudare
3214 2783 3419 2852 Deum,
3447 2803 3562 2841 non

1902 2877 2059 2933 enim
2093 2875 2346 2946 placeret
2375 2872 2481 2925 deo
2514 2887 2714 2925 macra
2753 2868 2970 2936 anima,
3007 2870 3160 2925 sicut
3209 2887 3315 2926 nec
3365 2889 3566 2930 macra

1904 2980 2038 3019 caro
2061 2961 2366 3016 dicebatur
2387 2957 2636 3030 placere.
2661 2956 2768 3011 Per
2789 2955 3207 3030 pinguedinem
3239 2959 3564 3031 accipimus

1905 3049 2264 3108 alacritatem
2285 3045 2474 3120 ipsius
2506 3043 2734 3109 animas,
2751 3060 2878 3114 quas
2902 3043 3040 3098 facit
3059 3061 3273 3118 corpus
3294 3045 3566 3104 alacriter

1905 3141 2052 3195 bene
2084 3135 2310 3210 operari
2345 3151 2358 3189 :
2391 3157 2419 3184 κ
2453 3137 2510 3188 et
2540 3154 2568 3180 ››
2599 3136 2741 3187 tunc
2772 3154 2800 3180 ‹‹
2829 3131 3094 3188 laudabit
3141 3138 3198 3188 te
3246 3150 3313 3190 os
3361 3152 3562 3193 meum

1906 3227 2078 3283 labiis
2107 3220 2532 3287 exsultationis,
2570 3243 2598 3269 »
2637 3219 2693 3274 id
2738 3223 2829 3275 est
2873 3235 3012 3275 voce
3065 3220 3401 3278 exsultanti.
3435 3224 3565 3282 Alia

131 3297 398 3373 secunda
421 3318 603 3386 parte,
639 3329 767 3384 quas
799 3312 1005 3384 incipit
1038 3329 1049 3367 :
1077 3312 1135 3367 Si
1170 3328 1394 3367 memor
1423 3313 1504 3368 fui
1545 3313 1632 3368 tui
1659 3331 1671 3368 :
1697 3331 1796 3369 os-
1828 3297 1870 3362 C
1907 3313 2216 3372 translatio
2265 3311 2462 3378 habet,
2498 3332 2525 3359 ‹‹
2578 3307 2733 3364 labia
2793 3324 2924 3364 mea
2970 3307 3299 3366 laudabunt
3347 3328 3562 3371 nomen

134 3406 326 3461 tendit
359 3402 739 3460 securitatem
772 3402 830 3455 in
864 3401 974 3456 hoc
995 3401 1224 3456 deserto
1247 3417 1350 3472 per
1368 3401 1564 3473 ipsum
1588 3402 1794 3458 Deum.

136 3492 412 3560 Intentio,
449 3496 513 3546 ut
544 3489 736 3545 solum
770 3489 954 3544 Deum
985 3487 1204 3561 eligant
1233 3489 1569 3545 admonere.

202 3581 329 3637 Vox
358 3577 631 3636 Ecclesiae
665 3576 867 3646 totius,
888 3577 973 3633 sic
995 3576 1246 3633 dicentis
1270 3595 1282 3633 :
1311 3578 1428 3650 Ego
1469 3579 1660 3650 posita
1685 3602 1711 3628 ‹‹
1739 3579 1798 3634 in

136 3677 290 3727 terra
333 3670 590 3734 deserta,
621 3667 781 3740 invia
830 3670 888 3722 et
935 3667 1242 3738 inaquosa,
1273 3665 1470 3739 vigilo,
1503 3689 1531 3716 ››
1578 3667 1638 3723 id
1688 3672 1800 3738 est,

135 3759 297 3816 omni
331 3755 532 3814 studio
559 3755 791 3810 dimitto
821 3753 1071 3824 mala,et
1100 3754 1250 3810 facio
1301 3755 1454 3811 bona
1503 3756 1575 3811 ad
1608 3760 1665 3812 te
1696 3756 1800 3813 ha-

135 3847 426 3912 bendum,
451 3843 644 3900 ethoc
676 3865 704 3893 ‹‹
738 3843 810 3899 de
839 3841 988 3911 luce,
1026 3865 1054 3892 ››
1099 3843 1157 3898 id
1209 3847 1316 3912 est,
1351 3860 1420 3899 ex
1451 3862 1566 3917 quo
1621 3845 1800 3901 habui

135 3936 537 4009 cognitionem
569 3932 814 4004 tui,qua3
834 3936 1124 3988 estcausa
1141 3931 1350 4003 vigilite
1370 3949 1513 3988 meae
1536 3939 1592 3988 et
1611 3933 1670 3989 in
1693 3934 1802 3991 hac

134 4024 263 4082 luce
297 4023 556 4082 maxime
591 4038 911 4094 possumus
939 4020 1263 4094 intelligere
1306 4021 1800 4080 illuminationem

135 4131 238 4186 per
266 4109 786 4170 resurrectionem.
816 4111 902 4165 Ad
945 4114 1002 4164 te
1040 4110 1170 4165 dico
1201 4127 1234 4166 ο
1265 4133 1292 4160 ‹‹
1329 4111 1484 4167 Deus
1520 4135 1546 4160 »
1577 4117 1803 4168 creator

133 4202 435 4270 omnium,
456 4204 516 4256 et
545 4223 572 4249 «
598 4199 753 4255 Deus
784 4215 952 4255 meus
985 4221 1013 4248 »
1045 4216 1112 4254 ex
1143 4216 1359 4270 magna
1377 4199 1796 4255 familiaritate.

135 4294 281 4347 Cum
305 4291 403 4348 his
427 4288 613 4362 ponit,
629 4288 803 4356 Deus,
820 4287 1078 4344 ostendit
1099 4305 1160 4344 se
1182 4287 1396 4343 habere
1417 4305 1700 4361 magnum
1725 4290 1797 4345 ad

137 4379 325 4438 Deum
356 4375 744 4434 desiderium.

208 4493 236 4520 ‹‹
263 4467 522 4526 Sitivit.»
537 4466 671 4522 Ideo
681 4464 1024 4539 vigilo,quia
1045 4467 1285 4521 «anima
1300 4481 1430 4522 mea
1446 4489 1471 4514 ››
1488 4465 1582 4523 hic
1595 4466 1801 4524 affecta

137 4557 348 4614 multis
381 4553 710 4623 desideriis,
732 4555 886 4611 sicut
917 4555 1094 4621 ira,et
1124 4554 1254 4611 aliis
1285 4555 1601 4621 similibus,
1628 4580 1655 4605 ‹‹
1681 4556 1801 4612 siti-

1908 3411 2100 3461 tuum.
2137 3425 2164 3453 η

1981 3518 2007 3543 α
2045 3493 2105 3549 Si
2136 3507 2362 3547 memor
2407 3487 2512 3544 fui.
2548 3509 2570 3540 ι
2611 3486 2821 3560 Incipit
2869 3488 3130 3543 secunda
3178 3505 3335 3561 pars.
3369 3489 3567 3547 Conti-
3630 3519 3648 3535 .

1910 3583 2112 3639 nuatio
2136 3597 2150 3634 :
2177 3576 2469 3635 Laudabit
2496 3580 2553 3632 te
2583 3592 2650 3633 os
2681 3575 3058 3648 meum,quia
3077 3580 3142 3632 tu
3166 3575 3330 3634 fuisti
3369 3582 3428 3634 et
3453 3579 3571 3637 eris

1912 3672 2148 3745 adjutor
2168 3669 2432 3735 meus,et
2458 3669 2515 3721 te
2537 3665 2826 3738 adjutore,
2843 3664 2954 3722 fuit
2986 3681 3214 3723 memor
3234 3665 3322 3722 tui
3351 3666 3412 3723 in
3444 3685 3574 3748 pro-

1913 3760 2209 3832 speritate,
2228 3761 2286 3812 et
2306 3755 2414 3811 hoc
2446 3758 2574 3810 est:
2607 3772 2634 3806 ιι
2655 3753 2705 3810 si
2734 3770 2963 3810 memor
2979 3753 3064 3808 fui
3094 3754 3179 3810 tui
3215 3771 3394 3826 super
3421 3762 3572 3813 stra-

1911 3855 2039 3905 tum
2071 3863 2268 3902 meum
2300 3867 2329 3895 »
2366 3844 2424 3898 id
2454 3846 2544 3898 est
2575 3842 2634 3896 in
2666 3840 3072 3913 prosperitate,
3090 3857 3219 3912 qua:
3267 3846 3358 3897 est
3397 3845 3570 3914 quasi

1912 3942 2164 3994 stratum
2195 3939 2252 3990 et
2281 3931 2479 3988 suavis
2508 3930 2716 3996 lectus,
2750 3930 2892 4000 quia
2921 3929 3062 3984 facit
3089 3928 3359 3984 homines
3405 3929 3466 3986 in
3508 3949 3572 3989 se

1911 4025 2166 4080 dormire
2198 4027 2255 4078 et
2283 4019 2395 4076 sibi
2426 4016 2741 4083 adhaerere,
2769 4021 2827 4071 et
2855 4015 2906 4071 si
2938 4014 3020 4070 ibi
3049 4015 3135 4070 fui
3183 4015 3271 4070 tui
3317 4032 3566 4086 memor,

1910 4129 2046 4168 cum
2069 4109 2170 4166 illa
2189 4107 2546 4182 prosperitas
2567 4122 2660 4161 me
2681 4108 3011 4172 excrecaret,
3030 4107 3172 4159 tunc
3197 4105 3569 4164 «meditabor

1911 4202 1969 4256 in
2001 4205 2119 4268 te,»
2155 4199 2213 4253 id
2245 4201 2335 4252 est
2365 4195 2601 4252 assidue
2631 4209 2858 4249 memor
2887 4209 2984 4250 ero
3030 4192 3118 4250 tui
3161 4191 3418 4252 existens
3455 4218 3476 4245 α
3501 4195 3564 4253 in

1909 4287 2240 4354 matutinis,
2265 4285 2322 4341 id
2345 4287 2436 4341 est
2475 4281 3034 4350 illuminationibus,
3066 4299 3216 4354 quas
3247 4283 3394 4340 mihi
3422 4300 3563 4340 con-

1910 4381 2080 4445 teres,
2113 4375 2268 4448 quod
2319 4371 2678 4429 matutinum
2720 4387 2827 4444 ego
2885 4370 3093 4440 habeo,
3137 4393 3167 4423 κ
3209 4372 3351 4444 quia
3398 4373 3561 4430 fuisti

1911 4468 2145 4540 adjutor
2172 4480 2358 4520 meus.
2383 4484 2410 4513 ››
2445 4461 2589 4517 Ecce
2610 4460 2738 4532 jam
2764 4459 3019 4516 ostendit
3057 4458 3312 4518 Ecclesia
3340 4477 3403 4517 se
3432 4479 3563 4519 esse

1910 4569 2176 4614 securam
2208 4553 2267 4608 in
2301 4551 2550 4617 deserto,
2584 4564 2685 4620 per
2714 4547 3074 4619 adjutorium
3104 4547 3225 4603 Dei.

133 4647 216 4702 vit
245 4647 309 4702 in
344 4649 402 4702 te
429 4666 457 4694 ››
479 4643 673 4699 venire
704 4643 924 4699 fontem
953 4643 1248 4709 vivum,in
1280 4645 1666 4714 quoinveniet
1687 4645 1800 4718 ple—
1831 4661 1876 4724 Ι)
1980 4644 2043 4700 Ei
2075 4644 2203 4698 ideo
2224 4640 2364 4712 quia
2395 4637 2556 4694 luisti
2583 4637 2835 4707 adjutor,
2874 4655 2900 4688 α
2932 4634 3234 4693 exsultabo
3255 4656 3283 4690 ι
3319 4652 3425 4710 ego
3455 4658 3482 4691 α
3502 4638 3564 4694 in

136 4751 276 4791 nam
311 4731 784 4800 refectionem,et
815 4763 836 4781 ν
878 4748 1012 4787 caro
1043 4748 1173 4787 mea
1206 4755 1232 4781 ››
1265 4731 1447 4787 sitivit
1494 4733 1604 4789 hoc
1643 4734 1798 4789 idem

137 4847 163 4874 ‹‹
195 4823 366 4889 tibi,»
402 4820 460 4876 id
490 4824 580 4875 est
609 4820 680 4875 ad
714 4819 948 4876 laudem
974 4825 1136 4876 tuam
1172 4838 1184 4876 :
1217 4826 1274 4876 et
1291 4821 1398 4876 hoc
1422 4845 1448 4871 ‹‹
1470 4821 1802 4894 multiplici-

135 4917 246 4977 ter,
273 4933 301 4959 ››
332 4910 396 4965 id
427 4913 520 4964 est
544 4907 728 4964 multo
748 4907 1137 4981 amplioribus
1157 4909 1558 4981 causis,quam
1582 4912 1799 4978 anima,

136 5001 414 5072 subjacet
442 4996 601 5052 enim
633 4997 1020 5068 amplioribus
1053 4997 1327 5063 miseriis,
1370 4997 1610 5064 scilicet,
1638 5000 1799 5068 fami,

137 5089 262 5159 siti,
297 5087 504 5160 frigori
537 5090 594 5141 et
621 5085 753 5142 aliis
784 5087 1148 5158 hujusmodi.

211 5201 240 5228 ‹‹
275 5177 343 5233 In
375 5180 553 5231 terra.
591 5198 614 5224 ι
652 5174 894 5246 Propter
923 5175 1030 5230 hoc
1081 5176 1152 5229 ad
1185 5180 1240 5230 te
1272 5175 1448 5246 sitivi,
1481 5176 1621 5247 quia
1670 5193 1802 5232 sum

141 5290 166 5313 ‹‹
203 5266 262 5320 in
298 5270 481 5332 terra,
512 5287 540 5313 ››
571 5263 631 5317 id
665 5268 754 5317 est
787 5263 844 5318 in
879 5262 1110 5328 saeculo,
1130 5269 1282 5319 terra
1317 5264 1447 5319 dico
1475 5288 1501 5313 ‹‹
1529 5266 1757 5320 deserta
1781 5289 1808 5313 ››

140 5359 442 5427 quantum
459 5354 532 5409 ad
567 5353 824 5421 se,omni
856 5353 1028 5424 bono,
1055 5376 1080 5404 ‹‹
1108 5351 1264 5408 invia
1287 5359 1344 5407 et
1373 5353 1658 5425 inaquosa
1684 5377 1710 5402 ››
1743 5371 1810 5410 ex

142 5460 203 5498 se
230 5439 402 5498 nullo
435 5441 610 5496 modo
660 5440 921 5513 irrigata,
948 5445 1014 5496 ut
1059 5442 1135 5496 sit
1175 5441 1387 5497 habilis
1429 5443 1501 5496 ad
1549 5442 1807 5498 fructum

141 5531 484 5599 ferendum,
507 5534 565 5585 et
599 5529 728 5584 ideo
759 5552 786 5579 ‹‹
823 5529 1068 5602 apparui
1097 5530 1225 5600 tibi,
1249 5553 1274 5577 »ι
1307 5529 1364 5584 id
1396 5535 1486 5585 est
1518 5531 1693 5586 talem
1717 5548 1810 5586 me

143 5620 370 5692 paravi,
396 5635 573 5690 quem
605 5622 668 5674 tu
719 5618 896 5674 debes
930 5618 1238 5690 respicere,
1279 5635 1382 5689 per
1430 5618 1538 5672 hoc
1566 5617 1810 5691 scilicet,

142 5709 306 5785 quod
339 5723 482 5766 sum
512 5729 540 5757 ‹‹
573 5705 633 5764 in
655 5711 858 5764 sancto
892 5731 914 5761 ιο
947 5707 1267 5780 proposito,
1298 5729 1318 5756 σι
1344 5712 1408 5764 ut
1421 5706 1676 5765 viderem
1700 5730 1728 5758 »
1749 5708 1810 5767 in

1877 4785 1879 4787 ,
1908 4732 2258 4793 velamento,
2277 4751 2297 4778 ιι
2333 4727 2390 4782 id
2420 4730 2509 4782 est
2534 4725 2595 4780 in
2617 4723 2914 4796 refrigerio
2941 4744 2968 4775 α
3000 4723 3225 4780 alarum
3257 4728 3560 4795 tuarum,»

1911 4821 1969 4875 id
1992 4824 2080 4875 est
2097 4818 2252 4890 quod
2272 4814 2415 4871 mihi
2437 4813 2650 4868 facient
2670 4812 2772 4868 alae
2793 4817 2927 4867 tuas.
2946 4813 3079 4868 Ideo
3096 4812 3568 4886 exsultaho,quia

1915 4933 1941 4960 ‹‹
1976 4909 2173 4965 anima
2204 4923 2334 4961 mea
2354 4903 2599 4960 adhasit
2627 4924 2654 4954 »
2679 4901 2785 4957 tibi
2816 4902 2978 4957 omni
3007 4906 3138 4958 voto
3177 4907 3234 4958 et
3264 4903 3566 4960 affectione

1913 5005 1968 5053 te
2000 4998 2191 5053 solum
2231 4999 2526 5066 expetens,
2560 5009 2675 5046 non
2725 4991 2806 5045 ita
2849 4995 2915 5046 ut
2961 4991 3249 5062 praecedat
3289 4996 3344 5049 te
3388 4991 3566 5049 veluti

1917 5090 2139 5154 Petrus,
2166 5101 2299 5140 cum
2332 5082 2478 5137 dixit
2503 5081 2749 5136 Domino
2775 5096 2787 5133 :
2813 5079 3104 5152 Propitius
3140 5085 3265 5136 esto
3296 5080 3423 5149 tibi,
3449 5079 3567 5136 Do-

1916 5177 2093 5242 mine,
2118 5190 2188 5230 ne
2239 5175 2338 5227 ﬁat
2367 5171 2523 5226 istud
2559 5168 2849 5236 tibi,dixit
2895 5168 2949 5222 ei
2981 5168 3265 5224 Dominus
3299 5185 3312 5223 :
3352 5190 3380 5220 ‹‹
3409 5168 3569 5225 Vade

1923 5264 2278 5335 retro,Satan
2291 5279 2354 5316 as
2380 5259 2597 5331 (Matth.
2617 5275 2703 5323 Vl;
2738 5256 2901 5312 Marc.
2930 5258 3082 5329 vm,)
3110 5279 3130 5306 ι
3159 5258 3260 5313 sed
3293 5258 3394 5326 ita,
3410 5263 3475 5314 ut
3494 5256 3572 5313 sit

1927 5374 1947 5404 ι
1986 5358 2116 5424 post
2146 5357 2202 5406 te
2228 5374 2248 5399 ιι
2277 5349 2334 5403 id
2357 5353 2446 5403 est
2465 5351 2529 5402 ut
2567 5351 2623 5401 te
2663 5350 2944 5417 sequatur
2964 5346 3220 5415 assidue,
3234 5349 3292 5402 et
3320 5346 3458 5418 quia
3487 5346 3572 5402 sic

1923 5441 2187 5506 adhzesit,
2221 5437 2348 5494 ideo
2376 5460 2403 5488 «
2435 5437 2672 5492 dextera
2704 5439 2825 5502 tua,
2857 5434 2914 5488 id
2945 5439 3035 5490 est
3064 5433 3396 5507 propitiatio
3446 5440 3569 5502 tua,

1921 5531 2006 5586 vel
2041 5529 2198 5584 illius
2227 5531 2367 5582 tuus
2402 5548 2422 5575 ι
2456 5541 2551 5579 me
2599 5522 2858 5594 suscepit
2907 5523 2968 5578 in
3017 5540 3294 5597 magnam
3324 5523 3574 5596 dignita-

1920 5627 2059 5687 tem,
2095 5635 2128 5673 a
2157 5615 2499 5687 dejectione,
2533 5611 2593 5667 in
2626 5629 2744 5684 qua
2772 5627 2932 5667 eram
2972 5618 3211 5685 propter
3240 5617 3498 5686 peccata.

1993 5710 2111 5783 Ego
2139 5703 2397 5764 Ecclesia
2422 5701 2505 5762 ita
2533 5717 2666 5760 sum
2697 5706 2970 5776 suscepta
3001 5700 3162 5778 «ipsi
3191 5717 3382 5775 vero,»
3405 5701 3466 5762 id
3487 5704 3578 5763 est
