3936 6422
422 467 542 529 403

787 470 1195 532 HAYMONIS
1242 471 1778 532 HALBERS’I‘AT.
1828 470 2074 533 EPISC.
2117 471 2294 536 OPP.
2341 474 2562 535 PARS.
2610 476 2657 535 Ι.
2713 512 2784 519 ——
2829 476 3236 541 COMMENT.
3284 479 3478 541 BlBL.

3722 480 3823 540 404

424 602 565 661 mali
582 601 742 660 illiet
761 601 1017 676 est(ipsi)
1030 600 1287 674 positum
1302 604 1374 659 ad
1391 603 1913 677 signiﬁcantiam,«
1932 620 2077 676 quae-
2108 603 2167 672 Α
2196 604 2254 660 id
2286 610 2376 662 est
2423 607 2669 677 occulte,
2704 627 2798 667 me
2826 610 3050 668 scilicet
3088 611 3403 681 nesciente,
3437 617 3723 686 quantum
3765 614 3824 670 ad

427 694 658 751 sierunt
689 716 715 741 »
748 692 986 764 perdere
1020 714 1047 740 «
1080 690 1341 748 animam
1369 711 1584 763 meam,
1614 716 1641 742 ››
1675 694 1777 750 sed
1826 693 1935 750 hoc
1960 717 1987 743 ‹‹
2022 692 2083 749 in

421 798 640 838 vanum
660 804 688 831 »
712 779 852 854 quia
866 779 1012 836 nihil
1030 781 1505 853 profuerunt,sed
1525 782 1722 856 potius
1741 783 1853 839 sibi
1878 800 2083 839 nocue-

425 874 583 939 runt,
618 870 759 943 quia
786 887 890 943 per
919 870 1027 926 hoc
1052 894 1078 921 ‹‹
1102 871 1163 927 in
1188 871 1465 928 inferiora
1483 877 1648 928 terra:
1680 872 2027 942 introibunt,
2052 896 2080 923 ››

424 959 672 1029 scilicet,
702 958 763 1015 in
784 959 1103 1031 infernum,
1138 962 1294 1019 sicut
1324 963 1555 1020 Dathan
1603 969 1661 1020 et
1704 963 1923 1020 Abiron
1973 963 2080 1020 viri

422 1048 688 1123 absorpti
710 1052 854 1106 sunt
882 1050 1068 1121 (Nam.
1098 1054 1236 1122 XVI),
1262 1076 1289 1103 «
1324 1057 1382 1109 et
1409 1053 1717 1109 tradentur
1755 1053 1815 1108 in
1868 1069 2082 1108 manus

420 1135 627 1212 gladii,
650 1161 681 1192 »
715 1138 775 1195 id
807 1143 897 1197 est
925 1140 986 1197 in
1033 1145 1387 1214 potestatem
1434 1142 1724 1212 vindicta),
1758 1148 1815 1199 et
1845 1166 1872 1192 ‹‹
1907 1146 2081 1198 erunt

417 1231 623 1302 partes
641 1226 930 1303 vulpium,
965 1252 994 1281 ››
1026 1230 1085 1287 id
1118 1234 1207 1289 est
1236 1234 1594 1303 dwmonum,
1619 1231 1721 1305 qui
1752 1231 2083 1290 assimilan-

418 1322 521 1375 tur
545 1314 822 1391 vulpibus
847 1322 1084 1393 propter
1106 1320 1445 1379 dolum.Vel
1470 1347 1496 1373 «
1522 1326 1694 1379 erunt
1729 1326 1922 1395 partes
1952 1321 2079 1378 vul-

417 1406 610 1481 pium,
648 1430 678 1460 »
709 1407 768 1465 id
814 1414 905 1467 est
955 1409 1314 1482 dolesorum,
1348 1411 1589 1481 scilicet,
1625 1416 1796 1469 erunt
1843 1413 1915 1469 de
1965 1430 2079 1469 nu-

418 1513 585 1554 mero
617 1515 842 1556 eorum.

497 1586 587 1644 Illi
615 1587 700 1645 ita
719 1588 1183 1659 damnabuntur,
1198 1614 1226 1641 ‹‹
1252 1608 1351 1648 rex
1370 1608 1502 1650 vero
1526 1615 1554 1643 ››
1579 1594 1777 1649 noster
1797 1608 1933 1648 cum
1956 1590 2079 1647 suis

422 1700 454 1731 «
484 1676 779 1736 ltetabitur
824 1678 885 1736 in
934 1679 1051 1738 Deo
1081 1702 1110 1733 ››
1144 1698 1386 1739 securus
1435 1683 1505 1740 de
1550 1687 1762 1739 aeterno
1818 1682 1995 1752 bono,
2025 1687 2081 1739 et

423 1788 455 1820 «
488 1782 694 1826 omnes
725 1768 827 1842 qui
847 1770 1054 1843 jurant
1084 1771 1145 1828 in
1175 1789 1264 1844 eo,
1286 1795 1313 1822 ››
1346 1772 1405 1827 id
1438 1772 1647 1846 estqui
1670 1771 2079 1828 ﬁrmissimum

419 1856 540 1917 sibi
569 1858 923 1932 promittunt
953 1863 1010 1918 et
1036 1862 1378 1934 persolvunt
1407 1862 1782 1935 obsequium,
1815 1884 1843 1915 ‹‹
1875 1861 2078 1919 lauda-

420 1948 667 2018 buntur,
686 1968 716 2000 »
750 1948 809 2005 id
842 1953 933 2007 est
963 1950 1287 2009 laudabiles
1319 1957 1491 2009 erunt
1521 1953 1677 2025 apud
1707 1951 2078 2021 omnes,ideo

424 2059 455 2090 ι(
486 2036 626 2110 quia
684 2055 750 2096 os
798 2038 1168 2112 loquentium
1200 2065 1228 2093 »
1263 2047 1466 2099 contra
1523 2058 1622 2098 eos
1675 2043 1736 2098 in
1795 2042 1904 2099 hac
1962 2042 2081 2098 vita

425 2147 455 2179 α
486 2126 712 2200 iniqua,
725 2128 1097 2187 obstructum
1119 2136 1209 2188 est
1237 2152 1265 2182 ››
1292 2130 1569 2203 quiajam
1592 2130 1739 2187 nihil
1762 2135 2081 2203 potuerunt

419 2215 605 2287 loqui.

906 2307 979 2364 IN
1018 2308 1368 2367 PSALMUM
1410 2312 1603 2369 LXIII.

726 2396 1000 2453 Trruws.
1033 2398 1097 2454 In
1123 2400 1289 2470 ﬁnem
1313 2402 1562 2472 psalmus
1590 2402 1782 2458 David.

500 2503 529 2533 ι(
559 2483 801 2556 Exaudi,
836 2484 1010 2556 Deus,
1027 2488 1350 2546 orationem
1382 2506 1640 2550 meam.»
1668 2492 1780 2549 Iste
1812 2491 2080 2564 psalmus

425 2572 696 2632 convenit
723 2574 927 2647 David,
959 2575 1019 2632 id
1070 2581 1159 2634 est
1188 2577 1441 2646 Christo,
1478 2580 1579 2651 qui
1628 2580 1724 2637 hie
1770 2580 2032 2653 loquitur
2064 2598 2077 2640 :

424 2660 685 2737 dirigens
716 2663 776 2720 in
807 2664 1007 2722 finem.
1032 2665 1303 2724 Christus
1334 2672 1423 2724 est
1465 2669 1713 2727 materia
1761 2688 1974 2744 passus
2022 2675 2081 2727 et

422 2749 787 2824 glorificatus
821 2771 835 2810 :
869 2754 1120 2812 breviter
1166 2755 1324 2812 enim
1373 2758 1564 2831 tangit
1611 2759 1683 2816 de
1722 2759 1996 2831 Passieno
2025 2764 2082 2816 et

421 2839 867 2915 glorificatione.
892 2843 1101 2901 Modus
1129 2863 1142 2902 :
1170 2846 1233 2902 In
1256 2846 1449 2920 prima
1467 2852 1632 2920 parte
1654 2850 1934 2905 describit
1954 2866 2079 2905 ma-

423 2928 613 2988 litiam
633 2931 1070 3004 Judzeorum,et
1096 2939 1224 2992 erat
1246 2936 1483 2993 liberari
1506 2937 1579 2995 ab
1609 2938 1712 3010 eis,
1729 2943 1788 2995 et
1826 2939 2082 2996 afﬁrmat

423 3021 583 3093 quod
611 3019 978 3081 liberabitur.
1011 3024 1077 3082 In
1129 3026 1390 3083 secunda
1426 3031 1611 3099 parte,
1644 3045 1773 3100 qum
1822 3027 2029 3102 incipit
2062 3046 2076 3087 :

422 3109 660 3184 Sagitta:
692 3112 1091 3186 parvulorum,
1123 3114 1289 3188 ponit
1315 3115 1651 3175 irrisionom
1683 3116 1944 3176 stultitiae
1992 3136 2083 3175 eo-

424 3216 582 3257 rum.
615 3200 868 3267 Intentio
898 3206 1008 3277 est,
1041 3204 1355 3262 admonere
1385 3206 1640 3277 Judteos,
1674 3212 1741 3264 ut
1786 3214 2018 3267 cessent
2046 3227 2082 3267 a

2193 694 2437 751 stultam
2470 697 2807 770 Opinionem
2835 718 3038 757 eorum
3077 725 3098 751 α
3134 706 3193 757 et
3226 726 3247 751 υ
3286 720 3378 757 me
3408 707 3638 758 mortuo
3682 725 3703 752 α
3724 720 3823 758 non

2192 784 2488 841 timebunt
2521 810 2543 839 ι
2583 804 2817 859 pmnam
2846 807 2951 862 pro
2984 791 3247 863 nequitia
3277 791 3397 861 illa,
3423 795 3481 847 et
3510 796 3733 848 certum
3752 796 3826 847 est

2193 874 2347 946 quod
2379 876 2767 947 sagittabunt,
2799 878 2939 950 quia
2974 900 3002 932 (ι
3034 880 3412 936 ﬁrmaverunt
3442 879 3576 949 sibi,
3615 903 3638 931 ι
3674 881 3731 936 id
3751 885 3825 936 est

2191 964 2347 1035 apud
2383 981 2443 1019 se
2471 985 2497 1016 α
2527 982 2859 1023 sermonem
2906 985 3160 1041 nequam
3186 991 3208 1020 »
3245 971 3316 1025 de
3354 974 3538 1026 morte
3587 987 3750 1025 mea:
3774 974 3827 1024 ut

2192 1068 2327 1108 cum
2359 1053 2722 1127 prophetans
2743 1056 3017 1130 Caiphae,
3042 1058 3189 1115 dixit
3221 1075 3235 1114 :
3273 1082 3295 1109 α
3320 1059 3565 1132 Expedit
3595 1066 3660 1116 ut
3689 1076 3827 1116 unus

2191 1140 2478 1198 moriatur
2506 1144 2682 1201 homo
2712 1163 2817 1218 pro
2847 1147 3064 1220 populo
3095 1149 3273 1218 (Joan.
3304 1149 3405 1222 x1).
3442 1173 3466 1203 ι

2235 1254 2289 1314 ἢκ
2342 1232 2755 1291 Narraverunt.
2792 1255 2820 1288 ιι
2877 1236 3282 1294 Firmaverunt
3340 1238 3454 1294 sibi
3513 1254 3829 1295 sermonem

2191 1337 2465 1393 nequam,
2500 1327 2556 1379 et
2585 1330 2788 1396 postea
2823 1348 2845 1376 ι
2877 1331 3281 1398 narraverunt,
3308 1351 3331 1381 ι
3377 1327 3435 1384 id
3476 1332 3565 1384 est
3594 1329 3744 1402 apud
3773 1343 3829 1383 se

2191 1415 2692 1483 pertractaverunt
2746 1438 2766 1464 ι
2816 1419 2881 1470 ut
2930 1416 3357 1473 absconderent
3405 1416 3666 1489 laqueos,
3705 1439 3727 1466 ι
3778 1421 3833 1471 ut

2190 1516 2325 1556 cum
2358 1501 2621 1558 fecerunt
2670 1521 2805 1559 eum
2846 1520 2881 1559 a
2930 1503 3221 1577 discipulo
3272 1505 3447 1574 tradi,
3480 1510 3539 1562 et
3582 1523 3616 1562 a
3662 1504 3834 1560 Pilato

2182 1588 2437 1661 judicari
2470 1595 2526 1648 et
2556 1592 2778 1648 similia
2810 1610 2823 1649 :
2865 1616 2885 1642 α
2918 1596 2975 1648 et
3021 1596 3225 1664 postea
3263 1614 3291 1647 α
3319 1594 3593 1650 dixerunt
3621 1613 3649 1646 η
3688 1593 3835 1666 apud

2189 1678 2411 1751 seipsos
2438 1698 2449 1736 :
2473 1683 2658 1747 Quam
2676 1682 2821 1737 bene
2843 1683 3323 1755 excogitavimus,
3364 1706 3385 1733 α
3411 1682 3544 1755 quis
3566 1683 3799 1738 videbit
3815 1706 3832 1735 ι

2188 1767 2428 1840 laqueos
2458 1793 2478 1820 α
2517 1769 2700 1827 istos?
2735 1795 2755 1820 n

2267 1880 2289 1908 α
2316 1859 2567 1916 Scrutati
2592 1863 2749 1928 sunt,
2770 1883 2790 1909 υ
2822 1860 2881 1915 id
2910 1865 2999 1917 est
3020 1861 3205 1917 multo
3227 1861 3423 1917 studio
3445 1860 3839 1933 inquisierunt

2199 1967 2226 2000 α
2256 1946 2598 2020 iniquitates
2633 1972 2660 1997 ›ι
2694 1953 2757 2004 ut
2788 1950 3081 2020 quomodo
3113 1953 3354 2023 possent
3402 1966 3495 2007 me
3544 1950 3604 2006 in
3658 1956 3840 2008 morte

2192 2036 2475 2107 detinere,
2499 2038 2598 2093 sed
2652 2038 2763 2110 ipsi
2810 2043 3199 2096 «scrutantes
3234 2062 3262 2089 ››
3315 2057 3433 2096 non
3490 2040 3691 2111 semel,
3744 2040 3837 2096 sed

2192 2148 2219 2175 «
2253 2126 2558 2196 scrutinio,
2595 2150 2624 2177 ››
2655 2128 2713 2182 id
2774 2132 2865 2184 est
2913 2129 3154 2186 assidua
3201 2128 3581 2201 inquisitione
3619 2154 3647 2181 ι(
3684 2129 3838 2185 defe-

2190 2219 2415 2283 cerunt,
2454 2238 2480 2264 »
2516 2216 2653 2287 quia
2684 2234 2801 2274 non
2846 2220 3165 2291 potuerunt
3214 2234 3307 2276 me
3354 2218 3414 2274 in
3460 2223 3645 2276 morte
3694 2218 3838 2276 deti-

2190 2319 2325 2360 nere
2333 2343 2347 2360 ο
2482 2317 2491 2324 ’

2263 2415 2291 2441 ‹‹
2318 2393 2587 2449 Accedet.
2618 2417 2646 2444 »
2679 2394 2779 2450 Isti
2810 2396 2912 2467 qui
2935 2396 3092 2453 mala
3113 2398 3474 2471 quaerebant,
3488 2379 3837 2463 defecerunt,

2190 2481 2293 2538 sed
2352 2481 2526 2539 homo
2576 2483 2902 2555 rationalis,
2954 2485 3181 2544 scilicet
3239 2509 3269 2537 «
3322 2490 3554 2545 accedet
3609 2489 3685 2544 ad
3751 2502 3841 2543 cor

2191 2570 2399 2639 altum,
2434 2596 2460 2622 ι(
2486 2571 2545 2628 id
2577 2577 2665 2629 est
2695 2578 2760 2630 ut
2788 2591 2889 2630 cor
2917 2591 3094 2631 suum
3125 2574 3311 2648 erigat
3361 2578 3431 2634 ad
3472 2575 3841 2650 intelligenda

2190 2660 2329 2731 alta,
2355 2661 2598 2733 scilicet,
2619 2662 2934 2720 consilium
2966 2664 3091 2721 Dei.
3122 2664 3225 2721 Vel
3277 2682 3376 2722 cor
3418 2667 3518 2723 Dei
3556 2666 3837 2737 dicamus,

2190 2750 2431 2821 scilicet,
2453 2753 2689 2809 accedet
2715 2753 2890 2810 homo
2934 2757 3001 2810 ut
3042 2753 3334 2828 intelligat
3374 2772 3474 2811 cor
3502 2755 3624 2828 Dei,
3660 2756 3721 2812 id
3765 2759 3840 2812 est

2190 2840 2321 2912 ejus
2369 2847 2663 2899 secretum
2712 2842 3051 2900 consilium.
3101 2845 3350 2901 Accedet
3397 2844 3627 2917 proprie
3691 2845 3839 2914 dicit,

2190 2929 2331 3002 quia
2351 2929 2553 2987 nullus
2593 2930 2763 3006 plene
2787 2932 3102 2989 consilium
3134 2932 3235 2988 Dei
3263 2937 3592 3006 cognoscet.
3617 2956 3649 2983 ‹‹
3675 2936 3839 2990 Acce—

2191 3019 2288 3075 det
2318 3042 2347 3069 »
2379 3019 2531 3090 dico,
2566 3044 2593 3071 «
2628 3026 2686 3078 et
2734 3020 3090 3078 exaltabitur
3121 3044 3149 3072 ››
3180 3022 3336 3093 apud
3382 3040 3517 3079 eum
3550 3046 3577 3073 ‹‹
3609 3022 3787 3090 Deus,
3818 3046 3841 3071 ››

2190 3125 2308 3165 non
2321 3110 2477 3182 quod
2492 3111 2961 3185 Deus,quantum
2975 3111 3045 3166 ad
3060 3109 3255 3181 ipsum
3269 3112 3840 3187 est,possitunquam

2189 3198 2455 3269 exaltari,
2485 3201 2586 3257 sed
2617 3205 2905 3274 quantum
2940 3199 3012 3255 ad
3044 3216 3200 3268 eum,
3230 3199 3386 3271 apud
3434 3217 3612 3273 quem
3670 3203 3843 3274 major

422 3289 709 3363 nequitia,
724 3296 783 3349 et
811 3292 966 3349 sicut
983 3292 1045 3348 in
1067 3295 1295 3351 caeteris
1315 3295 1691 3369 psalmis,ubi
1714 3299 1786 3355 de
1806 3300 2080 3372 passione
2114 3355 2153 3372 η
2192 3288 2450 3362 cognitio
2467 3291 2540 3346 ἀρ
2560 3290 2677 3347 Πθο
2698 3290 2970 3346 habetur-
2989 3287 3093 3344 νει
3115 3288 3287 3345 aliter
3310 3305 3324 3345 ί
3348 3288 3467 3361 ῙΡείί
3489 3290 3841 3361 defecerunt.

424 3378 570 3451 agit,
602 3378 676 3435 ab
707 3380 966 3437 oratione
996 3381 1224 3455 incipit,
1250 3382 1335 3440 sic
1365 3383 1461 3440 hic
1482 3402 1618 3441 cum
1647 3387 1791 3444 dicit
1821 3406 1836 3446 :

332 3512 352 3531 ,
420 3522 430 3528 ,
501 3487 533 3518 ι(
561 3466 809 3539 Exaudi,
830 3468 1345 3541 Deus,orationcm
1376 3489 1570 3531 meam
1598 3495 1628 3524 »
1651 3475 1723 3532 de
1750 3475 1922 3534 bonis
1938 3477 2086 3534 obti-

428 3553 659 3626 nendis,
692 3560 751 3615 et
775 3579 804 3607 ››
853 3574 989 3614 cum
1024 3580 1053 3609 ››
1082 3575 1189 3634 ego
1224 3581 1253 3611 ς(
1284 3561 1581 3634 deprecor,
1617 3564 1777 3637 eripe
1822 3565 2082 3623 animam

427 3660 643 3703 meam.
670 3668 700 3698 »
730 3646 858 3704 Non
890 3647 1020 3705 dico
1051 3665 1085 3705 a
1114 3648 1324 3706 timore
1354 3652 1582 3722 mortis,
1601 3653 1704 3709 sed
1740 3670 1774 3710 a
1812 3676 1841 3706 ‹‹
1873 3655 2084 3712 timore

424 3733 675 3808 inimici,
708 3757 737 3787 »
769 3736 828 3794 id
862 3740 971 3805 est,
1002 3737 1085 3795 ita
1125 3737 1308 3797 libera
1338 3757 1451 3812 me,
1487 3758 1559 3797 ne
1597 3759 1701 3815 ego
1735 3744 1938 3801 cedam
1970 3745 2081 3801 ini-

422 3823 593 3883 micis
623 3830 861 3900 propter
892 3826 1185 3887 timorem.

500 3936 531 3967 ι(
560 3913 868 3975 Protexisti
919 3934 1013 3976 me
1058 3935 1091 3975 a
1139 3924 1429 3977 conventu
1477 3920 1932 3996 malignantium
1967 3946 1994 3973 »
2026 3927 2082 3981 et

423 4006 619 4063 certus
666 4022 800 4063 sum
850 4008 1007 4080 quod
1057 4008 1292 4081 eripies,
1325 4010 1467 4082 quia
1495 4034 1523 4061 α
1558 4011 1861 4084 protexisti
1910 4030 2004 4069 me
2049 4030 2084 4070 a

421 4099 709 4154 conventu
731 4096 1143 4171 maligantium
1174 4121 1204 4152 »
1237 4098 1297 4155 id
1328 4105 1417 4157 est
1445 4118 1480 4157 a
1514 4100 1854 4158 collectione
1883 4103 1957 4158 de
1989 4120 2082 4159 me

422 4185 577 4243 male
606 4187 1059 4260 cogitantium,«
1085 4192 1144 4245 et
1172 4189 1351 4245 etiam
1383 4207 1418 4247 a
1444 4190 1823 4251 multitudine
1844 4209 2084 4265 operan-

419 4274 574 4331 tium
602 4274 975 4349 iniquitatem
1006 4296 1034 4331 υ
1069 4276 1129 4333 id
1161 4281 1251 4334 est
1279 4276 1381 4350 qui
1412 4278 1557 4335 mihi
1589 4278 1746 4336 mala
1776 4279 2084 4337 actualiter

418 4364 704 4423 inferunt.

495 4478 523 4507 α
557 4453 725 4525 Quia.
760 4477 790 4507 ››
821 4455 1143 4513 Enumerat
1193 4456 1486 4529 nequitias
1532 4457 1894 4516 Judacorum.
1928 4459 2081 4516 Bene

420 4543 574 4616 dico,
609 4546 980 4618 operantium
1011 4545 1406 4619 iniquitatem,
1442 4570 1469 4599 «
1502 4546 1695 4620 quia»
1727 4548 1855 4621 ipso
1888 4572 1915 4599 ‹‹
1946 4565 2078 4605 exa-

416 4638 673 4693 cuerunt
694 4640 761 4694 ut
787 4634 1053 4710 gladium
1086 4635 1321 4710 linguas
1350 4654 1491 4695 suas
1523 4660 1552 4688 ››
1583 4638 1724 4709 quia
1753 4638 1907 4694 sicut
1954 4640 2078 4712 gla-

2110 3355 2155 3423 C
2193 3355 2297 3435 sed
2327 3382 2525 3435 tamen
2555 3379 2731 3435 homo
2760 3377 2857 3435 ille
2878 3376 3097 3434 stultus
3126 3378 3362 3434 accedet
3376 3355 3465 3435 ad
3496 3396 3596 3435 cor
3639 3355 3838 3448 altum,

2191 3467 2417 3525 scilicet
2445 3472 2513 3525 ut
2532 3466 2775 3540 impleat
2794 3466 2981 3523 altum
3002 3466 3318 3524 consilium
3338 3467 3438 3523 Dei
3461 3473 3526 3525 ut
3546 3486 3646 3525 me
3681 3470 3841 3526 inter-

2190 3557 2490 3627 ﬁeiat,sed
2520 3557 2675 3613 Deus
2705 3556 3075 3626 exaltabitur,
3091 3573 3184 3613 me
3214 3557 3641 3614 resuscitando.
3660 3559 3842 3616 Potest

2192 3647 2276 3704 ita
2303 3646 2440 3721 legi,
2481 3652 2540 3704 et
2568 3663 2668 3703 cor
2697 3646 2908 3716 altum,
2941 3646 3211 3720 quamvis
3259 3647 3447 3703 sancti
3495 3652 3696 3720 patres
3737 3665 3840 3704 non

2190 3742 2438 3809 ponunt,
2464 3737 2547 3794 sic
2580 3737 2693 3810 ipsi
2725 3742 2995 3810 quierunt
3025 3741 3275 3793 mortem
3306 3753 3602 3808 meam,ac
3654 3737 3705 3795 si
3746 3754 3840 3810 ego

2191 3826 2408 3882 invitus
2448 3827 2822 3895 sustinerem,
2856 3826 2958 3883 sed
3003 3826 3338 3884 dominicus
3387 3826 3560 3883 homo
3612 3827 3839 3885 accedet

2189 3915 2536 3985 voluntarie,
2561 3922 2618 3973 et
2649 3934 2747 3973 cor
2773 3916 2981 3985 altum,
3014 3916 3074 3972 id
3105 3921 3194 3973 est
3224 3916 3530 3989 dispositio
3579 3916 3709 3991 Dei,
3742 3916 3838 3972 erit

2191 4022 2327 4062 cum
2358 4023 2447 4076 eo,
2480 4011 2537 4063 et
2565 4006 2919 4063 exaltabitur
2939 4006 3118 4063 Deus.

2263 4118 2291 4145 ‹‹
2314 4094 2573 4168 Sagittae.
2592 4119 2619 4146 ››
2642 4095 2852 4169 Incipit
2875 4096 2946 4151 de
2968 4096 3228 4152 secunda
3247 4100 3431 4168 parte.
3448 4095 3734 4154 Benedico
3750 4097 3834 4152 de-

2190 4185 2623 4258 fecerunt,quia
2648 4209 2670 4235 ι
2697 4184 2880 4258 plaga:
2902 4201 3165 4254 eorum,»
3189 4185 3247 4240 id
3269 4189 3357 4241 est
3373 4184 3531 4241 mala
3550 4202 3682 4257 quae
3706 4182 3834 4241 mihi

2190 4274 2469 4344 inferunt,
2486 4298 2513 4326 «
2529 4280 2669 4332 sunt
2679 4275 2844 4330 factae
2858 4274 3011 4330 sicut
3023 4274 3246 4347 sagitta:
3259 4273 3661 4346 parvulorum,
3672 4297 3700 4325 ››
3713 4273 3837 4347 quia

2186 4363 2345 4421 sicut
2375 4363 2599 4438 sagitta:
2631 4362 3009 4437 parvulorum
3040 4380 3156 4420 non
3196 4363 3526 4434 nocent,sic
3556 4380 3664 4420 nec
3695 4360 3837 4420 mala

2189 4469 2317 4526 quae
2349 4452 2495 4509 mihi
2530 4452 2754 4509 faciunt
2780 4468 2792 4508 :
2818 4476 2847 4504 ‹‹
2871 4457 2929 4510 et
2947 4451 3162 4526 lingua:
3193 4469 3395 4510 eorum
3417 4456 3558 4509 sunt
3586 4451 3837 4508 inﬁrma-

2187 4546 2279 4613 ιω,
2308 4564 2336 4593 ››
2360 4542 2501 4615 quia
2528 4558 2665 4599 cum
2696 4546 2831 4599 ante
2859 4542 3346 4599 resurrectionem
3370 4541 3619 4615 superbe
3641 4545 3833 4598 contra

2187 4632 2487 4689 Christum
2504 4631 3047 4706 loquerentur,post
3068 4632 3553 4689 resurrectionem
3579 4647 3697 4686 non
3718 4634 3831 4685 tam

418 4725 557 4783 dius
582 4723 817 4783 acuitur
835 4730 902 4783 ut
931 4724 1120 4800 magis
1143 4726 1485 4797 incidat,ita
1504 4726 1847 4785 acutissime
1867 4728 2081 4800 cogita-
2108 4733 2157 4800 D
2188 4725 2453 4795 proterve
2483 4720 2663 4777 locuti
2694 4726 2926 4791 sunt,et
2952 4721 3063 4779 hoc
3085 4746 3111 4773 «
3137 4725 3339 4778 contra
3360 4736 3478 4788 eos,
3501 4742 3530 4770 ››
3561 4719 3621 4775 id
3653 4723 3741 4775 est
3769 4717 3831 4773 ad

417 4816 562 4874 bant
609 4815 751 4888 quid
795 4817 965 4890 pejus
1014 4821 1257 4890 possent
1299 4816 1491 4874 dicere
1534 4817 1595 4873 in
1643 4834 1801 4887 eum,
1826 4822 1890 4874 ut
1938 4833 2075 4873 cum

418 4904 678 4964 dicerent
710 4922 723 4963 :
757 4905 1044 4979 Cruciﬁge
1073 4923 1230 4976 eum,
1261 4909 1319 4964 et
1352 4905 1466 4963 alia
1498 4907 1829 4964 manifesta.
1855 4908 1923 4963 Et
1944 4927 1975 4960 ι
1996 4906 2079 4964 in-

414 4995 733 5053 tenderunt
761 5012 1034 5066 arcum,»
1067 4994 1127 5052 id
1159 4998 1246 5072 est
1275 4994 1441 5052 dolos
1473 5018 1499 5045 ‹‹
1534 4999 1950 5068 paraverunt,»
1973 4996 2079 5053 sci-

409 5081 554 5142 licet
589 5108 610 5136 α
645 5100 770 5142 rem
802 5100 1064 5142 amaram
1091 5107 1113 5135 ι»
1150 5088 1216 5140 ut
1246 5085 1762 5157 cum:quzesierunt
1781 5086 2074 5158 quomodo

419 5191 454 5231 a
482 5174 770 5248 discipulo
799 5176 1148 5243 traderetur,
1165 5180 1222 5233 ct
1244 5176 1315 5232 ab
1337 5175 1481 5247 ipsis
1504 5176 1942 5248 cruciﬁgeretur
1962 5178 2072 5234 Ro-

418 5265 633 5336 manis,
653 5282 789 5323 cum
823 5283 857 5322 a
877 5264 1080 5337 judice
1112 5265 1374 5323 Romano
1417 5266 1819 5335 damnaretur,
1842 5267 1912 5322 ad
1962 5266 2071 5324 hoc

416 5353 641 5412 scilicet
667 5355 1050 5412 intenderunt
1084 5376 1105 5405 α
1139 5359 1207 5412 ut
1235 5355 1534 5428 sagittent,
1572 5380 1593 5408 »
1620 5355 1678 5411 id
1728 5360 1817 5412 est
1845 5355 2071 5413 interﬁ-

417 5442 575 5500 ciant
609 5466 631 5495 ι
667 5444 1115 5501 immaculatum
1153 5468 1173 5496 ι»
1206 5446 1263 5500 id
1314 5450 1403 5502 est
1451 5446 1763 5517 meipsum,
1796 5446 1894 5517 qui
1946 5447 2072 5503 sine

398 5532 574 5589 omni
604 5534 736 5591 labe
765 5533 989 5607 peccati
1018 5536 1197 5606 eram,
1214 5539 1269 5591 et
1299 5535 1409 5592 hoc
1434 5558 1461 5586 ‹‹
1483 5535 1541 5591 in
1565 5535 1809 5594 occultis
1836 5560 1855 5585 υ
1885 5553 2068 5607 quan-

414 5624 543 5679 tum
573 5625 646 5681 ad
678 5625 1092 5697 cogitationem
1118 5641 1341 5683 eorum.

492 5731 516 5759 α
550 5710 777 5767 Subito.
811 5736 834 5768 ι
874 5713 1197 5770 Intendunt
1226 5719 1291 5770 ut
1322 5714 1625 5787 sagittent,
1664 5737 1690 5771 υ
1722 5720 1778 5773 et
1825 5717 2066 5790 sagitta-

418 5791 567 5854 bunt
612 5814 748 5856 eum
774 5819 802 5855 ιι
839 5816 1016 5874 quem
1065 5800 1286 5881 volunt,
1318 5802 1540 5863 scilicet
1584 5820 1676 5861 me
1714 5824 1735 5855 α
1770 5804 1984 5876 subito,
2040 5830 2062 5858 ιι

2186 4812 2440 4868 dedecus
2459 4828 2827 4882 eorum,cum
2847 4811 2932 4868 ita
2952 4810 3211 4868 ostendit
3224 4827 3323 4866 eos
3346 4809 3627 4866 defecisse
3647 4806 3828 4881 plane,

2187 4919 2356 4958 suam
2380 4902 2868 4960 resurrectionem
2898 4900 3068 4958 nobis
3100 4900 3315 4957 innuit.

2258 4992 2601 5050 Conturbati
2624 4996 2783 5049 sunt.
2800 4990 2936 5049 Mali
2959 4990 3045 5047 sic
3070 4991 3486 5058 defecerunt,et
3500 4992 3638 5043 tunc
3661 5010 3689 5038 «
3704 4988 3830 5043 sunt

2187 5081 2517 5138 conturbati
2553 5104 2580 5132 ››
2614 5082 2685 5139 ad
2737 5081 2914 5137 ﬁdem
2954 5080 3390 5153 suscipiendam
3425 5100 3452 5129 ‹‹
3484 5093 3688 5132 omnes
3735 5072 3826 5146 qui

2184 5170 2461 5227 videbant
2485 5188 2582 5228 eos
2609 5194 2636 5221 »
2668 5170 2891 5227 scilicet
2921 5167 3104 5243 aliqui
3155 5168 3225 5225 dc
3268 5166 3428 5224 omni
3457 5181 3702 5240 genere:
3728 5189 3751 5214 ‹‹
3775 5166 3825 5217 et

2186 5260 2385 5317 timuit
2407 5260 2600 5318 omnis
2617 5260 2852 5330 homo,»
2877 5258 2961 5316 sic
2978 5258 3364 5316 conturbatus
3387 5255 3583 5312 timuit
3604 5267 3820 5327 pernam

2183 5368 2288 5423 pro
2318 5350 2594 5423 peccatis.

2254 5442 2324 5498 Et
2344 5441 2428 5497 illi
2462 5440 2608 5497 tales
2631 5464 2655 5489 «ι
2682 5439 3179 5496 annuntiaverunt
3199 5454 3372 5511 opera
3389 5433 3489 5491 Dei
3516 5458 3541 5483 »
3565 5434 3816 5488 incarna-

2181 5533 2422 5603 tionem,
2458 5530 2842 5599 nativitatem,
2869 5528 3227 5601 passionem,
3251 5523 3731 5583 resurrectionem
3767 5522 3816 5574 et

2180 5622 2400 5681 similia
2432 5647 2457 5673 ‹‹
2483 5626 2541 5679 et
2576 5644 2602 5672 ››
2634 5619 2734 5677 illa
2756 5644 2782 5671 α
2806 5619 2958 5676 facta
2982 5620 3111 5691 ejus
3139 5640 3164 5668 »
3188 5615 3310 5685 Dei,
3334 5614 3571 5670 tandem
3613 5636 3641 5663 (ι
3661 5605 3814 5665 intel-

2179 5712 2444 5769 lexerunt
2475 5727 2489 5767 :
2526 5734 2552 5760 ››
2586 5714 2644 5767 et
2668 5709 2763 5765 hic
2795 5711 3050 5780 notatur,
3076 5706 3232 5779 quod
3274 5704 3438 5777 prius
3488 5697 3811 5775 mysterium

2178 5802 2279 5862 Dei
2312 5801 2412 5859 diu
2440 5804 2724 5860 tractetur
2743 5814 2922 5873 quam
2943 5795 3323 5871 intelligatur,
3352 5792 3451 5852 ubi
3494 5790 3635 5849 dicit
3680 5786 3809 5846 alios
