3936 6400
351 425 468 488 407

774 428 1185 491 HAYMONIS
1217 427 1762 490 HALBERSTAT.
1797 424 2042 488 EPISC.
2074 426 2247 487 OPP.
2280 424 2482 489 PARS
2515 426 2561 488 Ι.
2595 461 2673 471 -—-
2702 425 3108 489 COMMENT.
3141 426 3340 488 BlBL.

3673 423 3810 486 408

356 578 382 613 α
414 563 545 634 ejus
577 585 601 616 ι
638 562 751 619 cibi
788 585 810 612 ι
843 567 933 618 est
961 561 1063 630 ita,
1090 583 1110 610 η
1137 560 1194 615 id
1228 565 1338 629 est,
1375 577 1476 633 per
1506 565 1562 617 te
1592 560 1782 617 solum
1814 563 2007 633 potest
2036 560 2089 628 Α
2120 560 2204 616 eis
2235 567 2458 617 certum
2481 561 2768 617 indicium
2789 578 2907 617 suae
2939 559 3400 617 resurrectionis.
3428 559 3490 615 In
3514 561 3815 616 secunda

352 668 570 726 parari.

422 741 494 796 Et
520 743 607 809 tu,
630 739 898 806 Domine,
917 762 939 790 α
971 739 1124 796 rivos
1153 740 1285 810 ejus
1311 764 1332 790 ι
1363 740 1645 809 ﬂuminis,
1670 741 1727 795 id
1755 745 1846 796 est
1879 758 2014 795 san-

352 835 478 886 ctos
526 828 845 901 apostolos,
878 829 980 900 qui
1030 828 1309 885 dicuntur
1356 829 1462 884 rivi
1513 830 1796 897 ﬂuminis,
1849 830 2015 900 quia

351 918 759 974 misericordia
787 918 893 974 Dei
922 919 1134 986 fluunt,
1168 923 1226 974 et
1270 919 1416 975 alios
1462 923 1692 991 portare
1741 923 2011 991 possunt,

347 1005 482 1062 illos
509 1025 533 1058 ι
560 1005 806 1074 inebria,
831 1029 854 1060 ι
881 1006 942 1062 id
973 1011 1083 1076 est,
1107 1007 1408 1064 abundare
1453 1007 1634 1064 facias
1682 1008 1851 1064 donis
1883 1007 2013 1079 Spi-

352 1095 506 1153 ritus
539 1095 750 1163 sancti,
781 1115 810 1148 ι
834 1095 1135 1169 genimina
1165 1097 1294 1169 ejus
1313 1116 1340 1149 υ
1377 1097 1662 1164 fluminis,
1688 1096 1746 1152 id
1779 1101 1887 1165 est,
1911 1094 2013 1167 qui

345 1189 489 1242 sunt
517 1185 780 1258 generati
812 1202 846 1242 a
877 1185 1285 1243 misericordia
1329 1187 1449 1254 Dei,
1480 1209 1500 1236 ι
1537 1185 1868 1258 multiplica
1893 1209 1914 1236 ι
1952 1186 2012 1241 in

345 1291 595 1331 numero
625 1279 684 1332 et
709 1274 1057 1342 virtutibus,
1087 1297 1113 1328 α
1144 1276 1507 1348 germinans,
1532 1301 1554 1328 υ
1585 1276 1643 1331 id
1681 1279 1790 1344 est,
1825 1276 2013 1344 rudis,

342 1365 416 1421 de
446 1381 563 1438 quo
596 1364 712 1421 alia
749 1364 1057 1423 translatio
1094 1364 1256 1435 dicit,
1280 1366 1380 1438 qui
1421 1365 1630 1436 oritur,
1661 1388 1684 1414 ι
1718 1365 2016 1420 izetabitur

341 1454 406 1509 in
437 1453 760 1512 stillicidiis
790 1455 920 1527 ejus
953 1479 974 1508 ι
1013 1455 1321 1524 ﬂuminus,
1347 1453 1592 1524 scilicet,
1622 1454 1806 1526 guttis
1837 1454 2012 1510 mise-
2055 1456 2078 1464 ’

339 1544 610 1600 rieordisa
641 1543 766 1612 Dei,
793 1544 867 1600 de
898 1543 1121 1616 quibus
1147 1543 1290 1599 dicit
1317 1543 1638 1615 Apostolus
1667 1559 1721 1599 :a
1744 1543 1858 1598 Lac
1879 1543 2013 1598 dedi

335 1633 532 1690 vobus
563 1637 794 1706 potum,
828 1649 945 1689 non
979 1649 1175 1689 eseam
1199 1633 1246 1705 (1
1276 1632 1400 1689 Cor.
1437 1635 1547 1700 ιιι).
1571 1652 1599 1685 ι

421 1745 444 1773 ι
471 1720 807 1779 Benediees.
827 1741 853 1773 ι
881 1720 1031 1788 Quid
1065 1737 1168 1794 per
1196 1721 1432 1794 singula
1460 1722 1735 1778 curram?
1757 1723 1866 1788 Tu,
1901 1722 2013 1778 Do-

336 1811 526 1880 mine,
553 1831 581 1865 ι
601 1809 932 1878 benedices,
951 1829 978 1863 ι
1006 1811 1063 1866 id
1097 1815 1207 1879 est,
1233 1811 1400 1867 dabis
1432 1811 1924 1880 benedictionem,
1955 1810 2013 1866 id

336 1905 436 1959 est
465 1901 898 1958 incrementum
924 1899 1171 1970 justitizs
1207 1900 1266 1955 in
1301 1900 1410 1955 hac
1438 1900 1560 1955 vita
1587 1922 1608 1949 ι
1641 1917 1886 1967 coronae,
1908 1924 1928 1949 ι
1954 1899 2012 1955 id
2043 1934 2093 2000 Β

335 1994 457 2059 est,
497 1988 692 2064 gloria:
727 2005 741 2044 :
775 2005 1002 2044 corona
1033 1987 1187 2054 dico,
1221 1989 1277 2043 id
1311 1993 1419 2057 est,
1450 1989 1597 2061 ipsis
1647 1989 2009 2057 horninibus,

335 2079 449 2153 qui
479 2085 619 2136 sunt
647 2096 862 2135 corona
891 2078 1169 2151 acquisiti
1202 2079 1258 2133 in
1288 2078 1496 2151 gloria,
1527 2102 1548 2128 ι
1575 2080 1713 2134 anni
1747 2079 2012 2152 benigni-

336 2172 466 2225 tate
509 2173 645 2236 ιυω,
674 2191 695 2218 ι
721 2167 781 2224 id
812 2172 922 2235 est,
969 2169 1275 2240 temporis,
1309 2168 1367 2223 in
1401 2185 1516 2240 quo
1549 2168 1820 2240 apparuit
1850 2168 2012 2224 beni-

335 2257 541 2330 gnitas
571 2260 695 2326 tua,
728 2255 972 2325 scilicet,
1006 2257 1067 2312 in
1112 2261 1375 2329 tempore
1422 2258 1643 2330 gratim.
1675 2257 1824 2313 Cum
1873 2257 2016 2312 dicit

335 2362 644 2418 coronam,
679 2345 975 2418 signiﬁcat
1003 2362 1103 2402 eos
1134 2362 1262 2403 esse
1293 2345 1569 2403 collectos
1600 2347 1670 2402 de
1701 2347 1863 2402 omni
1900 2347 2012 2402 cir~

336 2435 509 2492 cuitu
548 2439 714 2492 terra
745 2455 772 2488 α
803 2439 863 2491 et
911 2436 1104 2508 campi
1137 2434 1244 2503 tui,
1276 2459 1297 2485 ι
1329 2436 1387 2490 id
1437 2440 1529 2491 est
1575 2435 1660 2490 illi
1711 2435 1848 2490 boni
1880 2435 2011 2504 viri,

336 2524 449 2598 qui
498 2525 833 2582 consistunt
873 2524 931 2579 in
965 2524 1322 2596 mqualitate,
1351 2548 1370 2572 α
1409 2523 1792 2597 replebuntur
1839 2525 2011 2580 uber-

336 2617 466 2670 tate
501 2633 522 2663 ι
559 2613 963 2686 spiritualium
997 2614 1306 2669 donorum.

418 2703 493 2759 Et
518 2725 539 2753 ι
576 2703 842 2776 speciosa
871 2703 1086 2760 deserti
1116 2723 1170 2771 ι»,
1196 2701 1253 2758 id
1285 2708 1392 2770 est,
1427 2703 1697 2775 gentiles,
1715 2703 1814 2775 qui
1847 2703 2012 2775 prius

339 2796 518 2850 erant
537 2793 860 2864 desertum,
876 2793 1050 2849 modo
1076 2792 1212 2848 facti
1234 2798 1375 2848 sunt
1403 2793 1673 2865 speciosi,
1696 2812 1720 2842 α
1742 2792 2015 2866 pingues-

340 2884 484 2938 cent
502 2901 529 2934 ι
557 2880 925 2938 abundantia
945 2881 1147 2956 gratia:
1169 2887 1264 2938 «et
1282 2881 1460 2938 colles
1483 2906 1533 2950 ι,
1558 2883 1616 2938 id
1638 2886 1748 2951 est,
1773 2881 2013 2938 altiores

340 2969 479 3039 viri,
516 2969 672 3027 sicut
717 2975 1025 3044 martyres,
1053 2994 1076 3020 ι
1131 2969 1512 3044 acoingentur
1556 2969 1948 3028 exsultatione
1980 2995 2004 3024 ι

343 3058 549 3132 gratias
581 3059 694 3116 sibi
723 3059 967 3116 collata.

417 3147 490 3204 Et
527 3169 554 3202 ιι
583 3148 793 3206 arietes
822 3149 1020 3205 ovium
1045 3168 1100 3216 ι,
1129 3150 1188 3204 id
1219 3154 1329 3218 est,
1358 3150 1710 3217 sacerdotes,
1735 3150 2010 3204 ductores

343 3235 662 3305 ovium,vel
685 3252 923 3310 gregem
950 3261 971 3287 ι
999 3243 1140 3293 sunt
1171 3236 1364 3294 induti
1390 3261 1412 3288 ι
1449 3237 1852 3293 benedictione
1881 3237 2006 3306 Dei,

2127 655 2291 722 parte
2322 654 2523 706 monet
2545 668 2651 706 nos
2681 649 3005 723 intelligere
3027 666 3096 706 ea
3117 666 3243 721 qua:
3275 649 3430 705 Deus
3459 649 3606 705 fecit.
3641 651 3813 705 anti-

2125 740 2260 810 quis
2282 739 2570 812 patribus,
2600 740 2660 795 in
2687 757 2750 796 se
2771 739 3063 812 completa
3081 757 3232 811 esse,
3255 755 3382 810 quae
3405 739 3628 812 incipit
3659 758 3675 796 :
3704 740 3814 795 Ve-

2126 830 2245 884 nite
2267 835 2325 883 et
2339 831 2528 885 videte
2546 847 2740 902 Opera.
2758 830 2820 884 In
2843 830 3018 885 tertia
3033 833 3197 901 parte
3214 834 3411 884 monet
3431 846 3539 884 nos
3560 830 3813 902 patien-

2126 923 2215 974 ter
2233 919 2380 974 i'erre
2402 918 2832 988 tribulationes,
2857 936 3007 991 quas
3022 919 3178 974 Deus
3198 918 3374 974 infert
3391 920 3462 974 ad
3484 920 3814 992 purgatio-

2125 1023 2260 1063 nem
2282 1013 2340 1063 et
2360 1008 2942 1080 probationem,quia
2961 1008 3201 1065 tandem
3223 1025 3329 1064 nos
3349 1008 3522 1063 docet
3541 1008 3726 1064 Deus
3749 1009 3808 1063 in

2124 1096 2514 1168 refrigerium,
2539 1113 2667 1168 quas
2699 1097 2905 1169 incipit
2938 1113 2950 1152 :
2979 1116 3006 1149 α
3037 1096 3367 1152 Benedicite
3397 1101 3643 1170 gentes.
3673 1117 3711 1149 ι
3746 1099 3809 1154 Ιιι

2124 1188 2337 1256 quarta
2355 1191 2520 1256 parte
2544 1191 2744 1242 monet
2765 1203 2871 1242 nos
2892 1185 3157 1258 exemplo
3176 1202 3282 1242 suo
3304 1202 3432 1242 esse
3448 1201 3715 1242 securos
3738 1187 3809 1242 de

2122 1274 2516 1343 exauditione,
2558 1293 2685 1347 qnaa
2717 1275 2923 1347 incipit
2966 1292 2978 1330 :
3024 1275 3248 1344 Venite,
3283 1275 3500 1331 audite.
3527 1275 3809 1331 Intendit

2123 1367 2326 1435 gentes
2356 1364 2741 1435 spiritualiter
2768 1381 3035 1421 amovere
3066 1383 3100 1419 a
3129 1363 3554 1436 desperatione,
3583 1369 3653 1420 et
3687 1381 3807 1419 cer-

2124 1456 2216 1508 tos
2247 1453 2434 1510 facere
2466 1453 2537 1508 de
2568 1455 3014 1511 resurrectione.

2198 1542 2525 1598 Przevidens
2569 1543 2852 1615 propheta
2880 1542 3097 1599 Christi
3139 1543 3664 1616 resurrectionem,
3701 1545 3806 1599 ad-

2124 1634 2324 1686 monet
2339 1635 2546 1704 gentes
2569 1630 2705 1687 inde
2721 1630 3035 1702 exsultare,
3057 1633 3260 1690 dicens
3279 1649 3326 1688 :u
3343 1633 3551 1689 Omnis
3568 1639 3803 1702 terra,»

2125 1720 2183 1775 id
2215 1725 2305 1776 est
2317 1724 2554 1793 ,gentes
2577 1721 2647 1776 de
2677 1713 3032 1793 quacdnque
3063 1727 3220 1778 terra
3256 1743 3278 1771 α
3307 1721 3559 1793 jubilate
3595 1723 3750 1791 Deo,
3776 1745 3800 1775 ι

2125 1811 2183 1865 id
2216 1815 2328 1877 est,
2351 1814 2576 1865 tantam
2609 1808 2871 1866 laetitiam
2916 1814 3113 1866 mente
3145 1810 3454 1882 concipite,
3489 1811 3562 1867 ad
3611 1828 3804 1884 quam

2124 1898 2564 1970 exprimendam
2587 1898 2748 1954 nulla
2763 1915 2870 1954 vox
2886 1899 3160 1967 sufﬁciat,
3176 1903 3233 1954 et
3250 1919 3272 1947 ι
3293 1898 3596 1971 psalmum
3619 1900 3806 1956 dicite

2124 1987 2348 2044 nomini
2380 1988 2508 2058 ejus
2540 2011 2560 2036 ι
2598 1989 2743 2043 bene
2775 1988 3089 2060 operando,
3122 1992 3180 2043 et
3217 2005 3333 2044 non
3367 1992 3606 2044 tantum
3646 1989 3802 2044 bene

2123 2076 2469 2149 operamini,
2497 2077 2599 2133 sed
2627 2100 2648 2126 ι
2675 2077 2852 2133 etiam
2881 2077 3015 2133 date
3054 2077 3326 2149 gloriam,
3355 2101 3375 2128 ι
3404 2076 3462 2132 id
3515 2082 3637 2145 est,
3667 2076 3806 2133 aliis

2124 2165 2470 2223 annuntiate
2499 2182 2632 2222 eum
2666 2181 2795 2221 esse
2843 2165 3192 2236 gloriosum,
3226 2183 3343 2221 non
3389 2165 3638 2222 laudem
3673 2183 3810 2222 nos-

2123 2261 2295 2324 tram,
2321 2256 2422 2312 sed
2455 2254 2690 2311 laudem
2719 2254 2930 2328 ipsius,
2964 2260 3020 2312 et
3052 2255 3160 2312 hoc
3190 2261 3282 2311 est
3315 2273 3362 2311 ει
3401 2254 3560 2311 laudi
3600 2257 3802 2326 ejus.-

2123 2344 2286 2400 Unde
2326 2343 2640 2417 Apostolus
2675 2361 2689 2402 :
2719 2364 2747 2396 α
2777 2343 2887 2410 Qui
2916 2342 3220 2417 gloriatur,
3261 2343 3321 2398 in
3371 2343 3636 2402 Domino
3674 2343 3804 2418 glo-

2122 2433 2306 2489 rietur
2335 2433 2414 2504 (II
2437 2436 2564 2491 Cor.
2598 2435 2678 2501 κ).
2709 2456 2730 2482 ι

2193 2521 2333 2578 Dico
2362 2523 2514 2590 date,
2538 2527 2597 2577 et
2625 2522 2733 2578 hoc
2776 2539 2892 2578 non
2942 2527 3174 2578 tantum
3203 2521 3394 2590 facite,
3421 2523 3523 2579 sed
3551 2542 3576 2572 ι
3613 2523 3807 2578 dicite

2122 2612 2238 2667 Deo
2265 2634 2284 2661 ι»
2309 2615 2368 2666 et
2397 2611 2507 2666 hoc
2539 2611 2730 2667 dicere
2759 2616 2868 2682 est,
2893 2613 3088 2682 corde,
3113 2628 3252 2667 voce
3281 2615 3339 2668 et
3367 2629 3538 2682 opere
3571 2629 3589 2668 :
3633 2611 3806 2666 istud

2122 2700 2346 2756 scilicet
2363 2700 2538 2756 dicite
2557 2701 2706 2756 Deo:
2733 2701 2777 2756 Ο
2805 2724 2826 2750 ι
2849 2701 3116 2770 Domine,
3135 2717 3311 2773 quam
3335 2700 3633 2756 terribilia
3655 2705 3808 2756 sunt

2121 2807 2298 2862 Opera
2325 2793 2428 2845 tua
2463 2811 2484 2838 ι
2512 2790 2668 2860 quod
2698 2805 2834 2845 eum
2877 2789 3033 2846 Deus
3066 2805 3241 2856 esses,
3267 2789 3457 2844 factus
3486 2806 3548 2844 cs
3577 2788 3806 2854 homo,

2121 2895 2354 2952 passus,
2386 2882 2444 2933 et
2492 2882 2782 2945 mortuus,
2815 2882 2874 2934 et
2901 2876 3287 2944 resurrexisti,
3315 2880 3374 2931 et
3423 2876 3542 2931 haec
3574 2875 3808 2933 omnia

2120 2965 2406 3023 terribilia
2435 2971 2576 3023 sunt
2620 2967 2820 3039 impiis
2855 2984 2868 3023 :
2900 2972 2976 3036 et,
3012 2984 3191 3041 quam
3233 2963 3533 3033 terribilia,
3565 2964 3640 3020 id
3679 2970 3808 3032 est,

2118 3055 2285 3112 valde
2306 3056 2614 3122 terribilia,
2637 3057 2779 3128 quia
2800 3073 2972 3112 nemo
2989 3056 3142 3113 valet
3162 3056 3297 3112 inde
3317 3055 3551 3110 modum
3573 3054 3800 3109 conci-

2118 3162 2276 3217 pere,
2298 3150 2356 3201 et
2385 3145 2656 3218 quamvis
2686 3145 2807 3202 sint
2837 3145 2920 3201 ita
2949 3144 3256 3212 terribilia,
3280 3148 3474 3200 tamen
3501 3165 3523 3192 ι
3547 3141 3797 3198 inimici

2120 3234 2263 3304 tui,-
2291 3235 2348 3290 id
2373 3238 2465 3290 est
2481 3234 2694 3302 Judaei,
2711 3255 2744 3287 ι
2767 3234 3126 3290 mentientur
3147 3257 3170 3287 ι
3198 3234 3467 3306 negando
3485 3237 3540 3288 te
3563 3232 3792 3288 Filium

345 3325 407 3380 id
435 3328 529 3380 est
555 3299 750 3380 ornati
790 3299 997 3380 multis
1025 3325 1365 3392 virtutibus,
1393 3348 1416 3375 ι
1450 3331 1510 3380 et
1537 3325 1776 3396 valles,»
1806 3325 1865 3380 id
1895 3299 2007 3391 est,
2035 3299 2083 3369 α
2121 3299 2245 3391 Dei,
2281 3328 2418 3391 etc.,
2455 3328 2514 3378 et
2561 3299 2728 3378 hoe-
2765 3323 2871 3378 tibi
2908 3346 2930 3371 ι
2965 3323 3039 3376 ad
3091 3299 3373 3378 honorem
3417 3326 3615 3389 tuum,
3652 3320 3794 3392 quia

347 3413 437 3467 illi
467 3411 774 3469 inferiores
801 3433 825 3463 ι
860 3411 1166 3467 abundant
1206 3413 1522 3480 frumento,
1549 3437 1573 3466 ι
1610 3413 1668 3468 id
1706 3418 1797 3469 est
1840 3413 2010 3470 bonis

349 3498 652 3570 operibus,
667 3517 698 3550 ο
725 3498 1068 3555 clamabunt
1087 3519 1114 3551 ι
1142 3500 1319 3556 etiam
1342 3502 1415 3556 ad
1437 3502 1757 3557 Dominum
1778 3518 2012 3574 semper

350 3590 410 3642 et
447 3602 566 3642 non
606 3586 1081 3657 discordantes,«
1117 3588 1334 3645 etenim
1384 3589 1671 3662 hymnum
1719 3590 1961 3646 dicent.
1993 3607 2004 3645 :

352 3675 493 3746 quia
521 3690 726 3732 omnes
755 3675 902 3732 bene
933 3678 1226 3750 operando
1257 3678 1444 3734 Deum
1473 3677 1823 3751 gloriﬁcent.

845 3819 918 3876 IN
959 3820 1306 3877 PSALMUM
1352 3822 1512 3879 LXV.

391 3909 668 3965 Trruws.
703 3909 767 3964 In
795 3911 961 3982 ﬁnem
988 3912 1263 3966 canticum
1288 3913 1493 3984 psalmi
1521 3916 1954 3971 resurrectionis.

419 4056 441 4084 ι
475 4033 733 4094 Jubilate
779 4035 895 4092 Deo
937 4036 1130 4094 omnis
1161 4041 1335 4093 terra.
1361 4063 1384 4092 ι
1415 4037 1684 4095 Psalmus
1724 4039 1834 4095 isto
1872 4057 2006 4096 con-

338 4124 497 4181 venit
525 4123 706 4182 David
734 4124 1053 4198 drophetai,
1079 4127 1181 4198 qui
1213 4132 1270 4184 et
1298 4127 1394 4184 hic
1429 4127 1712 4200 loquitur,
1737 4129 2000 4202 dirigens

333 4212 395 4268 in
427 4213 628 4283 ﬁnem,
662 4213 762 4285 qui
806 4214 1022 4271 dicitur
1070 4216 1370 4273 canticum
1418 4215 1652 4289 psalmi.
1689 4217 2001 4290 Propterea

329 4300 548 4360 dicitur
576 4300 868 4374 psalmus,
898 4302 1039 4375 quia
1070 4304 1348 4360 admonet
1379 4317 1486 4360 nos
1517 4305 1589 4362 ad
1622 4305 1838 4362 bonam
1869 4323 2002 4380 ope-

329 4389 642 4460 rationem,
674 4389 925 4460 soiiicet,
956 4391 1257 4464 proposita
1296 4394 1721 4451 resurrectione
1758 4394 1997 4466 Christi,

332 4483 533 4538 monet
553 4479 702 4539 bene
722 4481 975 4552 operari,
989 4485 1055 4538 ut
1076 4486 1134 4539 et
1155 4499 1262 4538 nos
1283 4483 1356 4538 ad
1380 4483 1648 4540 eamdem
1665 4483 1992 4542 veniamus.

335 4567 643 4627 Canticum
685 4568 815 4627 ideo
863 4569 1099 4640 dicitur,
1135 4571 1276 4642 quia
1306 4571 1580 4643 proponit
1627 4572 1796 4630 nobis
1847 4590 1991 4644 rem,

2119 3416 2340 3482 quanto
2370 3412 2560 3483 magis
2586 3412 2658 3466 de
2688 3411 2804 3466 Deo
2828 3409 3290 3477 mentiebantur,
3313 3414 3481 3466 tanto
3511 3410 3644 3483 ipse
3672 3409 3791 3482 glo-

2120 3499 2330 3556 riosior
2369 3499 2707 3571 apparebat,
2733 3499 2872 3569 quia
2902 3514 3004 3569 per
3043 3497 3400 3569 improperia
3439 3497 3787 3556 Judorum

2118 3588 2296 3643 crevit
2343 3603 2558 3644 nomen
2588 3585 2822 3654 Christi,
2856 3592 2914 3642 et
2951 3585 3062 3642 hoc
3093 3603 3210 3642 non
3257 3590 3490 3642 tantum
3538 3586 3787 3660 quando

2116 3676 2303 3731 virtus
2334 3676 2462 3746 ejus
2485 3693 2601 3731 non
2631 3675 2969 3747 apparebat,
2994 3675 3097 3731 sed
3125 3695 3152 3728 ι
3173 3674 3232 3730 ἱιι
3265 3675 3660 3732 multitudine
3681 3674 3786 3730 vir-

2116 3764 2260 3820 tutis
2291 3767 2430 3833 tuaa,
2456 3787 2476 3812 ι
2512 3763 2570 3819 id
2602 3769 2693 3820 est
2735 3765 2971 3837 quando
3003 3765 3190 3821 virtus
3230 3769 3334 3820 tua
3372 3764 3566 3837 potior
3598 3779 3784 3836 appa-

2115 3853 2285 3923 rebit,
2310 3853 2464 3908 sicut
2493 3853 2552 3908 in
2585 3854 3012 3909 resurrectione
3039 3859 3400 3926 negaverunt
3418 3870 3555 3909 eum
3593 3869 3782 3909 resur-

2115 3941 2352 4011 rexisse,
2367 3942 2628 3999 dicentes
2647 3961 2682 3999 a
2699 3942 3007 4016 discipulis
3029 3942 3330 4000 sublatum
3353 3958 3502 4009 esse,
3515 3948 3581 3998 et
3601 3942 3778 3999 etiam

2113 4048 2247 4087 cum
2269 4032 2532 4088 dicerent
2554 4048 2602 4087 ει
2633 4033 2696 4088 In
2718 4030 3040 4089 Beelzebub
3062 4032 3324 4104 principe
3343 4032 3774 4088 daemoniorum

2110 4120 2272 4192 ejicit
2301 4121 2590 4176 daamonia
2617 4122 2770 4191 (Luc.
2804 4124 2904 4191 ιιι).
2933 4146 2955 4176 ι

2183 4207 2409 4265 Inimici
2442 4208 2801 4266 mentientur
2830 4210 2902 4267 de
2922 4214 2998 4278 te,
3025 4210 3126 4267 sed
3149 4209 3274 4267 loco
3297 4225 3498 4266 eorum
3525 4231 3556 4264 ι
3577 4207 3771 4267 omnis

2110 4302 2283 4365 terra,
2304 4323 2326 4352 ι
2355 4298 2412 4353 id
2446 4302 2554 4366 est,
2579 4315 2784 4355 omnes
2835 4304 3062 4372 gentes,
3093 4318 3116 4348 ι
3149 4299 3351 4356 adoret
3379 4303 3436 4355 te
3465 4303 3524 4355 et
3553 4295 3771 4372 psallat

2108 4386 2235 4456 tibi,
2269 4412 2291 4442 ι
2323 4388 2381 4444 id
2410 4392 2518 4455 est,
2554 4388 2702 4445 bene
2740 4393 3014 4461 operetur
3043 4389 3116 4445 ad
3157 4389 3436 4446 honorem
3469 4393 3643 4445 tuum
3670 4403 3682 4442 :
3713 4387 3767 4439 et

2107 4475 2238 4534 aliis
2266 4497 2292 4530 ιι
2323 4475 2620 4548 psalmum
2649 4477 2860 4547 dicat,»
2890 4478 2950 4533 id
2982 4481 3091 4546 est,
3127 4477 3400 4550 praedicet
3427 4493 3600 4534 suam
3632 4488 3762 4546 ope-

2106 4566 2412 4633 rationem,
2440 4569 2506 4622 ut
2537 4566 2630 4624 sui
2661 4565 2928 4639 exemplo
2950 4565 3048 4622 alii
3071 4571 3407 4639 operentur,
3432 4566 3620 4622 ethoc
3651 4577 3757 4617 non

339 4655 494 4712 unde
517 4656 774 4714 maxime
795 4657 965 4715 nobis
989 4659 1067 4714 sit
1090 4658 1787 4730 exsultandum,scilicet,
1807 4677 1997 4718 resur-
2024 4669 2073 4736 ι)
2105 4654 2239 4724 sibi,
2269 4655 2370 4711 sed
2399 4678 2419 4706 ς
2456 4654 2680 4712 nomini
2711 4659 2812 4712 tuo
2833 4674 2889 4727 ο,
2918 4655 2976 4712 id
3013 4660 3120 4724 est,
3145 4655 3216 4712 ad
3257 4655 3537 4712 honorem
3568 4660 3754 4710 tuum-

339 4744 656 4802 rectionem
677 4745 891 4803 Christi
915 4763 926 4803 :
949 4745 1087 4818 quia
1107 4764 1213 4803 nos
1236 4765 1470 4819 quoque
1493 4749 1683 4805 reddit
1703 4751 1773 4806 de
1798 4755 1997 4809 nostra

338 4835 765 4891 resurrectione
790 4852 1048 4891 securos.
1076 4838 1258 4902 Quam
1293 4839 1775 4896 resurrectionem
1803 4841 2000 4911 praevi-

339 4921 485 4977 dens
506 4923 721 4979 Esdras
744 4925 1030 4996 propheta
1052 4924 1107 4978 in
1135 4925 1354 4996 Spiritu
1378 4931 1602 4998 sancto,
1628 4929 1710 4984 sic
1733 4929 1998 4986 intitula-

338 5009 416 5069 vit
437 5011 593 5069 hunc
616 5011 935 5086 psalmum,
961 5014 1254 5070 canticum
1289 5014 1502 5085 psalmi
1525 5019 1990 5075 resurrectionis.

338 5099 396 5154 id
427 5104 538 5169 est,
574 5118 754 5175 agens
795 5103 864 5159 de
910 5104 1353 5160 resurrectione.
1389 5105 1738 5176 lIujusmodi
1785 5108 1994 5165 titulus

338 5190 600 5258 procedit
629 5207 697 5246 ex
726 5191 916 5263 ﬁgura
949 5191 1130 5262 illius,
1157 5192 1252 5249 ubi
1277 5193 1345 5248 de
1378 5195 1715 5251 recitatione
1747 5197 1996 5267 psalmo-

337 5291 470 5334 rum
503 5279 869 5349 prcccedebat
913 5280 1177 5352 psalmus
1215 5280 1275 5336 in
1310 5281 1565 5338 melodia
1615 5283 1989 5354 chordarum,

338 5380 466 5434 qua:
501 5366 773 5434 melodia,
800 5369 1171 5440 signiﬁcabat
1193 5370 1660 5427 exsultationem.
1687 5372 1810 5427 Non
1834 5375 1991 5429 enim

339 5451 670 5509 sufﬁciebat
696 5453 780 5511 eis
812 5455 936 5511 sola
958 5474 1095 5512 voce
1127 5464 1383 5524 cantare,
1408 5460 1506 5514 sed
1541 5460 1990 5518 exsultationem

336 5553 508 5594 suam
528 5540 658 5598 viva
685 5557 823 5600 voce
865 5545 1207 5616 exprimere.
1240 5548 1482 5606 Materia
1527 5553 1616 5605 est
1647 5553 1992 5609 resurrectio

333 5622 574 5681 Christi.
605 5629 816 5685 Modus
841 5649 853 5686 :
889 5633 952 5687 In
985 5634 1176 5705 prima
1207 5640 1371 5706 parte
1400 5654 1605 5695 omnes
1634 5645 1838 5710 gentes
1868 5659 1991 5696 mo-

339 5714 461 5778 net,
487 5715 775 5772 exsultare
799 5719 870 5774 de
893 5720 995 5776 illa
1014 5725 1459 5794 resurrectione,
1486 5743 1612 5798 qua:
1636 5731 1995 5802 prazponitur

2185 4764 2206 4792 α
2226 4743 2452 4800 Venite.
2466 4767 2485 4795 υ
2505 4744 2645 4802 Pars
2667 4745 2944 4801 secunda.
2966 4745 3106 4802 Dico
3129 4743 3410 4800 terribilia
3431 4748 3569 4800 sunt
3589 4753 3755 4813 opera

2109 4840 2226 4901 tua,
2253 4851 2381 4905 qua:
2414 4851 2587 4904 opera
2620 4839 2684 4888 ut
2719 4833 3082 4906 intelligatis,
3115 4854 3142 4886 α
3171 4833 3359 4891 venite
3393 4855 3414 4884 ο
3452 4849 3555 4904 per
3583 4831 3752 4885 ﬁdem

2107 4941 2207 4979 vos
2259 4927 2461 4996 gentes
2505 4923 2796 4996 loginquze
2850 4939 2884 4980 a
2934 4923 3067 4991 ﬁde,
3100 4943 3120 4971 α
3151 4928 3208 4979 et
3245 4923 3450 4991 videte,
3485 4945 3505 4973 ι
3542 4921 3599 4976 id
3645 4919 3747 4978 est,

2106 5013 2410 5085 intelligite
2446 5035 2466 5062 α
2505 5030 2681 5085 opera
2730 5013 2827 5070 Dei
2873 5033 2900 5065 ιι
2951 5029 3077 5084 quae
3127 5013 3254 5084 ipse
3311 5012 3443 5067 fecit
3499 5004 3747 5078 antiquis

2104 5103 2392 5174 patribus,
2426 5102 2486 5158 in
2521 5101 2681 5159 vobis
2739 5119 2867 5158 esse
2917 5101 3206 5172 completa
3248 5119 3260 5158 :
3313 5100 3414 5174 qui
3469 5101 3622 5156 Deus
3666 5094 3744 5148 est

2110 5213 2132 5242 α
2167 5191 2448 5249 terribilis
2481 5209 2528 5247 ει
2554 5191 2642 5247 vel
2673 5191 2774 5248 Dei
2804 5191 3097 5247 terrebilis
3125 5211 3148 5239 ιι
3173 5190 3233 5246 in
3263 5189 3524 5248 consiliis
3543 5208 3569 5240 η
3597 5180 3744 5241 habi-

2103 5281 2199 5350 tis,
2218 5286 2275 5338 et
2296 5282 2582 5353 impensis
2606 5301 2625 5328 α
2653 5298 2830 5354 super
2852 5280 3005 5338 ﬁlios
3029 5281 3392 5340 hominum»
3420 5281 3605 5352 Super
3625 5274 3738 5329 ideo

2104 5370 2264 5438 dicit,
2281 5371 2420 5442 quia
2440 5371 2511 5426 de
2539 5371 2811 5442 supernis
2832 5375 3116 5428 venerunt
3137 5369 3381 5428 consilia
3400 5368 3518 5436 illa,
3542 5363 3736 5439 quibus

2104 5459 2328 5514 liberati
2365 5464 2506 5515 sunt
2553 5459 2658 5514 ﬁlii
2691 5459 3019 5515 hominum.
3048 5459 3304 5516 Consilia
3333 5459 3444 5514 ista
3495 5452 3729 5511 fuerunt.

2104 5551 2322 5621 quibus
2355 5550 2509 5607 Deus
2554 5549 2860 5606 excaecavit
2891 5549 3146 5618 Judaeos,
3172 5553 3237 5604 ut
3268 5547 3566 5620 plenitudo
3608 5553 3729 5612 gen-

2103 5639 2254 5694 tium
2287 5639 2548 5695 intraret.

2173 5730 2317 5785 Ecce
2348 5745 2542 5800 opera.
2579 5752 2600 5780 α
2636 5728 2744 5796 Qui
2774 5749 2801 5783 ι)
2838 5729 3124 5786 Dominus
3161 5749 3186 5782 α
3218 5726 3497 5785 convertit
3527 5733 3672 5780 mare
3703 5734 3722 5762 υ
