3936 6366
223 446 345 507 413

227 672 316 723 ret
344 668 403 722 in
436 684 591 735 arca,
627 668 729 723 sed
761 685 865 739 per
893 666 1055 723 illam
1083 669 1381 725 Christum
1414 670 1515 725 Dei
1562 671 1881 743 signiﬁcari

227 757 471 824 sciebat,
506 756 566 811 in
595 774 711 828 quo
757 755 1132 813 continentur
1169 775 1372 815 omnes
1401 760 1666 815 thesauri
1695 760 1881 815 scien-

225 846 320 901 tiae
350 851 407 901 et
438 846 761 919 sapientia},
787 846 941 902 sicut
971 847 1029 901 in
1063 865 1197 904 arca
1227 849 1639 904 continebatur
1668 849 1881 906 tabulae

228 934 589 1002 testamenti,
621 938 734 990 etc.

298 1023 369 1078 Et
399 1022 538 1095 quia
566 1021 853 1079 intellexit
882 1023 1061 1080 David
1094 1026 1332 1098 Moysen
1371 1027 1443 1083 de
1489 1026 1720 1082 Christo
1774 1026 1884 1083 hoc

225 1115 518 1179 cantasse,
551 1128 732 1184 agens
763 1112 832 1169 de
861 1111 1209 1171 exultatione
1241 1116 1507 1187 ejusdem
1537 1116 1749 1172 Christi
1777 1134 1884 1189 po-

225 1200 317 1256 nit
339 1200 517 1256 verba
556 1200 763 1273 Moysi,
798 1200 999 1257 dicens
1033 1217 1045 1258 :
1083 1224 1112 1252 κ
1144 1203 1299 1260 Deus
1336 1227 1356 1253 υ
1418 1205 1519 1277 qui
1568 1204 1885 1277 aliquando

225 1287 422 1357 latuit,
441 1310 469 1340 ι(
500 1294 794 1363 exsurgat.
814 1312 842 1340 ››
879 1291 996 1347 Hoc
1028 1308 1337 1366 exsurgere
1369 1295 1481 1350 fuit
1510 1293 1570 1349 in
1587 1294 1886 1365 omnibus,

226 1394 358 1450 quae
415 1376 686 1435 Christus
743 1380 880 1435 fecit
924 1398 960 1436 a
1003 1385 1265 1454 tempore
1318 1384 1785 1451 resurrectionis,
1830 1387 1888 1440 et

227 1467 509 1539 deinceps
539 1488 568 1517 κ
600 1472 659 1523 et
688 1467 912 1524 inimici
945 1470 1075 1541 ejus
1124 1471 1491 1544 dissipentur
1522 1494 1550 1523 ››
1602 1472 1884 1541 localiter,

228 1555 389 1613 sicut
416 1555 727 1630 impletum
754 1562 844 1613 est
865 1558 924 1614 in
957 1558 1322 1631 dispersione
1352 1562 1469 1618 Titi
1504 1566 1561 1618 et
1587 1560 1890 1635 Vespasia-

226 1644 290 1700 ni
326 1661 341 1702 :
377 1668 405 1698 α
456 1650 514 1703 et
561 1646 662 1719 qui
711 1647 961 1705 oderunt
1008 1665 1167 1719 eum,
1198 1674 1226 1699 ››
1258 1650 1315 1707 id
1368 1655 1475 1721 est,
1510 1655 1715 1708 contra
1754 1668 1887 1707 eum

227 1740 749 1807 perseveraverant
776 1736 835 1791 in
868 1737 1020 1807 odio,
1056 1761 1083 1788 ‹‹
1119 1739 1368 1813 fugiant,
1396 1762 1424 1791 »
1460 1740 1516 1796 id
1557 1745 1665 1809 est,
1700 1757 1888 1797 remo-

223 1828 480 1881 veantur
506 1847 533 1875 ‹‹
567 1841 601 1881 a
634 1825 778 1882 facie
808 1826 958 1897 ejus,
996 1849 1025 1877 »
1053 1827 1112 1882 id
1163 1834 1270 1896 est,
1324 1846 1359 1884 a
1408 1830 1737 1902 praesentia,
1772 1846 1887 1886 non

227 1913 392 1985 quod
425 1913 657 1985 possint
677 1916 958 1971 removeri
990 1933 1024 1971 a
1046 1918 1357 1988 praesentia
1387 1920 1516 1989 ejus
1538 1917 1641 1991 qui
1669 1920 1890 1991 ubique
1920 1952 1972 2021 Β

227 2006 351 2058 est:
388 2002 543 2059 unde
576 2004 896 2076 propheta:
934 2030 961 2055 ‹‹
996 2005 1055 2061 Si
1087 2004 1441 2063 descendere
1473 2008 1546 2063 ad
1571 2008 1892 2078 infernum,

230 2091 377 2146 ades
406 2090 576 2164 (Psal.
608 2096 900 2163 cxxxvm),
932 2118 959 2142 »ι
988 2095 1087 2151 sed
1121 2100 1495 2152 removentur
1524 2114 1559 2151 a
1586 2096 1731 2152 {acie
1762 2098 1891 2169 ejus

231 2179 337 2252 qui
370 2196 488 2236 non
518 2180 799 2237 fruuntur
827 2181 1157 2257 cognitione
1188 2184 1396 2257 ipsius.
1431 2185 1595 2242 Unde
1625 2187 1843 2243 dicitur
1875 2203 1888 2243 :

229 2267 503 2325 Tollatur
549 2270 792 2343 impius,
826 2289 898 2328 ne
949 2272 1147 2329 videat
1185 2273 1435 2347 gloriam
1485 2274 1605 2331 Dei.
1640 2276 1770 2331 Haec
1804 2294 1891 2332 re-

231 2357 566 2413 muneratio
597 2360 715 2428 fiet,
750 2376 884 2415 cum
911 2361 1139 2417 dicetur
1171 2379 1182 2417 :
1217 2362 1510 2421 Discedite
1540 2382 1574 2420 a
1614 2380 1727 2435 me,
1764 2382 1893 2421 ma—

232 2445 455 2516 ledicti,
491 2447 550 2503 in
581 2447 779 2520 ignem
812 2454 1115 2507 aeternum.

311 2557 340 2585 u
370 2535 534 2592 Sicut
560 2536 779 2593 deficit.
799 2561 827 2587 ››
847 2538 953 2601 Hic
977 2545 1254 2612 aggravet
1275 2559 1508 2614 pannum
1521 2544 1895 2615 eorum,quia

232 2628 471 2681 tantum
491 2625 647 2682 valet
665 2626 883 2699 optatio
908 2629 1227 2701 prophetae,
1244 2635 1532 2702 quantum
1555 2632 1890 2689 afﬁrmatio.

238 2734 267 2763 κ
299 2713 588 2770 Deﬁciunt
614 2738 641 2765 »
672 2715 849 2771 etiam
886 2738 914 2765 α
945 2718 1100 2774 sicut
1128 2719 1324 2774 deficit
1353 2720 1617 2788 fumus,»
1634 2722 1719 2776 sic
1735 2720 1892 2776 enim

233 2806 453 2858 natura
483 2802 633 2858 fumi
665 2808 776 2873 est,
810 2808 877 2858 ut
906 2810 1123 2876 quanto
1174 2807 1365 2878 magis
1411 2808 1696 2881 ascendit,
1731 2813 1893 2863 tanto

233 2891 431 2963 magis
461 2896 766 2947 evanescat
800 2908 812 2947 :
847 2892 931 2947 sic
979 2892 1140 2963 mali,
1182 2899 1400 2965 quanto
1446 2896 1637 2967 magis
1685 2913 1892 2952 ascen-

231 2981 389 3035 dunt
410 2980 469 3035 in
500 2983 788 3052 potestate
816 2979 998 3052 hujus
1027 2980 1247 3049 saeculi,
1281 2986 1444 3038 tanto
1474 2983 1663 3056 magis
1694 3002 1896 3041 evane-

233 3072 416 3125 scunt
441 3084 475 3122 a
502 3066 763 3137 veritate,
795 3072 852 3125 et
882 3069 1036 3125 sicut
1066 3070 1286 3140 fumus,
1316 3088 1550 3144 semper
1569 3075 1894 3144 procedunt

231 3158 309 3213 ab
345 3156 479 3228 igne
501 3157 1096 3229 concupiscentian.Et
1127 3176 1283 3215 nunc
1305 3160 1483 3216 etiam
1511 3162 1704 3235 magis
1727 3180 1895 3236 agge-

237 3249 335 3301 rat
363 3261 599 3318 paenam
630 3261 858 3318 eorum,
891 3263 1026 3302 enm
1058 3246 1200 3303 dicit
1232 3264 1246 3303 :
1298 3248 1453 3305 sicut
1498 3250 1632 3306 ﬂuit
1680 3267 1813 3307 cera
1860 3269 1895 3307 a

233 3333 389 3389 facie
420 3333 596 3407 ignis,
627 3334 714 3391 sic
742 3340 985 3409 pereant
1013 3340 1347 3409 peccatores
1378 3356 1413 3395 a
1442 3340 1611 3409 facie,
1633 3362 1661 3390 »
1692 3340 1752 3396 id
1781 3345 1893 3411 est,

237 3438 274 3479 a
302 3423 615 3496 praesentia
648 3445 691 3495 κ,
707 3424 809 3480 Dei
843 3448 872 3473 »
901 3426 1109 3481 remoti
1145 3444 1158 3483 :
1194 3444 1309 3483 non
1341 3429 1496 3499 quod
1528 3445 1732 3485 eorum
1764 3430 1893 3486 sub-

239 3512 462 3568 stantia
492 3529 735 3585 prorsus
765 3514 1156 3585 interimatur,
1188 3516 1291 3572 sed
1324 3516 1383 3573 in
1413 3517 1524 3574 hoc
1552 3519 1894 3592 perit,quod

240 3618 277 3658 a
304 3618 441 3657 vero
473 3618 623 3672 esse,
658 3603 813 3676 quod
845 3606 935 3660 est
963 3604 1140 3674 Deus,
1175 3611 1543 3678 separantur.

312 3689 631 3764 Postquam
659 3692 914 3748 ostendit
945 3694 1086 3766 quid
1117 3693 1289 3750 malis
1318 3696 1549 3751 eveniat
1578 3697 1649 3751 de
1680 3696 1894 3753 Christi

237 3779 611 3851 exaltatione,
645 3786 885 3839 econtra
913 3782 1170 3839 ostendit
1201 3783 1339 3856 quid
1372 3784 1543 3841 bonis
1573 3785 1643 3841 de
1691 3787 1895 3842 eadem

236 3867 589 3927 exultatione
639 3869 961 3943 contingat.
997 3871 1417 3929 Continuatio:
1476 3896 1504 3923 «
1559 3875 1896 3932 Peccatores

236 3961 501 4030 pereant,
534 3963 593 4014 et
624 3959 777 4031 justi
831 3959 1162 4031 epulentur,
1195 3984 1224 4012 »
1277 3961 1337 4015 id
1393 3966 1501 4031 est,
1535 3963 1892 4034 reﬁciantur,

235 4046 365 4119 ipso
395 4045 620 4103 scilicet
648 4047 788 4115 Deo,
822 4049 922 4121 qui
953 4050 1065 4105 erit
1111 4050 1313 4106 omnia
1340 4049 1401 4105 in
1444 4052 1741 4120 omnibus,
1777 4076 1805 4103 ‹‹
1840 4056 1898 4108 et

234 4133 531 4191 exsultent
559 4159 587 4186 «
622 4136 797 4209 positi
832 4160 861 4186 »
894 4158 924 4187 α
956 4136 1015 4192 in
1047 4142 1365 4212 conspectu
1396 4138 1521 4207 Dei,
1554 4144 1613 4196 et
1658 4140 1718 4194 in
1748 4140 1893 4196 laeti-

234 4223 320 4278 tia
349 4240 458 4279 sua
490 4246 519 4273 »
550 4224 610 4279 in
644 4242 762 4298 qua
791 4225 1203 4283 delectandum
1236 4231 1345 4295 est,
1380 4227 1519 4299 quia
1562 4231 1776 4285 aeterna
1804 4232 1895 4284 est

238 4331 267 4359 ι(
301 4308 688 4368 delectentur.
722 4333 751 4363 »

311 4422 340 4451 ‹‹
374 4400 612 4458 Caritate
640 4401 778 4458 Deo.
813 4424 842 4452 »
867 4403 937 4459 Et
968 4404 1107 4476 quia
1123 4404 1274 4476 justi
1299 4403 1679 4462 exsultabant
1709 4409 1766 4462 et
1789 4406 1894 4463 de-

237 4487 633 4560 lectabantur,
648 4491 776 4547 ideo
788 4508 889 4548 vos
902 4491 1001 4548 alii
1014 4516 1043 4543 ‹‹
1059 4496 1288 4549 cantate
1301 4493 1417 4551 Deo
1435 4516 1463 4545 ››
1480 4496 1650 4551 corde
1664 4499 1722 4551 et
1732 4512 1869 4552 voce
1879 4541 1892 4566 ,

237 4580 296 4633 et
319 4600 348 4628 «
368 4577 543 4636 dicite
563 4577 884 4652 psalmum,
902 4603 930 4630 »
951 4581 1009 4635 id
1038 4585 1127 4638 est
1156 4582 1304 4638 bene
1326 4583 1893 4655 operamini,nomen

1400 447 1909 511 EXPLANA‘I‘IO
1952 447 2033 508 IN
2076 450 2465 513 PSALMOS.

226 596 343 635 non
374 579 529 651 quod
563 578 793 651 Moyses
819 580 1046 635 tantam
1074 579 1351 635 virtutem
1386 579 1550 637 illam
1592 581 1878 651 intellige—
1907 580 1966 650 Α

3526 455 3645 515 414

2069 605 2095 630 ‹‹
2129 583 2445 639 Exsultate.
2466 607 2492 633 ››
2524 586 2910 642 Cantatedico
2937 591 2995 642 et
3022 586 3277 658 psallite,
3296 592 3355 643 et
3373 604 3490 643 non
3509 603 3645 645 cum

1994 671 2251 740 tristitia,
2286 672 2403 729 imo
2436 696 2464 723 ‹‹
2498 674 2783 730 exsultate
2814 674 2875 730 in
2908 679 3227 747 conspectu
3257 677 3410 747 ejus,
3447 699 3473 725 υ
3496 676 3645 747 justi

1992 759 2306 832 exsultent,
2323 760 2461 816 mali
2476 767 2671 818 autem
2689 762 2789 835 qui
2804 762 3242 820 laeduntviduas
3259 767 3317 819 et
3330 764 3645 838 orphanes,

1996 869 2024 898 «
2055 849 2455 905 turbabuntur
2483 869 2518 907 a
2547 852 2693 907 facie
2725 854 2853 924 ejus
2884 875 2912 903 »
2947 852 3049 908 Dei
3095 853 3329 925 quando
3380 852 3644 909 dicetur:

1995 960 2021 985 ‹‹
2058 937 2159 1005 Ite,
2194 939 2382 1011 impii,
2414 939 2476 995 in
2508 945 2793 996 aeternum
2826 941 3184 1014 supplicium
3217 940 3420 1014 (Matth.
3441 942 3600 1014 xxv):
3622 965 3649 991 ››

1994 1025 2122 1096 ejus
2153 1025 2283 1082 dico
2317 1050 2343 1076 ‹‹
2377 1028 2562 1099 patris
2593 1028 3014 1101 orphanorum,
3051 1050 3079 1078 ››
3112 1028 3252 1100 quia
3284 1028 3409 1101 ipse
3429 1032 3528 1084 est
3548 1046 3648 1101 pa—

1998 1119 2088 1169 ter
2117 1119 2175 1169 et
2212 1119 2498 1186 patronus
2540 1117 2959 1190 orphanorum,
2995 1118 3053 1173 id
3104 1121 3215 1185 est,
3262 1117 3648 1189 simplicium,

1996 1203 2099 1275 qui
2132 1204 2276 1259 nihil
2308 1222 2343 1260 a
2372 1222 2434 1261 se
2467 1205 2694 1262 astutias
2716 1205 2957 1277 habent,
2984 1207 3084 1261 sed
3114 1205 3175 1261 in
3203 1204 3389 1262 solius
3419 1206 3520 1262 Dei
3542 1206 3649 1261 du-

1997 1296 2132 1348 catu
2166 1292 2449 1349 incedunt
2488 1317 2516 1344 ‹‹
2547 1298 2604 1350 et
2643 1293 2864 1366 judicis
2911 1294 3245 1362 viduarum,
3280 1316 3310 1344 »
3349 1311 3477 1366 quae
3526 1294 3652 1368 ipse

1997 1380 2130 1438 illas
2174 1382 2233 1437 in
2283 1383 2561 1455 aequitate
2602 1382 2853 1455 judicat,
2889 1400 3017 1455 quae
3067 1386 3207 1439 sunt
3235 1383 3443 1451 viduas,
3476 1384 3535 1439 id
3564 1386 3655 1439 est

1998 1469 2221 1542 aliquid
2253 1488 2321 1527 ex
2351 1489 2413 1527 se
2436 1472 2656 1527 habent
2685 1476 2744 1526 et
2775 1470 3039 1528 sentiunt
3078 1472 3152 1527 ad
3200 1471 3387 1527 Deum
3437 1470 3498 1526 in
3548 1488 3656 1527 sua

2000 1560 2348 1616 necessitate
2379 1560 2779 1629 clamandum,
2814 1561 2971 1617 sicut
3000 1559 3237 1632 perlecti
3267 1557 3395 1616 viri.

2073 1672 2100 1700 κ
2135 1650 2288 1705 Deus
2319 1650 2378 1704 in
2412 1649 2558 1707 loco.
2582 1673 2606 1698 ››
2625 1650 2813 1706 Aliam
2844 1648 3059 1705 Christi
3084 1648 3655 1704 commendationem

1999 1737 2185 1811 ponit.
2238 1738 2612 1795 Continuatio
2648 1754 2660 1793 :
2714 1739 2842 1810 Ipse
2890 1743 2981 1793 est
3019 1735 3205 1809 judex
3237 1736 3566 1808 viduarum,
3598 1738 3655 1790 et

1999 1827 2123 1899 ipse
2154 1830 2243 1882 est
2274 1850 2299 1876 ‹‹
2336 1827 2490 1882 Deus
2514 1827 2573 1880 in
2606 1825 2730 1882 loco
2763 1829 2965 1882 sancte
2997 1842 3124 1893 suo,
3162 1847 3190 1874 ››
3222 1825 3279 1880 id
3312 1828 3419 1893 est,
3454 1825 3513 1879 in
3544 1842 3654 1880 an-

2001 1914 2145 1988 gelis
2176 1919 2233 1970 et
2264 1915 2323 1970 in
2356 1914 2488 1972 aliis
2520 1915 2741 1971 sanctis
2771 1914 2935 1983 viris,
2963 1914 3104 1986 quia
3134 1913 3279 1969 nihil
3309 1914 3486 1969 habet
3515 1914 3654 1969 obs—

2003 2004 2204 2075 taculi,
2239 2027 2267 2054 ‹‹
2302 2004 2458 2060 Deus
2491 2027 2519 2053 ››
2552 2004 2702 2071 dico,
2740 2025 2769 2054 «
2801 2003 2901 2076 qui
2939 2002 3079 2058 facit
3110 2025 3138 2052 ››
3183 2001 3453 2058 homines
3503 2025 3531 2051 α
3564 2002 3654 2057 in-

2002 2092 2268 2148 habitare
2300 2092 2476 2149 unius
2526 2092 2728 2161 moris,
2764 2114 2792 2141 ››
2823 2093 2882 2147 id
2931 2095 3043 2163 est,
3086 2091 3267 2146 unius
3308 2090 3671 2159 voluntatis;

2002 2183 2325 2238 secundum
2376 2183 2553 2238 fidem
2598 2186 2656 2237 et
2705 2180 3073 2252 charitatem,
3108 2203 3136 2230 ‹‹
3182 2180 3243 2235 in
3292 2180 3489 2249 domo,
3528 2204 3549 2229 υ
3594 2179 3653 2234 id

2001 2276 2112 2339 est,
2143 2271 2202 2326 in
2233 2271 2493 2326 Ecclesia
2520 2288 2649 2327 sua.

2070 2360 2198 2416 Alia
2228 2360 2680 2416 commendatio.
2710 2384 2737 2411 ‹‹
2772 2360 2880 2426 Qui
2917 2383 2945 2410 »
2975 2360 3154 2415 etiam
3188 2382 3216 2410 ε(
3252 2359 3449 2414 educit
3497 2358 3654 2415 vinc-

2003 2454 2115 2518 tos,
2154 2472 2180 2497 ››
2211 2448 2270 2505 id
2302 2454 2411 2518 est,
2444 2448 2578 2505 illos
2611 2449 2711 2522 qui
2741 2468 2775 2504 a
2804 2449 3035 2505 diabolo
3069 2447 3282 2522 captivi
3312 2449 3659 2505 tenebantur

2003 2538 2062 2593 in
2095 2538 2342 2607 inferno,
2374 2537 2464 2594 vel
2492 2539 2751 2595 viventes
2782 2537 2945 2611 ligati
2982 2537 3236 2594 vinculis
3284 2540 3655 2610 peccatorum

2006 2652 2032 2678 ‹‹
2068 2628 2128 2683 in
2174 2627 2540 2696 fortitudine,
2578 2651 2605 2678 »
2655 2628 2714 2682 id
2764 2632 2872 2696 est,
2899 2627 2960 2682 in
3008 2627 3287 2683 violentia
3334 2643 3567 2699 magna,
3600 2630 3657 2682 et

2004 2716 2158 2772 sicut
2184 2717 2415 2772 vinctos
2447 2740 2474 2767 ‹‹
2508 2715 2784 2772 similiter
2834 2734 2934 2771 eos
2983 2714 3086 2787 qui
3136 2720 3502 2786 exasperant,
3536 2738 3565 2764 »
3596 2715 3655 2769 id

2003 2809 2112 2873 est,
2148 2810 2462 2875 provocant
2493 2806 2677 2859 Deum
2708 2805 2781 2858 ad
2813 2803 2985 2874 iram,
3005 2803 3245 2871 scilicet,
3278 2803 3656 2875 blasphemos

2003 2896 2060 2946 et
2090 2892 2466 2963 turpissimos
2496 2892 2557 2946 in
2601 2892 2881 2963 peccatis,
2911 2896 2969 2947 et
3011 2891 3189 2946 etiam
3243 2891 3458 2960 educit,
3493 2913 3518 2939 α
3551 2891 3653 2962 qui

2003 2979 2273 3035 habitant
2300 2981 2360 3035 in
2392 2979 2700 3052 sepulcris,
2741 3002 2762 3029 ι»
2798 2979 2857 3035 id
2897 2984 3005 3048 est,
3039 2980 3413 3035 consentiunt
3458 2978 3656 3052 volup-

2004 3069 2107 3125 tati
2156 3069 2372 3141 carnis,
2406 3087 2536 3142 qua:
2585 3086 2717 3124 caro
2749 3072 2838 3124 est
2883 3067 3218 3141 sepulcrum
3252 3067 3481 3135 animae,
3515 3068 3655 3140 quia

2003 3158 2084 3213 ibi
2117 3158 2315 3214 anima
2345 3158 2507 3214 carni
2552 3156 2944 3227 consentiens,
2987 3154 3288 3230 putrescit,
3323 3156 3476 3212 sicut
3519 3174 3653 3213 care

2007 3247 2066 3302 in
2098 3246 2388 3319 sepulcro.

2031 3374 2047 3396 .
2083 3358 2112 3387 ‹‹
2137 3337 2313 3405 Deus,
2349 3354 2484 3392 cum
2524 3336 2905 3409 egredereris.
2938 3357 2965 3386 ››
2998 3334 3102 3392 Hic
3148 3333 3354 3408 incipit
3396 3335 3655 3391 secunda

2004 3444 2141 3500 pars
2174 3443 2188 3481 :
2223 3430 2281 3481 et
2311 3426 2407 3482 hic
2436 3430 2526 3482 est
2555 3424 2906 3498 diapsalma,
2938 3425 2997 3481 id
3028 3428 3136 3493 est,
3164 3424 3372 3481 divisio
3418 3423 3652 3497 psalmi.

2004 3515 2381 3571 Continuatio
2415 3533 2429 3570 :
2481 3514 2642 3586 Dico,
2691 3516 2777 3583 tu,
2810 3514 2992 3584 Deus,
3021 3514 3276 3571 deduces
3321 3511 3476 3582 illos,
3517 3513 3657 3586 quia

2005 3605 2160 3678 quod
2210 3604 2598 3678 praefigurasti
2648 3603 2708 3660 in
2759 3602 2913 3676 aliis,
2967 3602 3229 3676 comples
3272 3602 3332 3659 in
3382 3601 3574 3668 nobis,
3601 3605 3658 3657 et

2006 3699 2116 3749 hoc
2168 3698 2258 3749 est
2288 3711 2302 3750 :
2350 3718 2379 3744 ‹‹
2410 3694 2586 3763 Deus,
2620 3709 2758 3749 cum
2805 3693 3187 3764 egredereris,
3222 3714 3251 3742 »
3288 3692 3348 3747 id
3378 3696 3487 3759 est,
3522 3707 3656 3746 cum

2006 3784 2170 3857 prius
2201 3783 2466 3839 occultus
2492 3799 2672 3851 esses,
2700 3780 2956 3853 teipsum
2987 3782 3366 3836 manifestum
3398 3780 3661 3835 ostende-

2005 3890 2098 3928 res
2131 3895 2158 3922 ‹‹
2190 3873 2250 3926 in
2283 3874 2604 3942 conspectu
2632 3866 2834 3941 populi
2864 3866 2951 3921 tui
2988 3889 3015 3915 ››
3047 3865 3437 3922 illuminanda
3467 3880 3566 3920 eos
3597 3864 3656 3920 in

2005 3966 2175 4018 nocte
2205 3977 2308 4032 per
2336 3958 2673 4014 columnam
2705 3956 2881 4026 ignis,
2912 3954 2971 4009 in
3005 3954 3099 4009 die
3130 3953 3528 4025 refrigerando
3557 3968 3657 4008 eos

2006 4067 2111 4122 per
2151 4048 2491 4104 columnam
2541 4044 2718 4100 nubis
2763 4042 2955 4117 (Exod.
2986 4059 3088 4097 xm
3117 4046 3175 4096 et
3200 4045 3340 4110 xw),
3374 4045 3432 4096 et
3462 4064 3489 4090 ‹‹
3520 4052 3656 4097 enm

2005 4160 2033 4188 ‹‹
2066 4136 2456 4209 pertransires
2485 4134 2547 4189 in
2573 4133 2803 4188 deserto
2827 4155 2855 4181 ››
2885 4131 3107 4187 ducens
3136 4147 3237 4186 eos
3267 4133 3325 4185 et
3342 4129 3657 4185 ostendens

2004 4226 2284 4298 teipsum,
2315 4224 2401 4280 eis
2432 4222 2743 4296 praebendo
2791 4222 3072 4277 ducatum
3104 4235 3336 4291 semper
3366 4240 3396 4269 «
3429 4235 3533 4291 per
3561 4234 3656 4274 co-

2002 4312 2271 4370 lumnam
2324 4311 2501 4368 nubis
2551 4332 2581 4360 »
2632 4314 2689 4368 et
2735 4309 2910 4384 ignis,
2944 4327 3048 4383 per
3092 4313 3284 4365 totum
3333 4307 3655 4377 desertum,

2003 4427 2031 4456 ι(
2066 4408 2251 4460 terrra
2280 4404 2439 4458 mota
2461 4403 2617 4467 est,»
2648 4399 2708 4454 id
2737 4403 2845 4469 est,
2872 4396 3088 4455 terreni
3109 4398 3210 4470 qui
3235 4395 3401 4470 prius
3429 4393 3655 4450 cultum

2002 4492 2106 4549 Dei
2158 4509 2274 4548 non
2323 4492 2645 4557 moverant,
2682 4487 2825 4543 moti
2874 4492 3017 4544 sunt
3065 4487 3137 4543 ad
3186 4484 3411 4542 cultum
3446 4483 3566 4553 Dei,
3601 4486 3658 4538 et

2003 4583 2181 4640 etiam
2231 4579 2345 4653 ipsi
2393 4578 2602 4647 Judaei,
2654 4593 2758 4651 per
2806 4574 3205 4632 «columnam
3256 4571 3433 4646 ignis,
3468 4594 3496 4621 ››
3528 4588 3656 4644 quae

236 4667 365 4739 ejus
386 4666 772 4741 ampliando«
794 4669 1019 4726 nomini
1045 4672 1222 4743 ejus»
1245 4671 1729 4745 scilicet,Christo
1749 4674 1892 4732 Filio
1923 4689 1971 4755 D
2004 4671 2289 4745 populum
2321 4667 2499 4726 Israel
2530 4665 2903 4755 illuminavit.
2937 4663 3135 4755 Nubes
3182 4679 3310 4735 quae
3325 4661 3660 4755 _in‘die_re-

235 4757 387 4827 ejus,
420 4772 525 4829 per
554 4774 728 4830 quem
761 4775 974 4816 nomen
1006 4761 1135 4832 ejus
1167 4761 1388 4817 mundo
1440 4762 1715 4819 innotuit.
1748 4765 1893 4820 Cum

236 4844 396 4915 dicit,
412 4844 709 4918 psalmum
740 4848 1069 4917 dicite,non
1100 4853 1335 4905 tantum
1367 4856 1567 4907 monet
1597 4851 1744 4908 bene
1767 4870 1898 4925 ope-

236 4932 373 5000 rari,
409 4934 511 4991 sed
544 4935 675 4992 aliis
707 4954 879 4994 suam
910 4938 1309 5011 operationem
1341 4938 1553 5007 dicere,
1598 4941 1655 4995 id
1690 4946 1801 5013 est,
1833 4941 1893 4998 in

236 5022 499 5096 exemplo
530 5032 876 5098 prepenere,
895 5032 953 5084 et
975 5050 1002 5078 ‹‹
1028 5028 1140 5083 iter
1165 5051 1193 5080 «
1213 5026 1390 5085 etiam
1416 5050 1443 5077 ››
1462 5028 1637 5085 facite
1662 5029 1714 5086 ei
1740 5053 1768 5079 »
1792 5048 1896 5103 per

239 5112 391 5183 quod
423 5112 535 5169 iter
554 5114 614 5169 in
633 5132 740 5172 nos
754 5116 968 5185 veniat,
986 5117 1311 5190 rumpendo
1335 5118 1535 5174 omnia
1564 5118 1890 5190 obstacula,

240 5200 486 5272 scilicet,
514 5202 677 5273 vitia,
714 5222 841 5277 quae
874 5206 1059 5263 Deum
1092 5205 1389 5279 expellunt
1413 5207 1485 5264 de
1528 5206 1892 5266 habitatione

242 5294 444 5347 nostra
479 5307 492 5348 :
525 5292 576 5348 ei
611 5294 763 5363 dico,
803 5317 831 5345 «
867 5296 969 5368 qui
1003 5295 1267 5353 ascendit
1309 5313 1489 5368 super
1537 5314 1833 5372 occasum,
1867 5322 1896 5349 ››

239 5377 299 5434 id
331 5384 444 5450 est,
475 5398 653 5455 super
683 5387 956 5458 mortem,
989 5403 1115 5458 qua:
1146 5386 1251 5442 toti
1297 5387 1518 5441 mundo
1550 5387 1896 5444 dominaba-

241 5472 355 5538 tur,
388 5474 445 5527 et
474 5470 534 5527 in
567 5489 866 5547 occasum,
901 5479 958 5530 et
991 5475 1051 5530 in
1082 5475 1355 5531 tenebras
1386 5475 1806 5547 praecipitabat,
1839 5481 1898 5533 et

241 5556 488 5631 dignum
518 5565 609 5620 est
636 5567 705 5620 ut
732 5563 785 5621 ei
816 5564 929 5621 iter
959 5564 1209 5635 faciatis,
1241 5564 1381 5637 quia
1411 5586 1438 5615 ‹‹
1472 5563 1557 5618 illi
1588 5574 1627 5614 ››·
1649 5569 1739 5620 est
1786 5565 1896 5623 hoc

242 5668 270 5697 (ι
304 5664 517 5706 nomen
550 5673 578 5701 ››
608 5653 998 5711 substantiale
1029 5678 1056 5705 ‹‹
1087 5654 1372 5712 Dominus
1401 5677 1430 5708 »
1465 5653 1604 5727 quia
1646 5655 1761 5729 ipsi
1792 5675 1898 5730 per

242 5736 659 5801 sedominatur
675 5747 735 5801 et
751 5759 923 5803 nemo
940 5745 1131 5821 potest
1150 5743 1464 5817 nominari,
1481 5743 1596 5804 nisi
1613 5761 1717 5821 per
1734 5762 1893 5806 eum.

2004 4760 2321 4835 frigerabat
2350 4775 2470 4824 eos,
2504 4755 2775 4813 eamdem
2810 4752 3277 4809 incarnationem
3308 4749 3658 4822 designabat

2002 4852 2063 4907 in
2096 4866 2214 4923 qua
2243 4864 2448 4905 omnes
2482 4845 2682 4902 fideles
2716 4840 3084 4915 refrigerium
3116 4839 3442 4898 inveniunt.

2075 4940 2213 4996 Dico
2262 4941 2417 4993 terra
2464 4938 2625 4990 mota
2661 4936 2771 4999 est,
2798 4931 2991 4989 ethoc
3023 4931 3181 5002 ideo,
3214 4952 3242 4981 ‹‹
3275 4929 3492 4986 etenim
3525 4925 3654 4984 caeli

2004 5054 2031 5081 ‹‹
2061 5027 2492 5084 distillaverunt
2519 5046 2547 5074 ››
2570 5023 2712 5078 dum
2737 5038 2956 5078 manna
2985 5020 3297 5093 pluerent<<
3320 5035 3353 5073 a
3374 5015 3539 5086 facie,
3558 5038 3585 5065 »
3599 5014 3656 5070 id

2003 5123 2146 5176 esta
2173 5114 2484 5190 praesentia
2501 5136 2527 5163 ‹‹
2549 5111 2650 5168 Dei
2667 5135 2693 5161 ››
2718 5111 2856 5183 quia
2887 5110 2965 5166 ibi
2998 5110 3139 5165 dum
3174 5106 3654 5174 mannacaderet,

2004 5206 2316 5283 praesentia
2345 5202 2446 5260 Dei
2475 5201 2709 5274 cognita
2736 5200 2867 5266 fuit,
2900 5199 3000 5254 Dei
3031 5198 3161 5254 dico
3206 5220 3234 5247 «
3268 5195 3429 5253 Sinai
3464 5216 3491 5243 ››
3521 5193 3659 5265 quia

2006 5281 2066 5354 in
2099 5298 2197 5353 illo
2229 5298 2425 5350 monte
2447 5292 2601 5348 Deus
2619 5289 2779 5346 dedit
2796 5288 2983 5361 legem
3001 5292 3058 5344 et
3080 5286 3378 5343 mandata.
3393 5282 3553 5339 Sinai
3576 5281 3660 5336 in-

2005 5389 2358 5462 terpretatur
2386 5379 2727 5446 mandatum,
2757 5381 2815 5433 et
2846 5378 3000 5433 Deus
3031 5376 3247 5462 dicitur
3289 5374 3444 5431 Deus
3485 5388 3655 5426 man-

2006 5460 2146 5544 dati,
2182 5473 2281 5546 qui
2312 5473 2371 5527 in
2403 5467 2677 5527 omnibus
2705 5465 2821 5521 illis
2870 5465 3119 5533 habitat,
3153 5460 3254 5535 qui
3305 5462 3657 5519 mandatum

2004 5566 2122 5622 illis
2153 5563 2481 5621 observant.
2514 5559 2560 5612 A
2590 5556 2736 5612 facie
2766 5554 2869 5610 Dei
2910 5554 3074 5611 Sinai
3119 5552 3270 5623 dico,
3307 5557 3366 5608 et
3399 5575 3427 5601 «
3452 5568 3487 5607 a
3511 5548 3658 5606 facie

2008 5678 2037 5708 ‹‹
2066 5654 2168 5712 Dei
2200 5648 2397 5720 Israel,
2420 5670 2448 5697 ››
2480 5645 2539 5701 id
2569 5648 2677 5713 est,
2696 5642 3000 5700 Israelitiei
3025 5642 3460 5716 populi.Potest
3477 5637 3656 5696 etiam

2002 5747 2099 5806 hic
2148 5739 2309 5803 Sinai
2358 5733 2757 5799 nominativus
2813 5750 2964 5809 esse,
3024 5732 3180 5811 quod
3234 5730 3493 5792 ostendit
3546 5726 3661 5789 alia
