3936 6426
220 482 334 543 M7

1395 477 1903 541 EXPLANATIO
1943 475 2027 540 IN
2073 477 2457 541 PSALMOS.

3521 483 3636 546 418

222 613 388 688 regit,
409 612 563 670 sicut
583 613 774 668 bonus
797 612 1002 685 auriga
1023 627 1508 680 currum,currus
1530 609 1702 666 dico«
1729 608 1875 664 mul-
1901 607 1958 677 Α
1987 609 2116 681 piti,
2149 609 2233 666 sic
2265 610 2644 682 cogitationes
2674 611 2880 680 menti,
2912 611 3076 669 bonae
3105 616 3303 670 autem
3336 613 3636 688 cogitatio-

223 702 401 776 tiplex
430 703 633 758 decem
682 701 949 757 millibus
983 725 1009 749 »
1039 700 1269 773 populis
1303 719 1314 754 :
1351 719 1454 773 per
1493 701 1725 754 finitum
1767 717 1874 754 nu-

224 807 450 848 merum
472 789 858 863 intelligimus
881 789 1198 857 iniinitum,
1225 795 1281 843 et
1300 788 1400 844 illa
1425 812 1452 839 ‹‹
1476 788 1660 843 millia
1686 812 1710 836 ››
1735 793 1877 842 sunt

226 903 253 930 «
284 878 609 934 laetantium
645 901 671 927 ››
703 877 856 945 ideo,
879 878 1020 949 quia
1041 901 1068 927 ‹‹
1105 878 1391 933 Dominus
1428 904 1450 925 υ
1475 883 1564 932 est
1589 901 1614 925 ‹‹
1647 877 1705 931 in
1737 877 1822 931 eis
1849 899 1874 924 ››

223 970 320 1041 qui
368 969 656 1024 Dominus
704 972 795 1023 est
823 991 850 1015 ‹‹
887 967 945 1022 in
978 967 1138 1034 Sina,
1167 990 1194 1015 ››
1228 967 1282 1021 id
1331 973 1441 1032 est,
1468 967 1523 1020 in
1573 967 1871 1021 mandato.

223 1059 326 1115 Per
355 1059 464 1113 hoc
496 1061 684 1122 notat,
707 1056 861 1127 quod
899 1056 1182 1111 Dominus
1204 1060 1292 1110 est
1327 1055 1440 1110 illis
1465 1056 1561 1126 qui
1587 1072 1694 1110 sua
1716 1072 1876 1109 man-

223 1149 355 1204 data
375 1145 846 1217 custodiunt,qui
866 1145 1042 1200 etiam
1067 1145 1351 1200 Dominus
1373 1151 1497 1200 estu
1521 1145 1576 1198 in
1602 1148 1806 1199 sancto
1825 1168 1871 1197 υ.

222 1237 278 1291 id
311 1240 420 1303 est,
454 1235 513 1291 in
564 1233 816 1302 Christo,
852 1239 908 1289 et
957 1250 1059 1305 per
1089 1234 1199 1288 hoc
1229 1237 1394 1288 notat
1439 1234 1594 1304 quod
1646 1233 1780 1304 ipsi,
1816 1233 1873 1286 in

221 1325 438 1398 quibus
467 1323 716 1393 habitat,
749 1323 868 1378 sint
899 1323 1228 1377 conformes
1256 1322 1508 1376 Christo.

290 1417 361 1469 Et
392 1431 494 1485 per
514 1413 623 1467 hoc
645 1417 783 1466 sunt
813 1410 908 1466 isti
943 1411 1077 1466 facti
1101 1428 1308 1465 currus
1331 1410 1451 1476 Dei,
1479 1411 1617 1480 quia
1639 1414 1699 1464 tu
1724 1411 1877 1464 Deus

222 1527 248 1552 «
274 1501 591 1559 ascendisti
627 1501 684 1556 in
717 1499 903 1556 altum
937 1522 964 1549 »
991 1500 1061 1554 ad
1094 1499 1348 1554 litteram
1374 1523 1399 1546 ‹‹
1436 1498 1660 1568 coepisti
1695 1497 1875 1568 capti-

217 1593 519 1657 vitatem,»
563 1590 619 1644 id
660 1593 769 1657 est,
805 1605 838 1643 a
869 1587 1084 1643 diaboli
1132 1587 1358 1658 laqueis
1408 1593 1538 1641 tuos
1587 1585 1874 1658 eripuisti,

220 1683 318 1754 qui
380 1681 452 1735 ad
512 1677 947 1751 expressionem
997 1676 1304 1748 captivitas
1353 1675 1722 1747 appellantur
1763 1691 1776 1729 :
1821 1679 1880 1730 et

219 1793 246 1820 «ι
281 1767 614 1840 accepisti»
646 1784 680 1822 a
710 1766 826 1822 Deo
860 1787 887 1815 ‹‹
921 1766 1074 1821 dona
1118 1765 1178 1820 in
1225 1765 1588 1830 hominibus,
1619 1787 1644 1811 ››
1677 1764 1733 1819 id
1765 1769 1876 1830 est,

218 1857 492 1914 homines
549 1856 726 1922 dona,
759 1855 912 1910 sicut
959 1853 1220 1910 dicitur:
1270 1853 1373 1908 Hic
1431 1853 1606 1908 homo
1656 1853 1880 1924 accepit

216 1947 377 2003 dona
408 1945 468 2000 in
500 1943 726 2017 cyphis,
761 1943 818 1998 id
851 1947 958 2010 est,
993 1942 1213 2014 cyphos
1242 1943 1484 2014 accepit.

287 2037 359 2092 Et
391 2049 523 2090 vere
553 2031 830 2104 accepisti
861 2031 1130 2086 homines
1162 2032 1337 2100 dona,
1371 2029 1508 2102 quia
1553 2031 1730 2086 etiam
1764 2046 1878 2085 non

215 2125 526 2182 credentes
548 2146 574 2172 «
609 2122 828 2178 etenim
862 2135 975 2176 non
1020 2120 1323 2176 credentes
1351 2142 1378 2168 η
1412 2118 1683 2191 accepisti
1707 2142 1733 2167 ‹‹
1770 2119 1879 2174 Do-

217 2211 452 2270 minum
509 2210 694 2268 Deum
747 2208 1079 2266 inhabitare
1130 2232 1156 2257 n
1204 2207 1263 2264 in
1312 2207 1680 2275 hominibus,
1729 2207 1883 2263 sicut

215 2301 493 2376 gentiles,
519 2299 618 2373 qui
642 2298 828 2356 Deum
858 2297 1013 2354 inter
1034 2298 1306 2354 homines
1328 2296 1595 2352 habitare
1620 2311 1735 2352 non
1765 2311 1884 2352 cre-

217 2391 462 2448 debant.

287 2481 362 2536 Et
392 2477 536 2551 quia
554 2481 778 2534 tantam
802 2475 1269 2533 misericordiam
1293 2474 1453 2530 dedit
1483 2474 1726 2541 mundo,
1751 2474 1882 2530 ideo

217 2568 347 2640 ipse
379 2592 407 2618 α
441 2565 728 2623 Dominus
758 2588 786 2614 »
815 2565 893 2622 sit
927 2586 956 2615 κ
995 2563 1361 2630 benedictus,
1404 2585 1432 2613 η
1486 2561 1543 2617 id
1593 2567 1700 2630 est,
1750 2561 1882 2617 lau-

217 2658 418 2725 datus,
452 2680 479 2708 ‹‹
513 2657 608 2713 die
642 2679 670 2706 ιι
703 2654 1004 2712 nominato
1036 2678 1063 2705 ‹‹
1114 2651 1374 2726 quotidie
1407 2675 1457 2718 ιι,
1489 2653 1545 2707 id
1591 2657 1698 2719 est,
1734 2652 1880 2708 assi-

215 2747 354 2815 due,
389 2751 448 2802 et
485 2745 655 2818 quasi
707 2743 919 2816 aliquis
972 2743 1188 2798 diceret
1221 2759 1232 2796 :
1269 2743 1457 2807 Quare
1507 2741 1830 2796 benedictis
1855 2740 1883 2795 ?

216 2836 363 2908 quia
401 2835 522 2892 scio
569 2834 724 2907 quod
776 2833 902 2904 ipse
951 2831 1298 2894 ascendens,
1349 2847 1456 2885 nos
1507 2846 1741 2901 quoque
1789 2847 1882 2886 as-

215 2925 470 2982 cendere
517 2923 658 2978 facit
709 2938 720 2976 :
774 2925 831 2975 et
876 2919 985 2974 hoc
1033 2923 1123 2974 est
1155 2940 1182 2966 «
1218 2933 1566 2990 prosperum
1614 2917 1745 2984 iter,
1774 2940 1802 2966 ››
1823 2917 1883 2972 id

214 3019 332 3085 est,
362 3013 490 3069 sine
539 3009 980 3081 impedimento,
1016 3005 1260 3073 scilicet,
1296 3023 1368 3062 ne
1399 3005 1631 3078 possint
1675 3006 1882 3061 mundi

212 3099 529 3158 obstacula
568 3097 853 3169 impedire
903 3111 1031 3162 nos,
1068 3115 1094 3144 «
1131 3093 1305 3150 faciet
1352 3092 1522 3148 nobis
1568 3093 1722 3150 Deus
1755 3116 1783 3142 »
1813 3094 1885 3149 de

210 3207 336 3262 quo
372 3203 692 3260 possumus
723 3200 852 3240 esse
897 3182 1120 3249 securi;
1157 3182 1215 3236 in
1247 3181 1358 3236 hoc
1407 3181 1563 3238 enim
1614 3181 1884 3254 praesenti

212 3279 320 3334 dat
353 3276 525 3331 nobis
575 3273 946 3340 salvationcs,
983 3271 1207 3327 scilicet
1253 3269 1630 3327 remissiones
1681 3287 1882 3344 pecca-

1984 714 2088 753 nes
2121 700 2411 755 adornant
2441 705 2720 768 mentem,
2755 701 2920 757 malae
2953 703 3290 774 deturpant.

2055 787 2209 843 Dixit
2240 790 2525 845 Dominus
2569 807 2580 844 :
2627 792 2922 856 Quosdam
2972 793 3316 865 confringet,
3347 797 3636 867 quosdam

1983 877 2056 932 ad
2097 894 2160 932 se
2209 884 2523 946 convertet,
2557 881 2638 935 ita
2667 881 2822 952 quod
2884 881 3030 936 alios
3091 881 3263 938 faciet
3309 887 3632 957 martyres:

1984 965 2129 1021 alios
2178 983 2312 1021 vero
2365 968 2534 1024 faciet
2582 970 3010 1041 praedicatores,
3039 975 3098 1026 et
3142 973 3215 1027 ad
3266 972 3374 1027 hoc
3423 974 3634 1029 confir-

1983 1057 2290 1125 mandum,
2327 1057 2552 1112 inducit
2582 1059 2896 1114 Dominum
2931 1059 3014 1115 sic
3038 1077 3086 1115 :«
3112 1059 3268 1116 Dixit
3298 1061 3582 1118 Dominus
3609 1086 3634 1112 ››

1983 1161 2088 1216 ego
2120 1168 2147 1193 ‹‹
2183 1149 2515 1200 convertam
2552 1169 2576 1193 n
2610 1147 2682 1201 ad
2723 1164 2815 1202 me
2855 1147 3085 1219 aliquos
3117 1170 3144 1199 «
3175 1164 3244 1204 ex
3274 1151 3485 1219 Basan,
3518 1174 3545 1200 »
3578 1152 3634 1206 id

1983 1238 2093 1300 est,
2118 1250 2183 1287 ex
2211 1234 2574 1301 confusione,
2607 1235 2694 1289 vel
2727 1252 2794 1290 ex
2834 1237 3139 1293 ariditate:
3165 1239 3353 1294 Basan
3384 1257 3639 1312 namque

1984 1322 2249 1377 confusio
2279 1323 2365 1378 vel
2399 1323 2643 1379 ariditas
2682 1324 3121 1397 interpretatur.
3154 1329 3449 1394 Quosdam
3480 1331 3637 1385 enim

1985 1409 2086 1482 qui
2117 1409 2280 1481 prius
2311 1416 2479 1466 erant
2508 1412 2735 1467 confusi
2769 1412 2826 1467 in
2860 1413 3137 1484 peccatis,
3160 1414 3247 1470 vel
3280 1416 3337 1470 in
3371 1417 3641 1473 ariditate

1978 1499 2556 1571 justitiaz,convertit
2585 1502 2656 1556 ad
2708 1517 2769 1556 se
2818 1501 3103 1558 Deuszet
3150 1503 3328 1559 etiam
3355 1525 3381 1552 ››
3405 1522 3639 1561 conver-

1988 1592 2108 1643 tam
2144 1611 2170 1636 η
2214 1590 2286 1644 ad
2348 1605 2441 1645 me
2490 1591 2776 1661 quosdam
2826 1591 3142 1648 existentes
3174 1616 3202 1642 ‹‹
3246 1592 3306 1648 in
3355 1594 3642 1666 profundo

1987 1678 2190 1745 maris,
2220 1701 2245 1726 »
2281 1679 2335 1732 id
2368 1683 2458 1734 est
2490 1679 2547 1734 in
2582 1680 2871 1751 profundo
2901 1681 3204 1737 vitiorum.

2059 1790 2086 1815 ‹‹
2128 1766 2201 1822 Ut
2257 1766 2563 1840 intigatur,
2607 1792 2635 1817 »
2675 1768 2814 1824 dicit
2865 1771 3168 1842 propheta.
3221 1772 3640 1830 Continuatio:

1987 1856 2096 1922 Tu,
2131 1856 2308 1924 Deus,
2340 1862 2640 1913 convertes
2671 1874 2790 1925 eos,
2823 1862 2882 1913 et
2930 1857 3013 1914 ita
3059 1865 3490 1930 convertentur,
3515 1885 3542 1912 ‹‹
3577 1866 3646 1918 ut

1991 1960 2095 2016 pes
2125 1948 2285 2012 tuus,
2310 1966 2338 1995 η
2377 1945 2434 2000 id
2465 1951 2555 2001 est
2586 1947 2846 2002 conversi
2888 1947 2960 2002 ad
3004 1951 3082 2016 te,
3107 1947 3208 2019 qui
3239 1952 3295 2004 te
3319 1953 3556 2021 portant
3582 1950 3644 2007 in

1992 2049 2075 2100 se,
2109 2033 2210 2105 qui
2243 2049 2346 2105 pes
2376 2033 2540 2106 prius
2587 2034 2990 2108 intingebatur
3019 2035 3077 2091 in
3105 2036 3416 2096 dilectione
3464 2039 3644 2112 hujus

1988 2123 2119 2176 vitae
2150 2123 2324 2178 modo
2357 2146 2384 2173 «
2421 2123 2747 2196 intingatur
2785 2124 2843 2180 in
2876 2124 3185 2198 sanguine,
3206 2149 3232 2176 η
3261 2126 3318 2182 id
3351 2132 3440 2184 est
3467 2128 3644 2185 duca-

1990 2213 2088 2266 tur
2118 2210 2295 2267 etiam
2325 2228 2512 2284 usque
2553 2214 2625 2269 ad
2675 2213 3021 2270 effusionem
3070 2214 3398 2289 sanguinis,
3430 2220 3488 2272 et
3518 2240 3547 2268 α
3578 2235 3648 2275 ex

1991 2298 2249 2357 inimicis
2271 2323 2298 2350 ι)
2323 2300 2442 2357 tuis
2475 2300 2576 2357 flat
2599 2299 2848 2374 «lingua
2873 2313 3086 2358 canum
3109 2307 3368 2372 tuorum,
3395 2327 3422 2354 η
3443 2304 3500 2360 id
3533 2310 3644 2375 est,

1991 2387 2137 2443 flant
2167 2388 2372 2461 Optimi
2405 2389 2837 2462 praedicatores,
2859 2396 2916 2446 et
2946 2391 3093 2447 bene
3123 2390 3424 2460 latrantes,
3459 2399 3517 2450 et
3545 2396 3646 2452 Dei

1990 2476 2312 2533 Ecclesium
2353 2478 2750 2547 defendentes,
2785 2480 2941 2536 sicut
2984 2495 3158 2536 canes
3187 2480 3342 2538 circa
3381 2483 3648 2540 domino-

1992 2582 2124 2623 rum
2157 2581 2402 2623 suorum
2432 2567 2640 2624 domos
2669 2566 2933 2641 vigilant,
2968 2572 3025 2624 ei.
3055 2568 3164 2625 hoc
3215 2586 3329 2626 non
3379 2574 3653 2644 procedet

1996 2675 2024 2704 α
2057 2655 2130 2710 ab
2162 2678 2188 2704 ››
2223 2655 2330 2722 eis,
2362 2656 2464 2712 sed
2507 2671 2542 2711 a
2583 2657 2640 2712 te
2671 2681 2698 2705 ‹‹
2734 2657 2880 2730 ipso.
2911 2679 2938 2706 ι)
2959 2656 3088 2713 Alia
3133 2659 3292 2714 enim
3342 2660 3651 2718 translatio

1993 2743 2170 2799 habet
2198 2744 2406 2817 teipse.
2430 2744 2531 2800 Vel
2567 2761 2757 2801 sermo
2797 2751 2988 2818 potest
3025 2747 3138 2802 dici
3170 2763 3484 2804 conversus
3514 2750 3598 2805 sic
3633 2768 3646 2806 :

1994 2832 2284 2888 Dominus
2314 2838 2629 2902 convertet,
2663 2840 2721 2890 et
2769 2839 2831 2889 tu
2883 2833 3095 2906 populc
3141 2835 3228 2892 ita
3271 2837 3646 2905 converteris,

1995 2925 2060 2975 ut
2090 2937 2195 2992 pes
2224 2925 2384 2991 tuus,
2409 2921 2465 2976 id
2494 2925 2584 2976 est
2612 2921 2837 2978 affectio
2859 2927 2963 2977 tua
2992 2923 3319 2995 intingat‘ur
3338 2924 3397 2980 in
3419 2927 3653 2999 sangui-

1993 3025 2151 3079 nem,
2187 3009 2244 3064 id
2277 3013 2366 3064 est
2395 3026 2581 3081 prona
2625 3009 2704 3065 sit
2741 3009 2812 3064 ad
2856 3010 3201 3067 effusionem
3233 3013 3562 3085 sanguinis,
3593 3019 3652 3070 et

1993 3112 2062 3152 ex
2092 3095 2348 3152 inimicis
2377 3097 2479 3152 Dei
2527 3097 2629 3152 fiat
2658 3096 2864 3170 lingua
2913 3112 3127 3153 canum
3178 3103 3436 3168 tuorum,
3471 3101 3530 3157 id
3563 3106 3654 3159 est

1995 3190 2365 3258 peccatorum
2405 3190 2666 3256 tuorum,
2699 3185 2941 3254 scilicet,
2975 3187 3075 3259 qui
3121 3192 3262 3245 sunt
3291 3189 3362 3244 de
3392 3194 3564 3262 gente
3593 3196 3652 3248 et

1995 3275 2065 3330 de
2097 3276 2390 3331 consortio
2423 3279 2544 3346 tuo,
2581 3283 2636 3332 et
2667 3275 2776 3332 hoc
2816 3293 2932 3331 non
2963 3293 2998 3332 a
3025 3280 3101 3344 te,
3135 3279 3238 3333 sed
3270 3279 3343 3334 ab
3374 3279 3502 3352 ipso
3532 3280 3650 3337 Deo

212 3372 440 3433 torum,
492 3369 550 3420 et
597 3364 706 3418 hoc
754 3365 864 3434 est,
900 3383 927 3410 «
980 3359 1330 3416 salutarium
1387 3356 1722 3415 nostrorum
1767 3383 1792 3408 ››
1826 3364 1885 3416 et
1913 3338 1958 3408 α
1995 3364 2125 3420 erit.

213 3455 371 3513 alias
400 3468 639 3526 quoque
671 3449 1045 3516 salvationes,
1075 3447 1298 3506 scilicet
1321 3448 1640 3520 justitiam,
1664 3454 1775 3505 etc.

289 3545 424 3617 Ipse
484 3541 661 3597 etiam
719 3544 810 3595 est
842 3562 869 3589 «
912 3539 1068 3596 Deus
1124 3542 1344 3604 noster,
1383 3559 1410 3586 »
1445 3537 1502 3592 id
1554 3542 1645 3593 est
1689 3543 1888 3594 noster

214 3638 470 3699 creator,
503 3635 562 3686 et
590 3634 681 3684 est
715 3627 892 3684 etiam
927 3651 954 3677 α
989 3627 1145 3682 Deus
1183 3625 1375 3682 salvos
1416 3625 1715 3681 faciendi»
1748 3627 1888 3700 quia

216 3739 336 3777 non
373 3725 606 3776 tantum
639 3718 699 3772 in
731 3717 840 3772 hac
861 3717 982 3771 vita
1015 3715 1225 3786 salvat,
1247 3714 1348 3769 sed
1374 3713 1549 3770 etiam
1582 3714 1640 3769 in
1672 3721 1889 3772 aeterna

213 3807 648 3884 glorificatione
706 3805 976 3862 salvabit.
1039 3805 1144 3859 Hic
1204 3803 1413 3875 incipit
1461 3807 1675 3875 quarta
1727 3821 1884 3876 pars.

213 3895 600 3955 Continuatio
629 3913 642 3951 :
677 3896 748 3952 Et
793 3910 864 3950 ne
902 3892 1122 3965 aliquis
1158 3893 1398 3947 diceret.
1434 3892 1520 3947 Tu
1551 3891 1699 3948 dicis
1729 3894 1885 3965 quod

215 3987 347 4061 ipse
381 3986 462 4042 sit
491 3986 647 4042 Deus
691 3983 884 4040 salvos
917 3982 1190 4052 iaciendi,
1223 3983 1323 4037 sed
1375 3981 1486 4036 hoc
1519 3999 1750 4054 quoque
1780 4000 1885 4054 po-

217 4081 340 4133 test
369 4091 524 4143 esse,
557 4090 693 4129 cum
738 4073 862 4145 ipse
913 4070 1090 4128 fuerit
1137 4074 1428 4137 mortuus,
1463 4075 1519 4125 et
1568 4070 1659 4125 sui
1709 4072 1886 4126 etiam

219 4165 576 4222 moriantur.
614 4161 936 4233 Respondit
975 4177 988 4216 ε
1039 4161 1191 4215 Bene
1239 4157 1369 4214 dico
1422 4157 1577 4230 quod
1629 4159 1753 4230 ipse
1799 4164 1889 4215 est

212 4255 376 4311 Deus
409 4252 603 4308 salvos
633 4249 905 4318 faciendi,
935 4248 1078 4322 quia
1098 4248 1272 4304 istius
1294 4270 1320 4297 ‹‹
1350 4247 1585 4302 Domini
1608 4247 1841 4302 Domini
1856 4270 1885 4297 ››

211 4347 306 4399 est
335 4365 364 4392 «
403 4341 596 4398 exitus
647 4338 856 4395 mortis
890 4361 940 4407 ››,
965 4337 1022 4394 id
1073 4341 1183 4405 est,
1218 4352 1559 4409 exsurgens,
1594 4335 1768 4391 exivit
1814 4338 1886 4393 de

211 4435 432 4499 morte,
466 4435 525 4486 et
551 4445 756 4486 omnes
791 4445 930 4484 suos
975 4426 1186 4482 educet
1235 4425 1304 4481 de
1355 4428 1542 4480 morte
1589 4442 1723 4480 cum
1773 4426 1885 4481 Do~

213 4519 364 4575 mini
399 4519 492 4575 bis
523 4518 712 4590 ponit,
745 4535 847 4588 per
887 4532 1073 4572 unum
1119 4515 1322 4581 fixum,
1359 4513 1415 4568 id
1465 4518 1573 4578 est,
1606 4513 1884 4570 substan-

207 4609 352 4665 tiale
406 4606 766 4680 accipimus,
829 4622 932 4678 per
1000 4603 1160 4660 aliud
1229 4602 1568 4658 exercitium
1639 4603 1882 4658 dominii

2067 3476 2095 3503 «
2117 3453 2406 3508 Viderunt
2435 3453 2758 3525 ingressus.
2789 3475 2816 3503 »
2840 3454 2946 3509 Pes
2977 3453 3238 3526 tingetur
3259 3454 3318 3510 in
3343 3457 3648 3530 sanguine,

1996 3541 2200 3614 lingua
2231 3559 2446 3597 canum
2495 3547 2735 3598 tuorum
2774 3544 2873 3598 iiet
2903 3557 2971 3597 ex
3002 3542 3281 3612 inimicis,
3301 3548 3362 3600 et
3407 3545 3518 3602 hoc
3567 3550 3652 3602 to-

1996 3635 2123 3686 tum
2153 3648 2254 3703 per
2275 3632 2383 3687 hoc
2417 3634 2536 3700 fiet,
2554 3632 2714 3704 quia,
2739 3649 2771 3688 ο
2797 3655 2823 3683 «
2847 3633 3061 3699 Deus,»
3083 3631 3169 3687 illi
3190 3633 3290 3705 qui
3315 3639 3657 3690 convertun-

1995 3724 2113 3788 tur,
2139 3743 2164 3769 «
2190 3721 2466 3776 viderunt
2514 3721 2820 3794 ingressus
2849 3725 3004 3787 tuos,
3032 3743 3060 3770 »
3082 3721 3142 3775 id
3172 3726 3264 3777 est
3308 3739 3485 3795 opera
3529 3726 3652 3791 tua,

1997 3827 2125 3882 quae
2157 3810 2216 3864 in
2265 3811 2488 3866 mundo
2519 3815 2792 3882 operatus
2823 3827 2906 3864 es.
2931 3809 3034 3863 Vel
3065 3808 3151 3864 tui
3191 3809 3496 3883 ingressus
3524 3810 3654 3866 ideo

1996 3898 2158 3967 dicit,
2183 3899 2326 3971 quia
2364 3900 2520 3954 Deus
2567 3897 2733 3970 prius
2765 3897 2993 3952 alienus
3025 3900 3153 3952 erat
3201 3914 3236 3951 a
3281 3898 3526 3967 mundo,
3551 3901 3653 3955 sed

1997 4005 2099 4060 per
2129 3987 2591 4044 misericordiam
2616 4003 2786 4042 suam
2817 3985 3122 4056 ingressus
3142 3983 3312 4041 estin
3337 3987 3650 4055 mundum,

1995 4081 2054 4132 et
2083 4081 2147 4131 ut
2177 4075 2529 4130 determinet
2558 4074 2861 4146 ingressus
2889 4072 3021 4127 illos
3047 4087 3176 4127 esse
3206 4072 3442 4142 Christi,
3467 4074 3649 4130 dicit:

1996 4188 2024 4215 ‹‹
2051 4165 2358 4236 Ingressus
2391 4161 2489 4218 Dei
2523 4161 2658 4233 mei,
2683 4160 2836 4234 regis
2869 4160 3006 4229 mei,
3031 4160 3130 4233 qui
3169 4164 3259 4216 est
3296 4161 3354 4216 in
3387 4166 3647 4230 sancto,»

1996 4253 2054 4307 id
2102 4257 2192 4307 est
2239 4252 2338 4324 qui
2391 4251 2620 4307 habitat
2670 4250 2730 4304 in
2773 4249 3067 4306 dominico
3118 4249 3378 4321 homine,
3428 4249 3653 4307 scilicet

1993 4340 2244 4409 Christo,
2266 4345 2323 4396 et
2351 4339 2446 4394 hic
2478 4342 2676 4410 aperte
2705 4337 3170 4394 incarnationem
3201 4339 3483 4395 insinuat.

2066 4453 2094 4480 «
2138 4430 2564 4485 Praevenerunt.
2593 4449 2619 4476 »
2655 4427 2760 4482 Per
2805 4426 2916 4482 hoc
2963 4432 3460 4496 converterentur,
3513 4429 3652 4500 quia

1992 4519 2264 4575 viderunt
2287 4519 2588 4590 ingressus
2608 4516 2732 4583 Dei,
2753 4520 2810 4570 et
2828 4532 2932 4587 per
2954 4515 3064 4571 hoc
3086 4515 3429 4587 etiam,quia
3446 4540 3473 4566 ‹‹
3498 4517 3653 4588 prin-

1994 4609 2212 4680 cipes.»
2235 4608 2293 4661 id
2325 4611 2414 4662 est
2442 4603 2710 4676 apostoli,
2736 4603 2836 4675 qui
2867 4608 3007 4659 sunt
3035 4603 3332 4676 principes
3363 4604 3422 4658 in
3456 4605 3650 4661 Eccle-

209 4698 603 4770 designamus
663 4699 946 4766 tanquam
996 4693 1046 4748 si
1099 4693 1346 4759 diceret,
1402 4691 1635 4746 Domini
1695 4692 1883 4748 domi-
1913 4705 1963 4772 Ι)
1993 4698 2102 4766 sia,
2128 4721 2155 4747 ‹‹
2192 4698 2595 4769 praevenerunt
2628 4710 2796 4754 neos,
2834 4693 2974 4764 quia
3023 4692 3188 4764 prius
3233 4694 3558 4762 credentes,
3587 4711 3650 4750 se

211 4787 442 4842 nantis.

283 4899 312 4924 ‹‹
348 4875 794 4930 Verumtamen.
834 4895 860 4922 ››
892 4873 1006 4929 Iste
1033 4876 1121 4927 est
1165 4870 1318 4925 Deus
1361 4869 1553 4924 salvos
1592 4868 1877 4936 faciendi;

206 4990 234 5015 «
270 4969 688 5021 verumtamen
725 4985 752 5012 »
784 4962 895 5020 iste
942 4984 968 5011 «
1016 4961 1170 5016 Deus
1221 4957 1571 5029 confringet,
1601 4981 1627 5007 ››
1663 4959 1718 5013 id
1768 4964 1876 5028 est,

211 5052 577 5110 annihilabit
598 5075 625 5100 ‹‹
657 5051 868 5125 capita,
893 5073 919 5097 »
944 5050 1001 5105 id
1028 5055 1136 5116 est,
1164 5052 1408 5114 mentes,
1433 5045 1519 5101 vel
1558 5048 1879 5104 erectiones

211 5165 241 5191 ‹‹
275 5141 659 5198 inimicorum
689 5156 933 5198 suorum
961 5162 987 5187 »
1019 5143 1077 5194 et
1105 5138 1282 5194 etiam
1313 5135 1640 5208 codfringet
1661 5161 1687 5186 ‹‹
1713 5138 1880 5193 verti-

211 5247 344 5287 cem
392 5229 615 5302 capilli,
640 5252 668 5278 ››
691 5228 749 5284 id
799 5225 1338 5296 est,extollentiam
1391 5229 1449 5280 et
1497 5223 1878 5283 elevationem

209 5317 668 5391 cogitationum,
697 5317 922 5374 scilicet
951 5314 1337 5389 cogitationes
1368 5312 1875 5386 philosophorum,

204 5410 265 5462 et
305 5406 636 5478 profundas
682 5405 1007 5463 sententias
1055 5421 1280 5470 eorum,
1322 5407 1381 5458 et
1426 5408 1646 5458 sectam
1697 5404 1877 5461 haere-

202 5495 487 5563 ticorum,
520 5495 592 5551 de
643 5494 861 5568 quibus
907 5493 1284 5550 elevabantur
1329 5495 1386 5546 et
1436 5492 1874 5563 superhiebant,

199 5583 488 5639 verticem
520 5583 651 5639 dico
682 5607 710 5634 «
746 5581 1310 5655 perambulantium,
1343 5601 1370 5627 ››
1402 5577 1460 5633 id
1493 5583 1583 5634 est
1613 5597 1875 5652 perseve-

203 5671 472 5728 rantium
509 5693 536 5721 ‹‹
568 5671 628 5727 in
657 5671 889 5727 delictis
920 5670 1064 5727 suis.
1101 5695 1126 5719 ››
1161 5671 1267 5726 Per
1297 5665 1540 5739 capillos
1570 5667 1699 5724 ideo
1727 5673 1878 5745 cogi-

203 5761 468 5819 tationes
501 5760 848 5833 accipimus,
876 5760 1015 5832 quia
1044 5759 1197 5816 sicut
1228 5753 1423 5829 capilli
1456 5754 1756 5814 adhaerent
1788 5777 1877 5816 ca-

1992 4786 2124 4843 aliis
2156 4784 2289 4840 fidei
2319 4788 2378 4838 et
2407 4785 2568 4840 bonas
2600 4781 2957 4855 operationis
2989 4780 3256 4852 exempla
3278 4782 3652 4850 dederunt,et

1989 4875 2099 4931 hoc
2122 4891 2236 4930 non
2260 4873 2391 4940 soli,
2407 4897 2432 4922 ‹‹
2465 4872 2566 4928 sed
2589 4871 2946 4943 conjuncti,»
2971 4870 3026 4925 id
3050 4875 3140 4925 est
3159 4869 3421 4925 comitati
3444 4869 3650 4926 multis

1993 4985 2024 5015 «
2052 4963 2462 5036 psallentibus,
2490 4984 2516 5009 »
2539 4961 2596 5016 id
2629 4966 2718 5016 est
2748 4961 2895 5015 bene
2943 4960 3015 5015 ad
3065 4957 3348 5015 honorem
3379 4958 3479 5016 Dei
3511 4975 3646 5030 ope-

1990 5053 2288 5119 rantibus;
2313 5056 2462 5106 etne
2487 5049 2669 5121 aliqui
2691 5050 3016 5116 crederent,
3039 5049 3195 5120 quod
3228 5045 3371 5104 solis
3391 5046 3531 5102 viris
3551 5048 3649 5104 da-

1989 5147 2151 5198 retur
2179 5140 2365 5214 gleria
2397 5139 2515 5206 illa,
2548 5139 2634 5194 sic
2676 5137 2914 5210 quidam
2966 5137 3222 5193 haeretici
3271 5139 3642 5208 putaverunt,

1989 5231 2174 5298 addit,
2199 5234 2372 5286 erunt
2392 5229 2569 5284 etiam
2596 5226 2680 5281 illi
2705 5225 2998 5299 principes
3025 5249 3052 5275 ‹‹
3077 5225 3136 5280 in
3161 5224 3354 5280 medio
3367 5224 3648 5297 juvencu-

1988 5321 2235 5388 larum,-
2268 5319 2325 5374 id
2357 5322 2466 5385 est,
2493 5315 2834 5383 mulierum,
2857 5331 3004 5385 quas
3027 5314 3156 5369 ideo
3179 5311 3528 5384 juveneulas
3554 5329 3647 5368 vo-

1987 5414 2100 5477 cat,
2116 5407 2256 5480 quia
2277 5425 2312 5462 a
2330 5409 2616 5462 vetustate
2646 5403 2865 5475 peccati
2886 5401 3238 5457 innovantur
3261 5417 3364 5472 per
3391 5399 3643 5472 gratiam

1987 5498 2110 5554 Dei.
2135 5496 2235 5552 Vel
2267 5513 2369 5567 per
2389 5491 2736 5565 juveneulas
2757 5507 3075 5562 possumus
3105 5490 3365 5562 accipere
3385 5505 3645 5543 commu-

1988 5588 2138 5644 niter
2182 5584 2493 5651 Ecclesiae,
2527 5581 2666 5653 quia
2712 5597 2815 5652 per
2865 5580 3116 5653 gratiam
3147 5579 3249 5634 Dei
3293 5594 3327 5634 a
3353 5580 3642 5633 vetustate

1987 5675 2208 5752 peccati
2243 5675 2596 5729 innovantur
2622 5687 2633 5725 :
2652 5668 3105 5740 juvencularum
3137 5668 3268 5724 dico
3292 5690 3316 5715 ‹‹
3344 5666 3639 5739 tympani-

1987 5765 2266 5823 striarum
2290 5784 2318 5812 »ι
2352 5761 2452 5832 qui
2487 5757 2889 5831 tympanizant
2921 5758 3036 5814 Deo
3085 5774 3188 5830 per
3229 5753 3639 5813 mortiﬁcatio-
