3936 6420
360 479 481 543 419

778 478 1191 540 HAYMONIS
1222 474 1774 538 HALBERSTAT.
1806 466 2054 533 EPISG.
2088 467 2262 531 OPP.
2299 471 2503 534 PARS
2535 473 2585 533 Ι.
2618 508 2694 517 -
2727 472 3139 535 COMMENT.
3165 472 3362 535 BIBL.

3667 472 3781 536 420

362 630 499 671 nem
530 609 746 682 carnis,
779 616 838 667 et
867 614 1007 667 sunt
1036 609 1189 666 sicut
1221 608 1443 665 corium
1488 610 1855 664 mortuorum
1889 602 2014 661 ani-
2042 600 2101 670 Α
2130 605 2470 675 arundines,
2495 607 2738 675 scilicet,
2770 606 2923 663 inter
2952 606 3199 663 mobiles
3230 606 3526 675 homines,
3550 606 3651 681 qui
3672 607 3781 665 cito

365 703 871 847 mili‘rinl‘llcclesiis.
898 809 925 837 »
955 786 1166 859 Incipit
1192 804 1328 859 pars
1350 786 1575 859 quinta.
1601 783 1977 841 Continuatio
2002 802 2014 839 :

364 879 664 952 Principes
723 880 1149 950 prmvenerunt,
1184 880 1242 930 et
1292 880 1498 931 caetera
1553 876 1707 930 bona
1753 874 1935 941 dedit,
1965 876 2022 929 et

361 972 599 1041 propter
640 968 762 1022 haec
792 965 995 1021 omnia
1022 983 1123 1022 vos
1165 965 1367 1021 fideles
1396 988 1421 1015 ‹‹
1458 965 1781 1020 benedicitc
1810 964 1927 1019 Deo
1960 962 2019 1017 in

359 1057 637 1114 Ecclesiis
671 1079 700 1106 »
736 1056 835 1111 ubi
885 1060 977 1111 est
1026 1055 1190 1111 locus
1237 1054 1686 1122 benedictionis,
1730 1052 1871 1125 quia
1918 1052 2016 1124 qui

359 1150 522 1203 extra
569 1145 894 1203 Ecclesiam
947 1149 1109 1212 sunt,
1156 1146 1339 1201 Deum
1393 1144 1569 1215 digne
1613 1143 1855 1199 laudare
1904 1158 2019 1197 non

359 1238 631 1309 possunt,
647 1236 765 1291 Deo
788 1235 918 1290 dico
942 1259 967 1284 ‹‹
998 1233 1246 1289 Domino
1269 1256 1296 1284 ››
1324 1233 1463 1305 quia
1483 1234 1637 1288 Deus
1657 1235 1714 1288 et
1734 1230 2020 1287 Dominus

359 1328 470 1397 est,
502 1324 829 1381 benedicite
859 1323 987 1380 dico
1011 1347 1039 1373 ‹‹
1074 1324 1146 1379 de
1188 1323 1471 1390 fontibus,
1504 1345 1530 1370 η
1553 1322 1609 1376 id
1649 1325 1759 1386 est,
1786 1324 2022 1392 propter

359 1416 571 1483 fontes,
600 1414 842 1482 scilicet,
879 1417 1116 1485 propter
1163 1415 1401 1469 sanctos
1440 1411 1755 1484 apostolos,
1781 1409 1881 1482 qui
1914 1425 2022 1464 nos

359 1502 651 1577 spirituali
677 1503 946 1558 doctrina
966 1502 1236 1558 reficiunt
1258 1519 1270 1556 :
1296 1501 1556 1557 fontibus
1579 1500 1707 1555 dico
1730 1524 1756 1549 ‹‹
1782 1498 2020 1565 Israel,»

360 1594 420 1650 id
469 1596 577 1661 est,
624 1592 1077 1665 procedentibus
1129 1609 1198 1647 ex
1244 1591 1465 1659 Judzea,
1498 1589 1586 1645 vel
1638 1589 1695 1644 in
1745 1586 2021 1644 Ecclesiis

361 1683 576 1757 potatis
609 1682 680 1737 de
713 1682 977 1737 fontibus
1011 1680 1208 1737 Israel.

358 1788 363 1793 ‘
434 1794 463 1822 ‹‹
485 1771 590 1827 Ibi.
617 1793 646 1820 »
669 1772 822 1827 Bene
853 1770 983 1826 dico
1033 1774 1269 1842 propter
1315 1771 1524 1835 fontes,
1549 1768 1690 1841 quia
1711 1792 1737 1817 ‹‹
1774 1767 1874 1835 ibi,
1904 1790 1931 1815 »
1962 1766 2019 1821 id

358 1864 472 1929 est,
500 1860 560 1915 in
590 1858 873 1929 Ecclesia,
905 1862 1046 1915 sunt
1078 1860 1289 1927 fontes,
1319 1858 1561 1926 scilicet,
1586 1857 1804 1913 Paulus
1832 1860 1891 1911 et
1920 1856 2019 1912 alii

358 1948 721 2041 apostoli,-et
764 1948 875 2041 hoc
905 1951 1014 2041 est,
1036 1970 1073 2041 fc
1102 1947 1183 2041 ibi
1216 1948 1545 2041 Benjamin,
1575 1969 1621 2041 »_
1638 1946 1697 2002 id
1728 1951 1838 2041 est,
1873 1946 2019 2001 Pau-
2049 1976 2099 2041 B

359 2040 475 2108 lus,
496 2038 598 2112 qui
627 2036 738 2094 fuit
757 2038 829 2093 de
850 2037 1010 2094 tribu
1036 2037 1365 2109 Benjamin,
1390 2037 1447 2093 id
1471 2041 1581 2105 est,
1606 2037 1665 2091 in
1689 2036 2018 2093 adolescen-

354 2129 445 2186 tia
473 2142 787 2184 conversus
808 2126 942 2197 (Act.
969 2126 1070 2196 1x).
1094 2125 1196 2183 Vel
1230 2149 1259 2178 ‹‹
1293 2124 1770 2183 adolescentulus
1797 2143 1824 2177 ι
1861 2123 2020 2180 scili-

360 2221 474 2287 cet,
499 2214 767 2289 deposita
797 2218 1088 2271 vetustate
1116 2213 1283 2287 legis,
1317 2214 1376 2269 in
1414 2212 1644 2270 Christo
1684 2212 2020 2280 innovatus,

360 2310 422 2364 et
468 2305 579 2361 hoc
624 2307 734 2377 est,
760 2326 789 2356 ‹‹
819 2304 881 2360 in
928 2304 1143 2361 mentis
1189 2321 1507 2372 excessu,»
1539 2303 1596 2359 id
1648 2306 1757 2374 est,
1788 2302 2018 2370 timore,

363 2394 506 2470 quia
552 2411 656 2468 per
705 2392 977 2450 timorem
1007 2409 1323 2450 conversus
1353 2392 1483 2449 fuit.
1518 2393 1668 2449 Nota
1698 2392 1847 2448 duos
1894 2408 2023 2448 esse

361 2499 660 2544 excessus.
679 2482 844 2539 Unus
870 2499 1144 2539 excessus
1174 2485 1284 2554 est,
1310 2483 1546 2555 quando
1570 2482 1834 2537 humana
1855 2498 2022 2537 mens

360 2571 730 2632 transcendit
771 2586 962 2645 usque
994 2572 1066 2627 ad
1109 2571 1305 2644 ipsum
1337 2571 1545 2639 Deum,
1569 2572 1692 2627 haec
1722 2572 2023 2627 mundana

364 2661 724 2737 praeteriens.
759 2662 923 2718 Unde
951 2661 1201 2717 Paulus:
1230 2680 1251 2709 ι
1277 2660 1406 2717 Sive
1439 2661 1775 2717 excedimus
1806 2665 2020 2728 mente,

363 2753 483 2810 Deo
511 2750 848 2808 excedimus
871 2751 946 2820 (Il
965 2749 1085 2805 Cor.
1110 2752 1227 2820 v),»
1247 2754 1305 2805 et
1334 2750 1406 2804 de
1435 2749 1752 2823 hoczetiam
1782 2766 2025 2806 excessu

365 2855 686 2913 possumus
716 2841 773 2894 et
802 2837 898 2893 hic
928 2836 1140 2907 dicere,
1176 2841 1234 2893 et
1266 2838 1481 2895 Paulus
1511 2838 1623 2894 fuit
1652 2843 1855 2911 raptus
1883 2861 1903 2888 α
1931 2856 2026 2894 us-

365 2946 480 3003 que
511 2929 582 2986 ad
612 2927 850 2984 tertium
884 2927 1097 2983 coelum
1133 2928 1205 2997 (II
1225 2928 1345 2984 Cor.
1369 2930 1527 2998 xu)»
1553 2927 1720 2985 Alius
1750 2945 2025 2985 excessus

365 3023 476 3090 est,
502 3018 735 3092 quando
757 3017 934 3074 homo
956 3035 1059 3091 per
1081 3017 1352 3074 timorem
1383 3021 1546 3074 extra
1577 3036 1639 3075 se
1669 3018 1914 3090 rapitur.

437 3107 736 3180 Principes
766 3111 825 3164 et
854 3107 1038 3163 duces
1086 3124 1289 3163 eorum
1336 3107 1439 3179 qui
1484 3111 1626 3163 sunt
1653 3107 1712 3162 in
1746 3106 2023 3176 Ecclesia,

365 3201 509 3254 sunt
538 3220 566 3249 «
600 3196 895 3270 principes
942 3196 1118 3264 Juda,
1144 3220 1166 3248 ι
1198 3195 1257 3251 id
1288 3200 1397 3264 est,
1431 3196 1677 3268 apostoli
1724 3197 1913 3253 sancti
1957 3198 2029 3252 de

362 3285 525 3343 tribu
563 3287 737 3352 Juda,
762 3308 791 3335 ‹‹
827 3284 1121 3357 principes
1160 3284 1440 3353 Zabulon,
1475 3289 1532 3341 et
1570 3285 1863 3357 principes
1897 3308 1924 3335 ››
1956 3287 2028 3341 de

365 3375 527 3431 tribu
553 3396 581 3423 ‹‹
606 3372 963 3444 Nepbtalim,
989 3374 1169 3429 duces
1190 3378 1328 3429 sunt
1351 3390 1615 3442 eorum,»
1633 3377 1690 3429 ct
1710 3375 1838 3429 ideo
1860 3374 2027 3446 ponit

366 3464 477 3519 has
517 3465 773 3533 quatuor
799 3461 1165 3532 tribus,quia
1196 3463 1268 3516 de
1306 3462 1399 3516 his
1429 3463 1669 3517 fuerunt
1697 3463 1817 3517 nati
1859 3481 2029 3535 apos-

368 3550 495 3607 toli.
528 3549 836 3621 Benjamin
886 3549 1305 3622 interpretatur
1350 3552 1501 3620 ﬁlius
1554 3550 1765 3608 dextra?
1795 3571 1813 3606 :
1846 3553 2031 3608 Judas

366 3640 627 3711 conﬁtens
648 3656 666 3692 :
694 3637 954 3694 Zabulon
984 3639 1399 3694 tabernaculum
1426 3640 1771 3711 fortitudinis
1794 3661 1813 3695 :
1839 3642 2030 3714 Neph-

367 3728 600 3798 thalim,
635 3727 884 3784 latitudo.
918 3728 1047 3784 Hzee
1078 3728 1585 3801 interpretationes
1619 3747 1731 3784 non
1766 3736 1906 3787 sunt
1936 3731 2031 3786 hic

368 3817 732 3875 necessariae.

445 3927 469 3957 α
503 3907 735 3964 Manda.
764 3928 793 3957 »
824 3908 895 3963 Et
933 3923 1038 3980 per
1081 3907 1228 3963 istos
1281 3907 1427 3965 tales
1461 3931 1487 3959 «
1521 3910 1795 3977 manda,»
1829 3909 1885 3964 id
1920 3914 2028 3980 est,

367 3996 605 4053 notiﬁca
630 4019 651 4047 ι
686 3992 962 4052 virtutem
1006 4000 1192 4064 tuam,
1223 4018 1243 4046 ι
1283 3996 1339 4051 id
1369 4001 1480 4069 est,
1512 3997 1833 4069 potentiam
1867 4002 2030 4055 tuam

365 4102 470 4158 per
498 4086 812 4158 mundum,
836 4089 894 4143 et
921 4101 1026 4158 per
1047 4085 1197 4142 istos
1223 4107 1250 4136 ‹‹
1273 4087 1558 4142 conﬁrma
1583 4087 1693 4143 hoc
1715 4088 1869 4159 quod
1894 4105 2029 4162 ope-

365 4178 530 4230 ratus
558 4177 617 4229 et
648 4174 709 4229 in
741 4173 913 4230 nobis
934 4196 963 4225 ››
989 4174 1165 4230 fidem
1192 4178 1250 4231 et
1275 4175 1641 4245 charitatem,
1666 4181 1721 4232 et
1745 4178 2028 4250 Spiritum

365 4265 661 4331 sanctum,
682 4262 1018 4335 incipiendo
1048 4286 1070 4313 α
1107 4280 1142 4319 a
1168 4264 1389 4337 templo
1418 4269 1580 4334 tuo,»
1603 4265 1661 4321 id
1692 4270 1801 4338 est,
1830 4285 1865 4324 a
1894 4285 2029 4323 san-

364 4350 478 4406 ctis
504 4349 646 4421 tuis,
676 4349 737 4406 in
767 4351 987 4423 quibus
1020 4355 1082 4407 tu
1116 4352 1370 4422 habitas,
1402 4373 1425 4401 α
1459 4356 1615 4426 quod
1646 4360 1736 4411 est
1764 4356 2033 4413 Hierusa-

363 4439 481 4497 lem
506 4457 555 4496 »:
588 4440 729 4513 quia
750 4440 810 4496 in
835 4440 1199 4498 Hierusalem
1225 4442 1483 4514 Spiritus
1505 4449 1747 4501 sanctus
1769 4447 2030 4518 primum

363 4530 647 4603 apostolis
679 4529 792 4586 fuit
821 4531 1018 4600 datus,
1048 4534 1106 4587 et
1136 4531 1346 4588 deinde
1378 4549 1483 4605 per
1513 4533 1673 4604 ipsos
1701 4538 1760 4590 et
1790 4552 1892 4606 per
1920 4535 2030 4590 mi-

365 4619 585 4675 nistros
615 4636 820 4677 eorum
859 4621 1033 4676 datus
1082 4626 1174 4677 est
1204 4621 1337 4677 aliis
1386 4622 1748 4679 hominibus.
1782 4625 1852 4679 Et
1898 4640 2031 4679 vere

2129 698 2379 768 possunt
2398 696 2613 753 moveri
2636 714 2671 753 a
2687 695 3009 770 proposito,
3023 695 3171 753 tales
3189 696 3347 752 enim
3365 697 3783 770 aggrediuntur

2130 784 2406 853 haeretici,
2442 803 2559 843 non
2608 787 2898 859 perfectos
2927 786 3104 843 viros.
3136 786 3239 843 Vel
3290 786 3444 843 feras
3476 788 3780 845 arundinis

2129 874 2290 942 dicit,
2317 875 2456 947 quia
2485 875 2639 933 sicut
2664 876 2986 933 arundines
3014 875 3073 931 in
3100 875 3420 949 paludibus
3439 882 3779 945 nascuntur,

2129 963 2212 1018 ita
2240 965 2495 1022 haeretici
2540 965 2597 1021 in
2652 964 2955 1038 paludosis
3006 964 3315 1022 sententiis
3356 969 3685 1022 versantur.
3719 968 3783 1022 Et

2131 1069 2369 1110 necesse
2414 1060 2504 1111 est
2542 1060 2608 1110 ut
2644 1055 2931 1128 increpcs,
2958 1055 3101 1127 quia
3120 1078 3149 1106 «
3181 1054 3555 1128 congregatio
3594 1058 3781 1111 tauro-

2131 1160 2317 1212 rum,»
2348 1144 2405 1199 id
2429 1149 2538 1212 est,
2563 1144 2992 1213 hazreticorum,
3018 1145 3119 1217 qui
3143 1148 3284 1200 sunt
3306 1144 3583 1201 cervicosi
3615 1144 3779 1212 tauri,

2130 1236 2221 1287 est
2250 1256 2279 1282 «
2311 1232 2372 1288 in
2403 1232 2594 1289 vaccis
2626 1233 3000 1306 populorum,
3030 1255 3057 1283 ››
3082 1232 3141 1289 id
3168 1237 3277 1301 est,
3310 1232 3370 1288 in
3421 1232 3656 1306 populis
3687 1234 3780 1306 qui

2131 1320 2245 1376 cito
2275 1325 2606 1394 sequuntur
2636 1323 2792 1396 quod
2835 1321 3106 1389 audiunt,
3139 1325 3206 1377 ut
3231 1338 3416 1378 vaccae
3460 1325 3778 1389 taurorum,

2132 1411 2502 1483 congregatio
2534 1411 2663 1468 dico
2705 1413 2776 1467 ad
2818 1412 2928 1467 hoc
2973 1411 3144 1481 facta,
3171 1432 3199 1462 «
3229 1414 3296 1467 ut
3325 1410 3639 1468 excludant
3663 1427 3780 1475 eos,

2133 1500 2229 1571 qui
2266 1501 2491 1572 probati
2515 1504 2656 1557 sunt
2675 1504 2937 1574 argento,
2964 1524 2992 1551 ››
3019 1501 3077 1556 id
3108 1505 3217 1571 est,
3242 1499 3437 1557 divino
3461 1500 3692 1573 eloquio
3714 1502 3783 1556 ab

2132 1588 2252 1645 illis
2283 1606 2431 1662 quos
2462 1591 2689 1647 vocavit
2713 1607 2942 1660 vaccas,
2964 1590 3205 1659 scilicet,
3239 1594 3305 1645 ut
3335 1589 3572 1658 faciant,
3594 1607 3668 1645 ne
3702 1588 3784 1644 illi

2130 1678 2436 1736 inferiores
2459 1684 2786 1753 sequantur
2803 1681 3081 1753 probatos
3108 1679 3281 1736 viros.
3304 1677 3402 1735 Vel
3429 1701 3450 1729 α
3486 1682 3551 1733 ut
3579 1677 3787 1733 exclu-

2131 1768 2294 1835 dant,
2318 1792 2348 1820 »
2372 1768 2431 1824 id
2465 1773 2573 1837 est,
2607 1769 2873 1825 dividant
2900 1787 2934 1825 a
2962 1786 3025 1826 se
3077 1786 3177 1825 eos
3223 1767 3317 1841 qui
3365 1766 3592 1840 probati
3640 1770 3788 1822 sunt

2132 1862 2402 1931 argento;
2436 1876 2572 1915 cum
2618 1863 2813 1915 autem
2861 1857 3132 1915 dividunt
3173 1875 3238 1915 se
3278 1855 3530 1913 haeretici
3561 1856 3635 1911 ab
3677 1853 3784 1927 eis,

2132 1947 2514 2004 manifestant
2542 1966 2643 2005 eos
2671 1966 2800 2005 esse
2830 1949 3038 2017 bonos,
3062 1965 3097 2003 a
3125 1947 3341 2020 quibus
3385 1961 3446 2002 se
3486 1947 3779 2017 separant.

2130 2036 2294 2093 Unde
2323 2038 2640 2111 Apostolus
2662 2054 2719 2095 ια
2737 2039 2986 2095 Necesse
3014 2042 3105 2094 est
3130 2041 3199 2093 ut
3237 2034 3475 2092 veniant
3509 2034 3780 2102 hisreses,

2130 2130 2197 2183 ut
2227 2126 2328 2201 qui
2360 2128 2590 2201 probati
2623 2132 2781 2197 sunt,
2815 2126 3112 2183 manifesti
3142 2126 3289 2182 fiant
3314 2126 3364 2196 (ι
3392 2122 3512 2181 Cor.
3544 2122 3645 2196 xx).
3672 2146 3701 2174 η

2202 2216 2515 2291 Increpati,
2540 2240 2569 2267 «
2602 2216 2873 2291 dissipa»
2909 2232 2982 2273 ne
3012 2213 3361 2272 conveniant
3388 2213 3448 2270 in
3478 2227 3659 2269 unam
3689 2227 3781 2269 vo-

2129 2304 2417 2362 luntatem
2450 2328 2479 2355 α
2512 2308 2737 2379 gentes,
2759 2327 2787 2355 »
2817 2304 2876 2360 id
2906 2308 3016 2373 est,
3046 2303 3371 2372 haareticos,
3394 2325 3424 2354 «
3456 2300 3557 2375 qui
3585 2299 3783 2358 volunt

2137 2414 2160 2443 ε
2194 2393 2366 2463 bella,
2393 2417 2421 2444 »
2446 2395 2502 2451 id
2534 2398 2643 2463 est,
2676 2394 2865 2467 litigia
2893 2397 3096 2449 contra
3125 2392 3350 2463 fideles,
3374 2395 3434 2448 et
3462 2405 3593 2448 vere
3623 2390 3783 2447 dissi-

2131 2483 2319 2557 pabis,
2354 2483 2494 2557 quia
2529 2503 2557 2537 ι
2584 2482 2818 2540 venient
2874 2482 3049 2556 legati
3107 2498 3176 2537 ex
3229 2482 3500 2555 Egypto,
3529 2502 3557 2530 η
3587 2479 3648 2535 id
3680 2483 3778 2547 est,

2132 2573 2313 2645 aliqui
2348 2575 2762 2629 convertentur
2790 2588 2859 2629 ex
2886 2569 3221 2645 ignorantia
3250 2572 3583 2643 peccantes.
3616 2568 3781 2642 Egy-

2132 2667 2271 2737 ptus
2302 2662 2458 2718 enim
2499 2661 2738 2719 tenebrae
2778 2662 3217 2734 interpretatur,
3250 2674 3355 2731 per
3384 2659 3537 2731 quod
3571 2656 3782 2714 intelli-

2132 2756 2355 2826 guntur
2382 2751 2723 2826 ignoranter
2751 2754 3082 2824 peccantes,
3105 2749 3206 2805 sed
3228 2748 3407 2805 etiam
3437 2746 3589 2820 nigri
3610 2746 3787 2820 gravi-

2133 2842 2246 2898 bus
2276 2840 2530 2914 peccatis
2562 2844 3056 2907 converterentur,
3090 2843 3150 2895 et
3187 2838 3299 2895 hoc
3342 2841 3433 2894 est
3468 2853 3480 2894 :
3510 2860 3539 2888 ‹‹
3568 2834 3783 2892 JEtbio-

2135 2957 2163 2984 ‹‹
2196 2932 2368 3005 pia,»
2403 2930 2461 2987 id
2510 2935 2621 2999 est,
2672 2930 2826 3003 nigri
2875 2928 2934 2985 in
2985 2927 3263 3002 peccatis.
3296 2926 3587 2999 JEthiopia
3636 2925 3783 2982 enim

2133 3020 2358 3095 nigredo
2407 3022 2844 3094 interpretatur,
2877 3018 3143 3091 [Ethiops
3190 3019 3348 3091 niger
3378 3035 3396 3072 :
3421 3038 3451 3068 «
3481 3014 3786 3090 praeveniet

2135 3136 2164 3163 ‹‹
2198 3129 2412 3168 manus
2435 3111 2608 3183 ejus»
2637 3108 2889 3183 Egypti,
2908 3108 2967 3164 id
2989 3112 3098 3176 est,
3124 3106 3472 3180 indignitate
3492 3103 3785 3177 superabit

2135 3201 2502 3274 operationes
2551 3198 2779 3272 [Egypti
2816 3214 2885 3253 :«
2917 3198 3054 3265 Deo,
3085 3219 3106 3247 ιο
3144 3197 3203 3251 id
3250 3199 3359 3265 est,
3393 3194 3465 3251 ad
3508 3193 3783 3249 honorem

2137 3291 2262 3362 Dei,
2287 3294 2525 3363 propter
2554 3289 2664 3345 hoc
2703 3288 2846 3344 dicit
2884 3286 3213 3359 prazveniet,
3248 3285 3387 3358 quia
3415 3287 3637 3356 quanto
3667 3299 3783 3339 ma-

2129 3380 2364 3452 joribus
2394 3378 2650 3451 peccatis
2683 3376 2897 3449 aliquis
2939 3375 3238 3431 involutus
3264 3378 3371 3441 est,
3407 3376 3570 3429 tanto
3602 3371 3785 3445 magis

2140 3468 2430 3540 pmnitens
2462 3467 2708 3540 dignum
2732 3466 2988 3521 fructum
3014 3463 3152 3520 facit
3178 3464 3316 3520 Deo.
3337 3462 3467 3518 Alia
3484 3458 3783 3517 translatio

2140 3557 2317 3612 habet
2343 3572 2355 3610 :
2388 3554 2684 3627 [Ethiopia
2712 3553 3016 3610 festinabit
3054 3569 3267 3609 manus
3296 3552 3437 3607 dare
3465 3550 3604 3620 Deo,
3627 3553 3685 3604 et
3712 3547 3787 3603 di-

2140 3644 2295 3699 citur
2314 3659 2381 3698 ex
2402 3643 2809 3714 similitudine,
2829 3641 2967 3714 quia
2986 3642 3141 3698 sicut
3161 3640 3374 3714 aliquis
3392 3640 3582 3695 victus
3608 3637 3787 3693 tendit

2141 3750 2356 3789 manus
2388 3749 2527 3789 suas
2574 3732 2802 3801 victori,
2843 3731 2928 3787 sic
2976 3730 3285 3803 ZEthiOpia,
3312 3729 3370 3785 id
3402 3731 3510 3795 est,
3549 3726 3701 3800 nigri
3732 3725 3785 3779 in

2140 3821 2419 3895 peccatis,
2442 3824 2861 3894 cognoscentes
2883 3836 2945 3876 so
2967 3836 3094 3876 esse
3112 3819 3316 3887 victos,
3333 3818 3559 3874 dabunt
3583 3830 3787 3871 manus

2140 3929 2280 3968 suas
2311 3912 2427 3967 Deo
2471 3910 2695 3979 victori,
2731 3926 2858 3966 suo.
2892 3908 2996 3966 Vel
3042 3908 3334 3981 IEthiopia
3365 3906 3649 3971 convicta,
3682 3904 3788 3959 Deo

2140 4000 2452 4075 praeveniet
2480 4016 2717 4068 manus,
2749 3998 2807 4054 id
2857 4001 2966 4066 est,
2997 3997 3286 4054 vindictas
3316 3994 3439 4053 Dei.
3472 3995 3627 4051 Bene
3657 3989 3790 4047 dicit

2140 4089 2470 4163 praeveniet,
2494 4089 2635 4162 quia
2664 4087 2829 4161 prius
2859 4088 3118 4156 credent,
3153 4102 3331 4159 quam
3359 4085 3515 4142 Deus
3542 4080 3789 4138 vindicet

2140 4198 2204 4238 se
2233 4182 2303 4236 de
2336 4180 2440 4236 eis.
3140 4247 3147 4253 ‘

2211 4270 2358 4337 Quia
2386 4270 2469 4326 ita
2498 4271 2911 4326 convertentur
2936 4267 3008 4322 ad
3039 4266 3247 4333 Deum,
3270 4264 3400 4321 ideo
3427 4283 3449 4313 α
3475 4277 3657 4336 regna
3682 4264 3787 4315 ter-

2141 4378 2237 4429 rae,
2260 4360 2319 4415 id
2353 4363 2461 4428 est,
2495 4358 2766 4415 homines
2795 4358 2866 4412 de
2911 4355 3071 4412 omni
3122 4353 3356 4427 regione
3381 4357 3569 4410 'terrza
3597 4375 3619 4402 ι
3655 4366 3787 4406 can-

2141 4454 2261 4506 tate
2289 4450 2407 4505 Deo
2437 4468 2465 4502 ιι
2499 4464 2637 4504 voce
2685 4451 2742 4503 et
2790 4447 2986 4515 corde,
3016 4450 3075 4501 et
3106 4466 3134 4495 «
3176 4443 3408 4516 psallite
3444 4465 3465 4493 ι
3502 4441 3588 4497 illi
3625 4463 3653 4496 ι
3680 4444 3786 4499 Do-

2142 4537 2302 4594 mino
2339 4561 2360 4588 n
2397 4538 2551 4593 bona
2580 4535 2937 4608 operatione.

2211 4626 2446 4683 Psallite
2474 4625 2614 4681 Deo.
2639 4624 2852 4696 Incipit
2871 4627 3033 4679 sexta
3055 4639 3212 4695 pars.
3239 4621 3481 4693 Propter
3507 4621 3615 4676 hoc
3646 4619 3787 4694 psal-

364 4710 769 4779 conﬁrmabis,
799 4710 937 4782 quia
967 4728 1072 4783 per
1101 4710 1211 4766 hoc
1245 4733 1272 4761 «
1306 4727 1493 4783 reges,
1522 4735 1543 4761 ι)
1571 4712 1628 4767 id
1660 4718 1769 4781 est,
1804 4714 2030 4786 seipsos
2058 4721 2107 4788 1)
2137 4718 2261 4785 lite,
2290 4720 2346 4772 et
2389 4715 2565 4772 etiam
2615 4717 2855 4787 propter
2884 4713 3017 4780 hoc,
3047 4711 3189 4783 quia
3236 4711 3362 4783 ipse
3406 4709 3569 4766 dabit
3596 4725 3781 4767 vocem

364 4798 512 4854 bene
542 4802 834 4871 regentes,
853 4823 879 4849 ‹‹
905 4800 1158 4855 offerent
1187 4799 1293 4854 tibi
1325 4817 1639 4870 munera,»
1662 4802 1718 4857 id
1742 4807 1852 4875 est,
1876 4805 2028 4877 seip-

363 4904 460 4944 sos
481 4892 539 4942 et
559 4887 726 4944 alios.
748 4887 877 4944 Alia
896 4888 1206 4945 translatio
1231 4889 1396 4961 ponit
1428 4890 1535 4945 hoc
1567 4892 1679 4946 sub
1709 4892 2028 4964 optatione,

362 4977 685 5033 offerantur
715 4994 981 5033 munera.
1011 4977 1112 5033 Vel
1146 4977 1300 5033 sicut
1332 4978 1449 5033 alia
1479 4979 1673 5036 littera
1702 4980 1896 5051 habet,
1921 4983 2031 5039 vir-

361 5065 472 5120 tuti
506 5069 642 5137 tues,
667 5067 992 5122 secundum
1018 5068 1172 5138 quod
1206 5066 1287 5122 ita
1318 5068 1581 5124 dicemus
1610 5086 1621 5123 :
1648 5071 1716 5125 Et
1745 5055 1886 5141 quia
1916 5072 2026 5128 hu-

353 5153 619 5223 jusmodi
673 5159 815 5211 sunt
862 5155 921 5209 in
969 5155 1248 5224 Ecclesia,
1274 5174 1378 5228 per
1417 5174 1565 5228 quos
1606 5163 1799 5230 potest
1827 5161 2029 5231 perlici

363 5243 519 5314 quod
570 5243 823 5314 cmpisti,
852 5261 988 5317 ergo
1029 5245 1268 5315 manda,
1291 5245 1348 5299 id
1390 5250 1498 5316 est,
1532 5248 1780 5319 praecipe
1826 5250 2027 5307 virtuti

347 5333 498 5400 tum,
522 5330 583 5385 id
614 5335 722 5400 est,
757 5331 877 5388 ﬁlio
913 5336 1038 5402 tuo,
1063 5339 1121 5389 et
1150 5350 1254 5406 per
1283 5351 1443 5406 eum,
1466 5340 1524 5391 et
1574 5352 1679 5408 per
1722 5337 2028 5397 ministros

362 5420 498 5474 tuos
522 5441 549 5469 ‹‹
582 5419 867 5476 confirma
898 5421 1006 5478 hoc
1036 5424 1192 5494 quod
1226 5428 1503 5495 operatus
1532 5441 1595 5481 es
1626 5424 1685 5480 in
1720 5428 1908 5484 nobis.
1933 5451 1960 5480 »

435 5530 461 5554 ‹‹
498 5507 742 5579 Increpa
772 5509 925 5567 feras
968 5513 1299 5567 arundinis.
1328 5536 1355 5560 ››
1380 5514 1449 5569 Et
1478 5517 1544 5569 ut
1574 5516 1892 5573 offerantur
1925 5519 2031 5575 tibi

366 5607 613 5679 munera
644 5619 673 5646 ‹‹
697 5596 953 5671 increpa,
982 5624 1009 5649 ››
1034 5601 1091 5655 id
1125 5606 1236 5670 est,
1261 5603 1539 5660 convinco
1566 5627 1595 5655 ‹‹
1615 5605 1821 5679 feras,»
1852 5608 1907 5663 id
1943 5614 2033 5666 est

365 5678 797 5755 haereticos,qui
818 5687 1044 5744 laniant
1066 5689 1385 5747 Ecclesium
1405 5692 1527 5759 Dei,
1546 5694 1700 5751 sicut
1719 5697 1834 5753 fere
1857 5716 2025 5755 oves:

368 5766 524 5823 feras
555 5768 684 5825 dico
708 5795 735 5819 «
770 5777 1098 5845 arundinis,
1130 5802 1157 5826 »
1188 5780 1247 5835 id
1278 5784 1386 5847 est,
1422 5790 1834 5844 conservantes
1881 5788 2033 5845 inter

2138 4805 2375 4862 virtutis
2403 4805 2529 4860 voci
2563 4820 2703 4873 suae,
2734 4822 2764 4859 α
2784 4801 3016 4875 psallite
3045 4801 3185 4868 Deo,
3208 4800 3307 4872 qui
3331 4798 3593 4856 ascendit
3620 4815 3785 4870 super

2140 4895 2351 4952 ccclum
2379 4894 2507 4950 coeli
2527 4916 2550 4944 ι
2575 4894 2648 4950 ad
2680 4892 2954 4948 litteram.
2978 4889 3081 4946 Vel
3114 4907 3176 4946 se
3208 4906 3311 4962 per
3340 4903 3680 4960 supremum
3702 4904 3783 4943 or-

2139 4986 2336 5043 dinem
2370 4982 2734 5057 angelorum,
2759 5004 2781 5031 a
2809 4983 2881 5038 ad
2915 4980 3201 5035 orientem
3227 5003 3249 5031 ι
3275 4978 3414 5050 quia
3444 4977 3501 5031 in
3532 4973 3782 5033 orientali

2138 5079 2325 5148 parte,
2360 5074 2431 5129 ad
2463 5072 2739 5141 litteram,
2761 5070 2900 5143 quia
2932 5071 2989 5125 in
3016 5073 3214 5125 monte
3234 5066 3460 5137 Oliveti,
3485 5065 3585 5138 qui
3616 5070 3702 5121 est
3731 5064 3781 5118 in

2138 5162 2405 5220 orientali
2438 5166 2624 5235 parte.
2656 5158 3021 5216 Hierusalem
3071 5163 3197 5215 erat
3226 5157 3511 5213 Dominus
3564 5154 3780 5227 quando

2139 5252 2427 5322 ascendit,
2459 5256 2516 5306 et
2545 5250 2691 5305 illud
2742 5251 2961 5306 factum
2994 5247 3211 5305 Christi
3258 5247 3368 5302 hoc
3418 5244 3585 5301 nobis
3614 5241 3779 5315 signi-

2139 5341 2353 5410 ﬁcavit,
2387 5340 2543 5413 quod
2601 5340 2726 5411 ipse
2783 5343 2939 5395 esset
2994 5353 3167 5393 verus
3199 5337 3414 5405 oriens,
3447 5334 3547 5407 qui
3605 5337 3775 5388 totum

2141 5432 2430 5488 mundum
2490 5429 2873 5485 illuminaret.
2937 5427 3065 5483 Alia
3115 5424 3422 5483 translatio
3475 5424 3667 5489 habet,
3712 5417 3775 5474 ab

2141 5523 2380 5578 oriente.

2219 5634 2246 5666 α
2278 5612 2424 5666 Ecce
2454 5609 2641 5665 dabit.
2680 5632 2707 5657 ››
2740 5608 2873 5665 Idco
2915 5607 3045 5663 dico
3086 5605 3338 5679 psallite,
3373 5603 3511 5676 quia
3544 5625 3566 5653 ι
3600 5614 3723 5657 ecce
3747 5614 3769 5647 ι

2142 5702 2311 5773 quasi
2342 5700 2401 5755 in
2446 5698 2917 5756 manifestatione
2956 5695 3244 5752 Dominus
3280 5694 3388 5750 iste
3419 5716 3447 5741 ‹‹
3483 5690 3642 5748 dabit
3665 5684 3775 5745 voci

2143 5809 2260 5850 suae
2288 5811 2316 5846 ο
2353 5809 2480 5861 qua:
2509 5788 2570 5844 in
2602 5788 2712 5845 hoc
2744 5787 2966 5845 mundo
2995 5784 3241 5843 humilis
3271 5782 3381 5840 fuit
3413 5797 3656 5839 «vocem
3684 5776 3777 5833 vir-
