3936 6384
393 410 515 472 423

760 413 1172 475 HAYMONIS
1219 411 1764 482 HALBERSTAT.
1809 408 2056 472 EPISG.
2105 408 2277 471 OPP.
2323 408 2526 471 PARS
2570 409 2619 470 Ι.
2665 443 2742 453 -
2785 409 3196 472 COMMENT.
3240 409 3444 472 BlBL.

3725 409 3846 468 424

393 551 502 614 est,
528 565 729 621 pmnas
759 546 1076 611 solvebam,
1099 561 1202 618 pro
1233 544 1325 602 his
1360 568 1388 594 ‹‹
1414 560 1541 616 qua)
1570 561 1685 601 non
1717 543 1905 617 rapui,
1932 565 1959 593 η
1983 543 2042 598 id
2071 541 2128 612 Α
2159 543 2253 598 nio
2277 543 2537 599 animam
2555 559 2747 600 meam
2771 567 2800 592 «
2823 547 2880 599 et
2896 543 3063 616 posui
3083 543 3500 602 vestimentum
3522 560 3754 602 meum
3774 546 3846 602 ci-

393 642 501 704 est,
535 655 639 710 pro
669 635 941 708 peccatis,
975 651 1100 706 quae
1132 651 1246 690 non
1280 633 1622 706 perpetravi.

465 751 492 776 ‹‹
527 727 701 781 Deus.
725 748 751 774 »
771 723 985 796 Incipit
1006 725 1077 780 de
1099 724 1356 779 secunda
1377 727 1562 795 parte.
1581 724 1731 778 Bene
1753 723 2049 794 dico,quia

392 839 420 866 ‹‹
444 821 508 870 tu
532 815 686 870 Deus
708 815 824 869 scis
854 813 1248 885 insipientiam
1284 829 1498 878 meam,
1531 816 1588 867 et
1618 811 1830 867 delicta
1860 829 1991 867 mea
2014 828 2048 867 a

390 907 443 959 te
476 920 590 957 non
622 906 761 958 sunt
790 903 1153 963 abscondita,
1192 925 1218 950 »
1249 901 1307 956 id
1340 906 1449 966 est,
1483 901 1598 957 seis
1644 918 1737 956 me
1773 901 1893 956 haec
1924 900 2044 972 pati

387 1009 502 1046 non
535 995 773 1062 propter
795 1009 863 1046 ea
893 1009 1020 1063 quas
1051 1009 1156 1063 ego
1189 991 1456 1047 fecissem
1490 1007 1592 1063 per
1621 989 2041 1061 insipientiam,

386 1080 443 1135 id
476 1085 566 1136 est
595 1099 698 1153 per
727 1080 1142 1154 ignorantiam,
1174 1081 1261 1136 vel
1303 1084 1538 1152 propter
1587 1079 1785 1150 aliqua
1831 1079 2044 1134 delicta

383 1184 536 1233 mea,
566 1170 667 1225 sed
703 1174 938 1242 propter
967 1174 1206 1242 peccata
1235 1186 1522 1225 meorum.

455 1259 526 1313 Et
541 1258 680 1330 quia
701 1277 816 1314 non
839 1276 908 1314 ex
925 1276 1054 1314 mea
1075 1257 1247 1330 culpa
1269 1257 1672 1330 patior,ideo,o
1695 1259 2041 1314 «Domine.»

378 1348 468 1404 illi
491 1372 519 1398 ‹‹
545 1347 646 1420 qui
672 1351 1012 1420 exspectant
1040 1352 1116 1413 te,
1143 1369 1169 1397 »
1193 1347 1252 1402 id
1277 1351 1365 1403 est
1385 1346 1468 1401 illi
1491 1348 1591 1420 qui
1626 1347 1962 1403 detinentur
1983 1348 2040 1401 in

377 1435 751 1510 inferno,qui
781 1440 1122 1509 exspectant
1150 1436 1316 1493 educi
1351 1451 1453 1508 per
1484 1453 1576 1490 me
1608 1459 1634 1486 «
1661 1453 1775 1491 non
1799 1436 2042 1492 erubes-

375 1530 539 1593 cant,
563 1549 590 1577 »
619 1526 677 1582 id
711 1529 801 1583 est
830 1543 945 1582 non
972 1526 1329 1581 frustrentur
1358 1548 1384 1574 «
1409 1525 1468 1580 in
1492 1541 1584 1580 me
1609 1547 1636 1574 »
1661 1525 1762 1581 sed
1786 1525 2043 1581 habeant

375 1617 793 1672 liberationem
824 1616 881 1671 in
917 1633 1226 1688 me,quam
1253 1617 1682 1687 exspectant,et
1717 1613 2038 1680 obtineant,

375 1712 443 1764 tu
477 1706 608 1762 dico
641 1729 669 1756 ‹‹
703 1707 860 1762 Deus
889 1705 1199 1770 virtutum,
1231 1727 1258 1753 »
1295 1704 1351 1760 id
1382 1709 1473 1760 est
1503 1703 1867 1776 angelorum,
1901 1703 2042 1776 quia

375 1800 607 1853 eertum
639 1800 730 1851 est
758 1795 916 1867 quod
948 1795 1096 1850 bene
1125 1793 1341 1866 poteris
1373 1794 1582 1850 facere.

2153 631 2415 698 licium,»
2438 631 2985 698 scilicet,tristitiam
3009 633 3258 698 ostendi,
3286 633 3509 690 faciens
3531 651 3639 690 me
3664 635 3841 690 simi-

2154 720 2268 777 lem
2299 721 2416 778 illis
2449 723 2546 795 qui
2593 723 2922 778 vestiuntur
2965 722 3174 788 cilicio,
3204 723 3444 789 scilicet,
3473 724 3840 796 pcenitenti-

2154 812 2286 868 bus.
2323 812 2636 884 Nunquam
2669 817 2864 868 tamen
2914 812 3129 884 legitur
3176 813 3586 880 historialiter,
3637 815 3839 870 cilicio

2157 901 2470 957 Dominum
2496 902 2676 957 fuisse
2699 903 2996 968 indutum,
3018 903 3115 958 sed
3144 919 3374 974 semper
3393 902 3452 958 in
3486 902 3757 958 tristitia
3781 922 3837 958 se

2153 990 2381 1056 habuit,
2416 996 2473 1046 et
2508 1009 2811 1062 nunquam
2845 991 2992 1056 risit,
3025 1015 3050 1040 ‹‹
3087 996 3145 1046 et
3175 992 3362 1047 factus
3407 1009 3544 1046 sum
3594 991 3727 1048 illis
3780 994 3831 1046 in

2153 1080 2516 1152 parabolam,
2544 1104 2570 1129 »
2594 1081 2650 1134 id
2680 1085 2787 1147 est,
2813 1082 2883 1136 de
2913 1099 3028 1152 quo
3055 1085 3234 1136 totam
3259 1081 3612 1152 parabolam
3652 1099 3831 1137 suam

2153 1169 2430 1224 facerent.
2455 1169 2578 1235 Vel,
2603 1170 2662 1224 in
2687 1169 3120 1242 parabolam,id
3145 1174 3234 1225 est
3257 1169 3310 1224 in
3329 1169 3826 1226 similitudinem.

2152 1259 2290 1331 quia
2321 1276 2423 1331 per
2453 1259 2899 1315 similitudinem
2937 1259 3050 1314 mei
3073 1258 3205 1314 aliis
3232 1257 3697 1314 maledicebant.
3725 1259 3823 1313 Vel

2151 1347 2380 1403 locutus
2415 1349 2472 1403 in
2507 1349 2863 1421 parabolam,
2886 1347 3130 1412 scilicet,
3165 1364 3278 1403 non
3302 1347 3552 1418 loquens
3575 1349 3671 1404 eis
3705 1348 3824 1403 alta

2152 1437 2477 1492 secundum
2511 1436 2862 1509 sapientiam
2895 1452 3109 1502 meam,
3144 1437 3244 1492 sed
3278 1435 3336 1491 in
3392 1435 3819 1498 similitudine.

2152 1529 2217 1581 ut
2247 1525 2458 1581 melius
2491 1526 2902 1599 intelligerent.

2226 1617 2370 1671 item
2400 1615 2758 1688 exsequitur,
2773 1615 2995 1680 dicens,
3019 1616 3101 1671 illi
3136 1617 3310 1672 etiam
3337 1639 3363 1664 ‹‹
3391 1615 3490 1687 qui
3522 1617 3818 1671 sedebant

2150 1704 2209 1759 in
2237 1709 2424 1778 porta,
2445 1727 2471 1754 »
2491 1704 2548 1762 id
2571 1710 2661 1761 est
2685 1707 2742 1760 in
2767 1705 3042 1778 compito,
3069 1705 3168 1760 ubi
3191 1704 3357 1760 multi
3382 1705 3816 1761 conveniebant

2151 1816 2178 1843 ‹‹
2204 1793 2594 1866 loquebantur
2623 1795 2932 1851 adversum
2964 1811 3078 1860 me,
3108 1817 3133 1844 »
3165 1799 3222 1850 et
3243 1793 3324 1849 illi
3349 1818 3377 1844 «
3403 1794 3500 1867 qui
3524 1795 3816 1850 bibebant

453 1888 525 1941 Et
544 1885 719 1942 etiam
750 1883 834 1939 illi
857 1908 887 1934 «
911 1884 1011 1956 qui
1036 1889 1306 1956 quierunt
1329 1887 1406 1950 te,
1434 1906 1462 1933 »
1487 1883 1544 1939 id
1568 1887 1676 1950 est,
1701 1881 2041 1955 intelligunt
2072 1912 2122 1978 Β
2149 1884 2373 1949 vinum,
2402 1907 2429 1933 »
2462 1883 2520 1939 id
2552 1889 2642 1940 est
2669 1885 2918 1941 convivae
2940 1883 3534 1957 quicunque,seilicet
3554 1884 3811 1956 quicun-

377 1981 438 2033 te
471 1992 600 2032 esse
628 1974 689 2030 in
741 1990 854 2038 me.
887 1973 972 2029 illi
1023 1973 1155 2029 dico
1181 1996 1210 2022 κ
1244 1972 1443 2039 Israel,
1479 1995 1506 2022 κ
1538 1973 1594 2028 id
1637 1977 1745 2039 est,
1775 1971 2040 2028 videntes

379 2065 588 2130 Deum,
605 2065 743 2136 quia
764 2063 877 2119 nisi
907 2066 1110 2119 essent
1136 2061 1401 2119 videntes
1426 2061 1632 2127 Deum,
1656 2061 1891 2117 credere
1921 2077 2039 2117 non

379 2151 812 2226 possent,quod
835 2151 988 2208 Deus
1015 2155 1171 2208 esset
1189 2150 1249 2207 in
1279 2155 1401 2207 tam
1424 2150 1640 2207 afflicto
1670 2149 1929 2216 homine,
1951 2148 2037 2206 illi

380 2241 530 2298 tales
551 2263 580 2290 «
595 2256 711 2296 non
730 2239 1227 2305 confundantur,»
1240 2239 1298 2294 id
1312 2243 1402 2296 est
1416 2255 1520 2312 pro
1543 2239 1634 2296 sui
1661 2239 2040 2296 frustratione

384 2327 614 2386 confusi
645 2344 760 2384 non
793 2327 913 2384 sint
943 2350 972 2378 κ
1004 2343 1182 2399 super
1211 2344 1326 2394 me,
1362 2350 1390 2378 η
1424 2327 1482 2383 id
1503 2332 1594 2384 est
1623 2328 1694 2384 de
1725 2342 1838 2384 me.

455 2415 596 2473 Dico
617 2432 733 2473 non
755 2415 1212 2482 confundantur,
1235 2431 1341 2470 nec
1364 2416 1578 2471 debent
1593 2415 2040 2488 confundi,quo-

384 2505 544 2563 niam
567 2503 765 2578 passio
795 2521 926 2560 mea
957 2503 1139 2577 digna
1163 2507 1271 2569 est,
1295 2520 1411 2576 qua
1441 2504 1899 2569 redimantur,ct
1929 2504 2038 2559 hoc

383 2599 473 2653 est
497 2611 509 2651 :
539 2617 568 2645 «
591 2592 870 2667 quoniam
893 2597 1129 2666 propter
1148 2595 1204 2648 te
1234 2591 1493 2649 sustinui
1514 2592 1951 2664 opprobrium,»
1975 2598 2040 2648 ut

382 2701 519 2742 cum
552 2684 811 2740 dicerent
845 2699 856 2738 :
891 2705 920 2732 α
953 2679 1321 2738 Dmmonium
1353 2681 1535 2737 habes
1567 2680 1742 2753 (Joan.
1776 2680 1898 2753 vn),
1925 2703 1951 2730 »
1983 2684 2041 2736 et

383 2774 624 2839 similia,
657 2776 715 2828 et
743 2773 919 2828 etiam
952 2795 979 2821 ‹‹
1015 2771 1280 2827 confusio
1316 2793 1342 2819 »
1379 2771 1532 2826 facta
1563 2771 1632 2825 de
1673 2769 1936 2843 colaphis
1985 2774 2042 2826 et

382 2862 577 2936 sputis
593 2885 622 2912 «
647 2861 878 2934 operuit
894 2861 1102 2916 faciem
1128 2875 1385 2924 meam,»
1411 2860 1468 2915 id
1499 2863 1676 2916 estex
1697 2860 1853 2916 omni
1881 2864 2042 2932 parte

382 2951 772 3008 circumdedit
799 2965 893 3006 me
925 2966 938 3004 :
972 2949 1152 3005 veluti
1183 2965 1318 3004 cum
1369 2949 1631 3004 dicerent
1662 2965 1674 3003 :
1703 2948 2044 3022 PrOphetiza

382 3042 574 3107 nobis,
598 3039 848 3106 Christe,
873 3039 1007 3112 quis
1036 3044 1094 3095 te
1123 3038 1454 3112 percussit?
1484 3037 1688 3109 (Matth.
1721 3055 1881 3106 xxvx;
1907 3039 2036 3093 Luc.

379 3149 523 3200 xm;
557 3131 719 3187 Marc.
752 3129 930 3201 xxxv.)

452 3220 805 3291 Exsequitur
842 3217 1215 3291 passionem:
1243 3242 1268 3267 ‹‹
1295 3219 1622 3274 Extraneus
1664 3218 1855 3273 factus
1905 3235 2036 3272 sum

2150 1990 2262 2046 que
2294 1973 2353 2030 in
2382 1973 2473 2030 his
2504 1972 2884 2030 seecularibus
2925 1973 3297 2041 delectantes,
3323 1997 3350 2024 ‹‹
3384 1972 3725 2047 psallebant
3754 1972 3810 2028 in

2149 2078 2264 2130 me,
2301 2085 2328 2112 η
2356 2062 2414 2118 id
2446 2067 2535 2120 est
2559 2063 2908 2119 deridebant
2938 2078 3050 2118 me.

2220 2173 2250 2202 ‹‹
2275 2153 2393 2226 Ego
2413 2167 2546 2209 vero
2569 2153 2894 2209 orationem
2917 2167 3175 2209 meam.»
3199 2153 3337 2209 Pars
3355 2156 3587 2225 quarta,
3603 2151 3666 2208 in
3691 2170 3809 2225 qua

2148 2240 2417 2298 Christus
2465 2239 2743 2310 ostendit,
2768 2241 3061 2314 quomodo
3091 2239 3244 2297 inter
3286 2239 3699 2298 tribulationes
3747 2259 3806 2298 se

2148 2329 2439 2396 habuerit,
2460 2329 2683 2387 scilicet
2705 2331 2861 2404 quod
2892 2345 2995 2404 pro
3028 2347 3270 2386 suorum
3305 2329 3648 2388 liberatione
3676 2349 3802 2387 ora-

2146 2421 2247 2476 vit.
2273 2419 2645 2476 Continuatio
2679 2437 2692 2476 :
2728 2443 2756 2470 ‹‹
2792 2418 2881 2475 Illi
2914 2419 2973 2475 in
3007 2436 3101 2477 me
3119 2419 3466 2492 psallebant,
3489 2441 3518 2470 κ
3543 2436 3652 2492 ego
3670 2438 3802 2475 vero

2147 2508 2468 2565 orationem
2493 2524 2684 2564 meam
2709 2509 2892 2565 direxi
2913 2509 2987 2564 ad
3007 2508 3332 2573 te,Domine
3349 2530 3374 2558 η
3398 2508 3601 2566 dicens
3629 2526 3643 2564 :
3671 2525 3801 2564 ecce.

2149 2620 2177 2648 ‹‹
2209 2602 2443 2670 tempus
2476 2597 2846 2670 beneplaciti,
2867 2602 3034 2654 Deus.
3067 2619 3094 2646 »
3128 2596 3476 2670 Beneplaeiti
3506 2597 3661 2661 dico,
3686 2615 3799 2654 non

2148 2686 2207 2741 in
2235 2685 2461 2742 meritis
2509 2686 2840 2754 hominum,
2866 2687 2965 2742 sed
2998 2710 3025 2736 ‹‹
3061 2686 3119 2742 in
3152 2685 3528 2742 multitudine
3579 2687 3802 2741 miseri-

2150 2776 2358 2832 cordiae
2392 2779 2523 2840 tum,
2561 2800 2587 2826 »
2620 2780 2676 2832 ct
2705 2777 2846 2848 quia
2883 2777 3031 2848 jam,
3058 2793 3090 2832 ο
3121 2775 3385 2843 Domine,
3409 2780 3642 2848 tempus
3691 2781 3796 2836 est.

2151 2865 2281 2920 ideo
2314 2891 2339 2915 ‹‹
2375 2865 2585 2921 exaudi
2631 2881 2724 2922 me
2761 2866 2821 2920 in
2852 2866 3096 2922 veritate
3135 2864 3343 2922 salutis
3372 2869 3502 2931 tum,
3540 2888 3567 2914 »
3596 2866 3652 2920 id
3687 2872 3793 2930 est,

2150 2955 2344 3012 dando
2377 2955 2629 3012 salutem
2662 2955 2808 3012 mihi
2837 2959 2895 3012 ct
2924 2955 3090 3025 meis,
3107 2959 3164 3012 et
3187 2971 3290 3028 per
3308 2955 3416 3011 hoc
3434 2969 3604 3012 verax
3624 2973 3796 3028 appa-

2151 3062 2299 3101 P088.

2223 3158 2248 3183 ‹‹
2284 3135 2504 3191 Exaudi
2536 3157 2563 3183 »
2615 3136 2764 3200 dico,
2803 3134 3040 3200 scilicet,
3075 3157 3100 3183 ‹‹
3138 3132 3294 3206 eripe
3348 3150 3460 3200 me,
3496 3156 3541 3205 »ι
3573 3135 3630 3188 id
3683 3139 3790 3196 est,

2151 3225 2411 3291 meos,de
2425 3223 2607 3287 luto,»
2621 3225 2677 3278 id
2694 3225 2864 3280 estde
2878 3227 3256 3296 peccato,uon
3271 3223 3409 3296 quin
3427 3223 3535 3279 mei
3550 3229 3792 3296 tangant

382 3308 662 3364 fratribus
678 3307 848 3370 meis.
871 3329 898 3355 η
920 3307 978 3362 id
1000 3305 1380 3379 θεινοοεῐιᾶῐίε
1402 3307 1727 3362 secundum
1753 3323 1989 3360 carnem
2019 3322 2032 3359 ε
2068 3285 2111 3351 C
2151 3312 2590 3385 illicitum,quia
2602 3312 2802 3369 nullus
2815 3317 3144 3386 potestesse
3162 3313 3288 3369 sine
3310 3314 3667 3385 peccato,sed
3682 3337 3708 3362 α
3725 3320 3789 3368 ut

381 3419 411 3446 α
437 3401 494 3451 et
517 3417 543 3443 »
560 3394 736 3450 etiam
755 3417 784 3445 «
810 3394 948 3449 ﬁliis
970 3395 1179 3450 matris
1199 3411 1399 3460 meae,»
1423 3394 1478 3449 id
1498 3399 1919 3468 est,synagogaa
1938 3395 2038 3467 qui

383 3499 617 3540 mecum
639 3483 697 3538 in
721 3498 1020 3555 synagoga
1039 3482 1226 3555 legem
1249 3482 1648 3547 audierunt,in
1666 3500 1784 3555 qua
1800 3489 2040 3554 possent

383 3585 736 3644 cognoscere
760 3587 854 3626 me
875 3586 1002 3626 esse
1025 3570 1386 3642 promissum
1412 3570 1878 3642 Itedemptorem,
1904 3590 2038 3627 sum

385 3661 576 3717 factus
606 3683 631 3709 ‹‹
660 3657 1004 3732 peregrinus
1028 3680 1055 3708 »
1088 3659 1256 3730 quasi
1285 3657 1544 3731 ignotus,
1571 3660 1738 3731 quasi
1768 3678 1881 3716 non
1904 3680 2036 3734 pos-

384 3765 510 3806 sem
541 3748 756 3804 morari
779 3747 934 3820 apud
971 3746 1221 3812 eos,nisi
1250 3765 1368 3802 una
1391 3751 1558 3803 nocte
1596 3751 2046 3822 tantum.Syna—.

381 3854 533 3910 goga
563 3837 781 3892 dicitur
811 3840 1001 3892 mater
1018 3835 1533 3908 Judazorum,quia
1553 3837 1856 3909 prmeeptis
1883 3843 2035 3895 vete-

381 3927 464 3983 ris
494 3927 639 4000 legis
670 3925 949 3998 pascebat
979 3942 1098 3981 eos.

452 4016 523 4070 Et
551 4013 681 4072 ideo
719 4015 912 4072 factus
943 4030 1076 4070 sum
1108 4015 1472 4087 peregrinus,
1506 4039 1533 4064 «
1567 4017 1844 4088 quoniam
1879 4018 2039 4074 zelus

381 4105 597 4160 domus
626 4109 740 4160 tuas
777 4126 804 4153 »
835 4121 870 4159 a
899 4120 1018 4176 qua
1045 4104 1329 4174 ejeceram
1362 4104 1680 4161 vendentes
1702 4110 1760 4161 et
1778 4112 2039 4163 ementes

381 4193 585 4265 (Matth.
620 4209 712 4248 xxi
742 4211 755 4260 ;
793 4194 920 4248 Luc.
954 4195 1091 4262 xu),
1126 4216 1154 4242 «
1188 4193 1443 4249 comedit
1474 4210 1587 4259 me,
1616 4216 1642 4242 »
1676 4194 1732 4250 id
1765 4197 2041 4262 est,ussit

381 4299 475 4338 me
501 4281 772 4347 interius,
795 4285 854 4336 et
873 4280 968 4337 hic
999 4285 1237 4337 notatur
1276 4281 1534 4338 maxima
1559 4285 1787 4340 affectio
1827 4285 2035 4356 ipsius,

379 4371 522 4444 quia
548 4370 672 4443 ipse
694 4370 866 4442 ejecit
895 4374 1088 4434 eos,et
1117 4370 1404 4443 indignati
1451 4387 1590 4442 erga
1627 4389 1784 4438 eum,
1811 4375 2038 4430 machi-

380 4461 502 4517 nati
565 4463 706 4515 sunt
749 4459 801 4515 ei
851 4463 1122 4525 mortem,
1155 4482 1181 4508 α
1215 4463 1273 4514 et
1320 4459 1690 4533 opprobria»
1723 4479 1927 4518 eorum
1977 4465 2036 4519 in

381 4551 612 4605 deserto
670 4552 727 4604 te
778 4547 1133 4604 tentantium
1188 4547 1371 4619 (Marc.
1407 4565 1452 4614 ι;
1485 4550 1642 4605 Joan.
1674 4553 1736 4618 ιι)
1777 4555 1834 4606 et
1883 4553 2039 4610 idola

2148 3417 2265 3456 non
2294 3401 2528 3474 infigar,
2557 3424 2583 3451 »
2615 3401 2671 3457 id
2703 3407 2794 3458 est
2825 3402 2938 3457 mei
2970 3419 3040 3457 ex
3071 3419 3133 3458 so
3158 3402 3411 3474 peccatis
3451 3419 3564 3458 non
3594 3402 3784 3458 adhae-

2146 3496 2398 3556 reant,et
2419 3509 2536 3547 non
2557 3495 2788 3548 tantum
2815 3495 2881 3547 ut
2902 3507 3017 3548 non
3039 3492 3362 3565 infigantur
3380 3491 3490 3548 mei
3511 3507 3578 3546 ex
3597 3493 3784 3556 se,sed

2148 3603 2177 3630 ‹‹
2213 3581 2396 3636 libera
2427 3604 2453 3630 »
2484 3582 2660 3636 etiam
2693 3605 2714 3630 α
2753 3599 2866 3646 me,
2903 3605 2929 3630 »
2962 3582 3020 3636 id
3073 3587 3164 3636 est
3209 3597 3390 3647 meos,
3415 3605 3441 3630 α
3468 3580 3538 3636 ab
3567 3580 3660 3636 his
3688 3581 3786 3652 qui

2147 3670 2399 3725 oderunt
2431 3687 2542 3735 me,
2562 3693 2587 3718 »
2620 3671 2676 3724 id
2711 3676 2819 3734 est,
2850 3687 2921 3726 ne
2952 3687 3053 3742 per
3083 3668 3493 3743 impulsionem
3545 3669 3784 3724 aliorum

2147 3759 2442 3814 ducantur
2464 3759 2521 3814 in
2540 3763 2866 3830 peccatum,
2892 3783 2918 3809 «
2947 3765 3005 3815 et
3035 3783 3061 3808 »
3093 3758 3276 3815 libera
3316 3758 3490 3814 etiam
3517 3781 3544 3806 »
3565 3759 3634 3813 de
3654 3776 3787 3831 pro-

2149 3847 2349 3903 fundis
2371 3863 2718 3919 aquarum,»
2741 3841 2800 3903 id
2821 3853 2912 3904 est
2948 3865 2982 3904 a
3003 3847 3307 3920 profundis
3349 3847 3464 3902 illis
3507 3847 3785 3920 nequissi-

2149 3935 2400 3992 mis.Vel
2433 3960 2461 3984 ‹‹
2486 3935 2670 3993 libera
2701 3954 2863 3993 meos
2895 3938 2965 3994 de
2996 3937 3304 4010 profundis
3332 3953 3640 4009 aquarum,
3672 3959 3698 3984 »
3732 3936 3783 3990 id

2147 4030 2237 4081 est
2257 4026 2329 4081 de
2360 4023 2770 4098 prosperitate,
2795 4026 2854 4080 in
2887 4043 3004 4098 qua
3030 4031 3120 4082 est
3151 4025 3336 4083 facilis
3361 4025 3581 4098 lapsus.

2219 4115 2306 4169 Ita
2336 4111 2560 4168 scilicet
2588 4111 2924 4180 libera,non
2949 4115 3105 4186 quod
3139 4131 3252 4170 non
3285 4114 3539 4170 habeant
3556 4113 3786 4171 tribuis!

2147 4202 2357 4269 tiones,
2390 4202 2490 4258 sed
2526 4219 2596 4258 ne
2629 4204 3070 4276 demergantur,
3103 4207 3162 4259 et
3189 4204 3298 4259 hoc
3327 4203 3472 4258 dicit
3492 4227 3519 4252 α
3546 4219 3654 4257 non
3687 4203 3779 4257 de-

2147 4295 2376 4364 mergat
2397 4308 2490 4347 me
2523 4295 2843 4364 tempestas
2873 4309 3060 4364 aqua),
3094 4314 3122 4340 »
3158 4291 3215 4347 id
3244 4297 3334 4348 est
3358 4290 3661 4347 commotio
3679 4308 3781 4362 po-

2147 4380 2272 4453 puli
2301 4381 2360 4435 in
2384 4384 2690 4453 peceatum
2713 4381 3072 4447 ducendo,et
3093 4380 3142 4436 si
3163 4380 3477 4452 aliquando
3501 4381 3780 4452 demet-gat

2147 4468 2345 4541 aliqua
2375 4473 2715 4541 tempestas,
2745 4485 2778 4525 ο
2811 4469 3074 4534 Domine,
3099 4469 3394 4541 deprecor,
3414 4473 3479 4524 ut
3510 4492 3538 4517 ‹‹
3562 4469 3779 4541 profun-

2150 4559 2292 4613 dum
2325 4575 2440 4612 nou
2464 4559 2773 4614 absorbent
2788 4575 2939 4623 me,»
2960 4558 3018 4614 id
3041 4561 3134 4614 est
3150 4557 3264 4614 mei
3298 4575 3412 4614 non
3435 4557 3777 4613 deducantur

381 4636 720 4703 colentium,
751 4639 810 4692 et
838 4635 948 4691 hoc
979 4639 1068 4690 est
1099 4653 1112 4691 :
1148 4658 1175 4686 «
1207 4636 1688 4707 exprobrantium
1719 4637 1825 4693 tibi
1862 4662 1889 4688 »
1919 4640 2037 4710 illa,
2074 4653 2118 4718 ι)
2150 4647 2210 4702 in
2244 4646 2734 4719 desperationem.
2759 4646 2923 4704 Unde
2945 4647 3194 4703 dicitur:
3220 4647 3666 4703 «Pcc-eatorcum
3687 4662 3773 4701 ve-

381 4726 647 4798 inquam,
681 4725 996 4798 opprobria
1027 4747 1054 4773 ‹‹
1090 4725 1428 4780 ceciderunt
1457 4741 1634 4796 super
1681 4743 1774 4782 me
1810 4750 1836 4776 »
1867 4732 2037 4800 quasi

381 4831 554 4887 grave
584 4815 837 4886 pondus.

453 4904 522 4958 Et
552 4907 693 4958 tunc
723 4917 828 4975 ego
850 4918 942 4958 me
975 4918 1112 4974 erga
1140 4919 1239 4958 eos
1272 4902 1486 4958 iratum
1519 4920 1634 4959 non
1658 4906 1910 4974 ostendi,
1935 4909 2035 4964 sed

382 5014 409 5040 «
443 4991 645 5065 operui
679 4989 940 5047 animam
962 5007 1176 5057 meam,
1199 5013 1225 5038 »
1252 4989 1310 5046 id
1333 4995 1424 5046 est
1437 4991 1797 5050 voluntatem
1821 5013 2037 5064 meam,

383 5102 410 5127 ‹‹
445 5079 502 5134 in
528 5079 779 5152 jejunio,
809 5101 836 5127 »
871 5079 928 5133 id
959 5083 1050 5135 est
1079 5095 1214 5134 cum
1245 5095 1435 5134 essem
1461 5081 1704 5152 jejunus
1722 5083 1795 5136 ab
1820 5083 1956 5151 illis,
1981 5086 2036 5140 id

383 5173 471 5223 est
501 5186 635 5224 eum
671 5186 786 5224 non
821 5185 1054 5239 possem
1092 5168 1237 5222 mihi
1270 5168 1641 5240 ineorporare
1689 5171 1920 5243 aliquos
1951 5191 2042 5230 eo-

385 5273 536 5312 rum.
563 5256 726 5312 Unde
748 5271 965 5329 supra:
992 5280 1018 5306 «
1047 5255 1442 5312 Humiliabam
1463 5257 1761 5329 injejunio
1779 5261 2038 5318 animam

383 5346 554 5413 (I’sal.
579 5346 789 5418 xxxw),
826 5368 853 5395 »
885 5350 942 5400 et
972 5346 1127 5416 quod
1176 5362 1274 5401 eos
1320 5345 1399 5400 ita
1443 5345 1730 5417 patienter
1760 5351 2038 5418 sustinui,

385 5433 539 5504 quod
572 5450 664 5488 me
692 5435 777 5489 sic
808 5433 1031 5506 operui,
1068 5457 1095 5482 ‹‹
1133 5435 1350 5490 factum
1385 5438 1474 5489 est
1527 5435 1670 5490 mihi
1722 5437 1779 5492 in
1830 5457 2038 5512 oppro-

386 5519 580 5575 brium
603 5542 630 5569 »
654 5523 812 5592 quia,
838 5527 1058 5594 quanto
1080 5540 1240 5577 eram
1267 5525 1424 5595 apud
1447 5540 1545 5580 eos
1570 5524 2038 5594 humilior,tanto

387 5607 472 5664 eis
493 5624 652 5662 eram
684 5610 870 5666 vilior.

458 5696 806 5764 Exsequitur
826 5699 1183 5770 passionem.
1207 5700 1577 5757 Continuatio
1604 5719 1614 5756 :
1643 5703 1853 5776 Operui
1883 5709 2040 5781 jeju-

2147 4737 2302 4792 uerit
2319 4735 2379 4790 in
2399 4736 2858 4807 profunditatem
2880 4735 3154 4792 vitiorum
3175 4739 3561 4798 contemnet,»
3578 4739 3631 4790 et
3642 4757 3664 4782 «
3683 4750 3770 4806 pu-

2148 4828 2333 4890 teus,«
2351 4824 2408 4879 id
2425 4829 2516 4880 est
2534 4825 2905 4897 profunditas
2928 4823 3197 4896 nequitias
3219 4823 3398 4896 hujus
3419 4823 3614 4878 mundi
3630 4847 3652 4871 ‹‹
3669 4839 3772 4878 non

2149 4918 2354 4985 urgeat
2372 4930 2437 4970 os
2451 4930 2626 4970 suum
2639 4930 2818 4986 super
2837 4930 2990 4979 me,»
3004 4913 3061 4970 id
3074 4917 3163 4970 est
3184 4930 3298 4968 non
3311 4912 3771 4976 deducantmeos,

2149 5002 2290 5074 quin
2305 5003 2659 5074 quandoque
2679 5002 2909 5075 possint
2923 5019 3238 5075 emergere,
3252 5001 3428 5058 etiam
3445 5001 3516 5057 de
3535 5001 3774 5072 despera-

2149 5091 2328 5156 tione,
2344 5089 2454 5146 hoc
2473 5091 2691 5146 dicitur
2709 5109 2743 5146 a
2759 5090 3145 5146 similitudine
3170 5089 3431 5146 cadentis
3455 5089 3513 5143 in
3534 5093 3770 5161 puteum,

2149 5179 2250 5251 qui
2283 5179 2331 5234 si
2365 5197 2430 5235 os
2462 5179 2620 5252 putei
2651 5178 2980 5244 claudatur,
3005 5197 3120 5234 non
3145 5183 3337 5252 potest
3369 5176 3581 5251 egredi.

2221 5267 2358 5322 Dico
2384 5290 2410 5317 «
2426 5284 2542 5322 non
2564 5273 2824 5340 urgeat,»
2844 5269 2943 5323 sed
2973 5269 3167 5340 potius
3187 5267 3437 5323 «exaudi
3461 5282 3606 5331 me,»
3626 5265 3676 5320 id
3697 5270 3770 5321 est

2150 5375 2334 5425 meos,
2368 5382 2394 5407 ‹‹
2429 5357 2694 5425 Domine,
2726 5381 2753 5406 »
2789 5362 2846 5412 et
2884 5374 3126 5413 securus
3154 5374 3286 5414 sum
3307 5357 3463 5428 quod
3502 5356 3769 5417 exaudies,

2151 5446 2473 5518 «quoniam
2492 5446 2892 5502 misericordia
2906 5450 3008 5501 tua
3020 5445 3272 5518 benigna
3287 5450 3393 5511 est,
3405 5468 3431 5494 »
3445 5445 3501 5499 id
3515 5443 3769 5517 estlarga.

2151 5535 2290 5608 quia
2321 5535 2548 5592 nullum
2569 5536 2823 5607 despicis
2866 5535 3217 5591 clamantem
3240 5535 3308 5590 ad
3333 5539 3388 5590 te
3413 5551 3425 5589 :
3457 5557 3477 5584 ι
3504 5536 3561 5589 et
3580 5535 3772 5606 respice

2151 5623 2209 5679 in
2242 5642 2334 5680 me
2366 5625 2693 5681 secundum
2727 5623 3166 5680 multitudinem
3199 5623 3634 5678 miserationum
3662 5627 3772 5677 tua-

2153 5731 2284 5770 rum
2305 5739 2331 5762 ‹‹
2358 5731 2505 5786 quas
2520 5713 2837 5770 cxhibuisti
2868 5712 3135 5786 patribus
3158 5712 3415 5782 antiquis
3427 5711 3582 5767 sicut
3599 5711 3773 5768 Daniel
