3936 6352
181 359 339 416 425

1414 362 1921 427 ΕΧΡΕΑΝΛΤῘΟ
1959 363 2045 431 ΙΝ
2089 366 2471 428 PSALMOS.

3508 377 3651 444 143.6

185 491 262 547 in
327 490 468 549 lacu
520 490 757 549 leonum
788 492 949 565 (Dan.
973 497 1111 565 xxv),
1135 499 1194 553 et
1224 496 1343 551 Noe
1383 496 1443 552 in
1485 495 1653 568 aquis
1688 494 1975 574 diluvii;
2006 497 2066 552 in
2088 498 2457 567 scandalum,
2479 522 2514 550 »
2530 500 2588 557 id
2608 506 2720 570 est,
2742 503 2814 560 de
2833 502 2920 560 eis
2939 503 3195 561 habeant
3221 504 3568 579 scandalum
3599 498 3660 561 et

181 580 383 650 (Gen.
416 597 517 648 vn,
555 583 701 651 VJ-ll),
736 586 794 637 et
820 584 1065 640 caeteris.

274 669 433 726 Dico
455 693 483 720 ‹‹
499 671 724 743 respice
741 694 761 719 ι»
787 675 845 728 et
863 672 974 728 hoc
998 689 1102 745 per
1118 689 1233 741 me,
1257 672 1439 729 ethoc
1456 679 1546 729 est
1563 690 1576 730 :
1593 698 1619 723 ‹‹
1639 690 1711 729 ne
1729 690 1889 730 aver-

179 762 297 813 tas
319 759 538 815 faciem
555 763 719 816 tuam
738 778 773 815 a
784 778 967 834 puero
988 767 1107 830 tuo,
1137 785 1164 812 »
1182 762 1239 817 id
1264 766 1412 831 est,a
1431 780 1544 830 me,
1572 780 1736 818 servo
1763 767 1885 830 tuo,

182 847 375 903 sicut
395 847 511 903 alia
530 849 839 905 translatio
859 850 1137 907 habet.Se
1167 856 1335 907 vocat
1366 869 1614 924 puerum
1651 857 1889 924 propter

178 937 642 1009 innocentiam,
675 938 758 995 de
780 957 896 1012 quo
927 939 1053 1015 ipse
1079 940 1140 995 in
1172 941 1507 1013 Evangelio,
1532 958 1670 996 eum
1699 941 1883 997 alium

181 1027 524 1083 statuisset
544 1027 604 1084 in
638 1029 832 1084 medio
862 1031 1291 1102 eorum,tamen
1325 1030 1473 1085 dixit
1507 1046 1519 1084 :
1555 1053 1583 1079 α
1617 1029 1737 1086 Nisi
1756 1031 1882 1088 efﬁ-

179 1114 457 1172 eiamini
479 1116 636 1173 sicut
665 1116 945 1190 parvulus
962 1117 1216 1186 iste,non
1237 1118 1537 1175 intrabitis
1553 1118 1614 1175 in
1632 1135 1881 1192 regnum

178 1203 495 1275 calorum
525 1205 733 1276 (Matth.
766 1207 947 1279 xvm).
983 1228 1012 1258 »
1058 1231 1086 1258 «
1119 1208 1203 1264 Ne
1252 1213 1477 1264 avertas
1509 1230 1538 1259 »
1590 1208 1741 1276 dico,
1776 1208 1878 1265 sed

178 1293 411 1365 potius
426 1317 455 1343 ‹‹
475 1296 685 1351 exaudi
719 1312 812 1351 me
841 1295 1171 1363 velociter,»
1192 1314 1305 1352 non
1325 1298 1562 1353 differas
1585 1314 1777 1353 meam
1796 1313 1878 1352 re-

165 1382 636 1449 surrectionem
664 1402 852 1456 usque
878 1386 938 1440 in
964 1402 1339 1441 communem
1363 1385 1872 1456 resurrectionem,

180 1494 213 1521 ‹‹
244 1472 549 1544 quoniam
572 1473 865 1531 tribulor»
880 1479 938 1530 et
955 1475 1084 1530 ideo
1103 1473 1212 1531 hoc
1229 1475 1359 1531 dico
1374 1492 1388 1529 :
1402 1498 1429 1524 «
1448 1491 1519 1530 ne
1540 1479 1766 1531 avertas
1788 1475 1873 1532 fa-

162 1561 361 1621 ciem
393 1564 619 1630 tuam,»
642 1563 742 1619 sed
765 1563 962 1634 potius
985 1563 1274 1620 «intende
1302 1563 1511 1620 animas
1544 1580 1875 1621 mesaucon-

152 1650 475 1708 .siderans
497 1655 719 1723 quanta
738 1651 1074 1709 innocentia
1094 1651 1198 1708 tibi
1221 1652 1545 1721 servierim,
1568 1677 1593 1702 κ
1610 1657 1669 1708 et
1689 1653 1871 1711 libera

168 1755 321 1797 eam
333 1782 355 1805 ,
367 1742 459 1797 »et
477 1756 594 1796 non
616 1744 848 1798 tantum
872 1746 1111 1814 propter
1129 1742 1424 1813 meipsum
1449 1742 1632 1798 libera
1644 1743 1868 1812 me,sed

163 1833 235 1885 et
259 1853 291 1879 κ
319 1834 566 1903 propter
594 1829 867 1889 inimicos
887 1846 1049 1886 meos
1072 1830 1230 1903 eripe
1254 1847 1369 1898 me,
1398 1854 1425 1879 »
1458 1831 1597 1901 quia
1631 1848 1744 1888 non
1777 1835 1866 1888 est

155 1918 441 1991 dignum
464 1922 531 1975 ut
547 1917 771 1976 inimici
802 1918 915 1975 mei
936 1920 1007 1976 de
1028 1936 1160 1977 mea
1188 1919 1503 1976 afflictione
1535 1922 1854 1992 gaudeant.

244 2008 328 2063 Et
358 2007 539 2064 debes
568 2007 810 2080 eripere,
845 2008 985 2080 quia
1035 2012 1097 2065 tu
1146 2008 1307 2065 vides
1355 2008 1511 2065 mala
1552 2026 1679 2081 qua:
1710 2009 1855 2065 mihi

156 2096 610 2168 ﬂuut,propter
640 2112 769 2167 quae
800 2096 978 2153 debes
1008 2112 1147 2168 erga
1174 2112 1269 2152 me
1290 2097 1362 2153 ad
1388 2096 1854 2153 misericordiam

158 2186 573 2255 commoveri,
606 2186 761 2241 unde
791 2186 934 2241 dicit
967 2202 980 2240 :
1043 2209 1069 2236 ‹‹
1106 2187 1195 2242 Tu
1255 2186 1371 2241 scis
1432 2187 1855 2259 improperium

163 2291 454 2343 meum,»
484 2273 540 2329 id
576 2279 687 2343 est,
715 2276 1045 2347 cognoscis,
1070 2292 1249 2347 quam
1281 2276 1478 2348 turpia
1504 2276 1681 2331 verba
1707 2275 1853 2331 mihi

163 2363 453 2419 inferunt
473 2386 501 2413 «
528 2367 586 2419 et
606 2387 634 2416 »
663 2365 780 2420 scis
807 2388 836 2415 κ
861 2364 1265 2422 confusionem
1299 2382 1489 2420 meam
1508 2388 1537 2414 »
1561 2382 1737 2437 quam
1756 2365 1856 2420 ha-

158 2452 498 2521 bebam,ut
520 2452 604 2508 illi
636 2457 1151 2526 putaverunt,cum
1183 2453 1330 2510 alios
1361 2452 1552 2510 salvos
1578 2455 1849 2523 facerem,

163 2545 229 2597 et
261 2540 571 2612 meipsum
620 2540 845 2598 salvere
897 2559 1014 2600 non
1045 2560 1279 2615 possem
1312 2544 1463 2617 (Luc.
1496 2561 1630 2613 xxx;
1664 2543 1849 2600 Matth.

165 2633 341 2699 xxvx)
377 2652 405 2681 ‹‹
438 2634 498 2687 et
530 2653 559 2680 »
584 2631 705 2687 seis
734 2653 763 2680 «
796 2632 1182 2687 reverentiam
1215 2648 1432 2699 meam,
1460 2655 1486 2681 »
1518 2633 1576 2687 id
1606 2638 1715 2700 est,
1751 2632 1853 2689 illa

166 2719 323 2775 vilia
355 2730 486 2791 qua
517 2735 623 2792 ego
653 2718 940 2788 sustineo,
973 2724 1031 2775 et
1059 2722 1394 2787 reverenda,
1428 2725 1493 2775 ut
1523 2726 1718 2792 sputa,
1748 2737 1848 2776 ce-

118 2868 137 2875 ,
166 2807 552 2880 laphos.Alia
582 2805 892 2865 translatio
918 2807 1116 2876 habet,
1150 2808 1538 2881 ignominiam
1569 2808 1657 2864 vel
1688 2825 1847 2865 vere-

165 2896 489 2954 eundiam.

247 2986 351 3041 Me
373 2984 536 3041 vides
565 2984 936 3051 afﬂictum,et
951 2984 1129 3042 etiam
1146 2984 1247 3057 qui
1271 3001 1363 3040 me
1393 2985 1847 3057 afﬂigunt,unde

164 3075 366 3130 debes
398 3072 470 3127 ad
502 3070 969 3144 indignationem
1001 3076 1207 3129 contra
1253 3090 1353 3129 eos
1383 3074 1756 3143 commoveri,
1789 3080 1848 3131 et

169 3162 293 3219 hoc
330 3164 423 3216 est
456 3175 470 3214 :
506 3183 530 3212 «ι
558 3160 617 3215 in
652 3164 967 3233 conspectu
1000 3165 1100 3218 tuo
1133 3166 1274 3218 sunt
1300 3178 1507 3219 omnes
1537 3163 1638 3235 qui
1665 3162 1847 3219 tribu-

168 3251 306 3309 lant
338 3266 455 3317 me,
491 3272 520 3298 »
551 3254 610 3306 et
642 3227 816 3306 illam-
849 3249 1285 3307 tribulationem
1318 3256 1524 3323 sponte
1554 3227 1839 3322 sustineo,
1873 3227 1920 3307 (ἶ

162 3340 322 3414 quia
356 3363 383 3389 ‹‹
418 3356 519 3396 cor
546 3354 769 3406 meum,
807 3361 835 3387 »
868 3339 924 3393 id
957 3342 1048 3395 est
1092 3338 1362 3397 voluntas
1406 3356 1555 3408 mea,
1590 3364 1617 3389 ‹‹
1638 3356 1840 3413 exspe-

171 3428 363 3487 ctavit
401 3427 822 3502 improperium
857 3451 886 3478 »
918 3428 978 3484 in
1008 3428 1201 3498 dictis,
1235 3452 1262 3479 «ι
1297 3434 1357 3485 et
1386 3429 1685 3486 miseriam
1721 3452 1750 3479 »
1782 3431 1842 3487 in

165 3519 376 3577 factis.

250 3632 278 3658 «ι
299 3608 378 3664 Et
395 3605 673 3674 sustinui,
692 3628 719 3655 »
740 3605 798 3662 id
820 3607 1282 3679 est,exspectavi,
1315 3631 1343 3657 κ
1361 3609 1460 3680 qui
1494 3608 1671 3665 simul
1699 3627 1843 3668 con—

174 3695 584 3762 tristare'tnr,»
609 3693 667 3749 id
690 3698 798 3763 est,
816 3694 918 3765 qui
942 3693 1088 3750 mihi
1110 3693 1463 3764 condoleret,
1480 3697 1637 3768 quod
1668 3697 1847 3771 exigit

172 3787 495 3851 natura,ut
523 3799 659 3839 eum
688 3782 926 3839 videant
953 3782 1224 3839 homines
1254 3782 1511 3856 aliquem
1533 3785 1841 3856 afﬂictum,

176 3872 538 3931 condoleant
565 3871 639 3941 ei,
664 3874 771 3927 «et
794 3894 823 3920 »
855 3875 1052 3928 tamen
1085 3896 1114 3923 α
1146 3890 1263 3928 non
1295 3873 1407 3928 fuit
1436 3896 1465 3922 »
1497 3874 1596 3946 qui
1628 3875 1842 3931 condo-

174 3961 327 4019 leret
353 3979 370 4030 ;
404 3984 433 4012 «
465 3965 570 4018 et»
600 3960 860 4017 sustinui
886 3982 916 4010 «
940 3960 1042 4033 qui
1064 3959 1506 4018 consolaretur»
1529 3968 1843 4035 me,trans-

174 4052 378 4109 eundo
402 4050 476 4109 ad
498 4065 691 4107 meam
713 4048 1101 4119 doctrinam,«
1115 4052 1175 4106 et
1194 4049 1513 4107 noninveni
1530 4073 1558 4099 »
1582 4048 1842 4123 aliquem

180 4139 281 4211 qui
313 4137 720 4196 consolaretur
746 4154 863 4194 me.

253 4252 282 4279 α
308 4230 381 4286 Et
399 4227 693 4287 dederunt
712 4226 774 4283 in
804 4241 1003 4284 escam
1034 4242 1227 4283 meam
1264 4226 1358 4296 fel,
1390 4230 1447 4283 et
1478 4227 1537 4282 in
1567 4227 1666 4282 siti
1714 4243 1847 4285 mea

183 4321 536 4389 putaverunt
587 4332 681 4373 me
732 4320 916 4385 aceto,
962 4338 991 4366 ››
1048 4316 1328 4388 quoniam
1386 4333 1502 4372 non
1560 4316 1847 4373 dederunt

185 4404 363 4462 aliam
395 4419 591 4462 escam
622 4403 709 4460 vel
739 4404 1088 4477 potum,nisi
1119 4409 1349 4461 acetum
1381 4421 1516 4460 cum
1550 4404 1681 4461 felle
1704 4407 1844 4462 mis-

184 4497 339 4565 tum,
366 4498 427 4551 et
456 4492 568 4551 hoc
617 4493 808 4567 figura
854 4493 985 4562 fuit,
1019 4509 1153 4550 cum
1184 4494 1339 4550 enim
1374 4495 1499 4567 ipse
1529 4494 1720 4551 sitiret
1750 4512 1848 4551 sa-

2000 586 2403 657 oll'ensionem,
2436 589 2525 645 vel
2568 590 2721 646 inter
2768 609 2850 660 se,
2882 591 2970 648 vel
3001 591 3156 648 inter
3185 593 3569 663 Christianos,
3599 597 3659 653 et

1999 674 2108 731 hoc
2140 700 2165 725 ‹‹
2193 692 2388 734 coram
2420 677 2587 750 ipsis,
2622 702 2650 729 »
2683 684 2748 736 ut
2777 680 2888 755 ipsi
2917 682 3065 738 bene
3094 686 3454 755 cognoscant
3482 700 3546 742 se
3575 700 3658 745 er-

1998 769 2211 831 rare,et
2240 766 2385 822 bene
2414 766 2601 822 Judaei
2633 769 2823 827 sciant
2851 770 3099 845 gentiles
3130 770 3320 844 legem
3351 788 3521 829 suam
3549 772 3654 828 ha-

1996 852 2150 921 bere,
2160 869 2262 925 per
2274 872 2451 927 quam
2464 856 2576 928 ipsi
2594 857 2753 929 ipsos
2765 859 3001 914 Judzeos
3013 875 3255 932 peccare
3275 860 3650 921 convincunt.

1997 964 2025 991 ‹‹
2051 942 2482 1000 Retributiones
2506 968 2533 994 »
2556 944 2968 1016 has,scilicet,«
2985 948 3376 1007 obscurentur
3394 950 3651 1017 oculi-eo-

1993 1046 2183 1094 rum,»
2207 1032 2265 1086 id
2288 1037 2379 1089 est
2407 1034 2554 1089 ratio
2586 1051 2811 1103 eorum,
2846 1060 2873 1087 ‹‹
2899 1053 2970 1094 ne
3000 1036 3258 1108 videant,
3281 1060 3309 1089 ιο
3342 1037 3401 1095 id
3431 1025 3543 1109 est,
3573 1056 3649 1101 ne

1991 1118 2324 1194 intelligant
2353 1122 2712 1192 veritatem,«
2727 1129 2785 1179 et
2803 1126 3046 1183 dorsum
3065 1143 3329 1206 eorum,»
3350 1126 3410 1185 id
3441 1116 3533 1186 est
3558 1118 3648 1187 ra-

1988 1208 2070 1264 tio
2093 1224 2296 1266 eorum
2319 1228 2446 1283 qua:
2466 1234 2493 1260 ‹‹
2518 1212 2760 1269 dorsum
2778 1236 2806 1262 »
2823 1213 3206 1287 dicitur,quia
3224 1216 3379 1273 sicut
3398 1217 3643 1279 dorsum

1988 1296 2244 1353 hominis
2275 1304 2535 1354 erectum
2562 1305 2672 1370 est,
2705 1302 2790 1356 sic
2837 1302 2966 1375 ipsa
3015 1305 3162 1359 ratio
3207 1322 3440 1379 semper
3470 1306 3643 1362 debet

1985 1386 2128 1459 erigi
2162 1388 2232 1443 ad
2264 1387 2647 1459 coelestia,sed
2678 1414 2707 1441 (ι
2740 1407 2973 1464 semper
3004 1415 3033 1441 »
3064 1396 3154 1449 est
3186 1416 3213 1445 α
3249 1392 3488 1452 incurva
3518 1417 3546 1444 »
3579 1393 3639 1449 in

1982 1476 2460 1548 concupiscentia
2488 1482 2875 1535 terrenorum.
2926 1506 2929 1509 -
3312 1468 3315 1471 Α
3417 1512 3422 1517 -
3471 1472 3476 1475 ’
3524 1471 3531 1477 ’

2053 1563 2181 1620 Alia
2219 1566 2528 1623 retributio
2562 1584 2576 1623 :
2609 1590 2637 1619 ς(
2670 1568 2941 1639 Eifunde,
2976 1591 3005 1619 »
3038 1569 3094 1625 id
3128 1574 3237 1640 est,
3270 1557 3640 1631 abundanter

1966 1652 2235 1709 immitte
2267 1678 2295 1704 «ι
2329 1671 2508 1728 super
2554 1672 2653 1712 eos
2688 1679 2717 1705 »
2761 1656 2832 1711 ad
2884 1657 3384 1730 compressionem
3432 1650 3635 1717 eorum

1977 1764 2004 1790 ‹‹
2041 1741 2189 1797 iram
2221 1746 2444 1813 tuam,»
2472 1743 2530 1799 id
2562 1748 2649 1800 est
2678 1743 2996 1800 vindictam
3027 1749 3211 1812 tuam,
3232 1751 3290 1801 et
3318 1743 3420 1801 illa
3438 1738 3633 1833 gravis

1975 1828 2052 1885 sit
2105 1830 2405 1900 diuturna,
2450 1855 2476 1881 κ
2509 1837 2566 1887 et
2624 1832 2786 1887 furor
2844 1832 2941 1889 ira;
3001 1837 3111 1890 tua:
3172 1828 3632 1909 comprehendat

1968 1934 2087 1974 eos.
2125 1942 2154 1968 ››

2040 2007 2182 2063 Item
2197 2007 2926 2065 retributiozﬂontinuatio:
2944 2010 3223 2067 «Etfunde
3235 2011 3383 2067 iram
3394 2008 3624 2081 tuam,»

1966 2095 2210 2167 scilicet,
2238 2096 2566 2152 «habitatio
2598 2114 2823 2163 eorum,
2854 2122 2881 2145 »
2913 2098 2972 2153 id
3002 2102 3092 2154 est
3121 2098 3353 2169 domus,
3387 2103 3444 2154 et
3474 2099 3624 2172 agri,

1965 2188 2021 2239 et
2044 2184 2249 2251 vinem,
2273 2209 2299 2234 ‹‹
2327 2186 2429 2241 fiat
2463 2186 2693 2241 deserta
2717 2209 2744 2235 »
2768 2187 2841 2241 ab
2863 2187 2968 2256 eis,
2993 2210 3021 2238 α
3043 2191 3102 2242 et
3131 2186 3191 2241 in
3224 2186 3622 2245 tabernaculis

1964 2291 2193 2344 eorum,
2226 2297 2253 2323 »
2284 2273 2342 2329 id
2392 2279 2483 2330 est
2532 2274 2592 2329 in
2643 2274 2975 2330 celebribus
3020 2274 3166 2332 locis
3207 2292 3435 2344 eorum,
3468 2279 3532 2333 ut
3562 2276 3621 2345 in

1963 2362 2205 2435 templo,
2238 2368 2295 2418 et
2325 2368 2706 2435 synagoga,et
2734 2363 3066 2436 capitolio,«
3094 2380 3206 2418 non
3240 2364 3318 2419 sit
3350 2387 3378 2414 »
3406 2363 3622 2438 aliquis

1960 2469 2164 2508 corum
2191 2476 2217 2503 «
2244 2452 2343 2524 qui
2374 2452 2722 2508 inhabitet.»
2753 2453 2917 2519 Quod
2948 2452 3110 2521 dicit,
3144 2476 3172 2502 ‹‹
3194 2451 3542 2522 inhabitet,»
3560 2457 3623 2509 et

1961 2557 2076 2595 non
2098 2557 2203 2613 per
2224 2558 2284 2596 se
2306 2539 2719 2608 habitet,notat
2749 2542 2902 2613 quod
2937 2558 3154 2615 magna
3183 2540 3484 2599 affectione
3514 2541 3620 2597 ha-

1959 2630 2151 2684 bitant
2175 2629 2233 2684 in
2259 2629 2403 2684 locis
2424 2628 2563 2684 illis.
2596 2629 2692 2684 Ha:
2723 2630 3050 2701 optationes
3081 2634 3221 2685 sunt
3249 2629 3309 2686 in
3341 2629 3427 2687 eis
3455 2628 3620 2687 com;

1957 2718 2150 2791 pletze,
2178 2717 2238 2772 in
2266 2718 2663 2773 destructione
2695 2717 2809 2773 Titi
2840 2723 2898 2774 et
2926 2717 3292 2791 Vespasiani.

2030 2806 2160 2862 Ilaec
2190 2805 2390 2860 omnia
2419 2804 2576 2861 mala
2605 2805 2733 2862 ideo
2764 2805 2849 2861 eis
2866 2805 3186 2878 cvenient,«
3210 2804 3491 2878 quoniam
3513 2804 3619 2881 per

1954 2893 2142 2951 secuti
2166 2898 2348 2949 sunt»
2370 2909 2465 2948 me
2477 2892 2691 2950 Filium
2703 2897 3121 2967 tuum,«quem
3134 2898 3197 2951 tu
3209 2894 3613 2967 percussisti,»

1956 2982 2297 3055 exponendo
2321 2998 2457 3036 eum
2487 2980 2744 3037 miseriis
2763 2981 2944 3053 hujus
2967 2982 3467 3052 mundi,faciendo
3484 3001 3615 3058 pas-

1956 3070 2183 3131 sibilem
2216 3074 2272 3125 et
2300 3068 2629 3137 mortalem,
2663 3093 2691 3120 α
2725 3074 2781 3126 et
2811 3088 2989 3145 super
3019 3069 3279 3129 dolorem
3300 3070 3613 3129 vulnerum"

1956 3175 2222 3216 meorum
2243 3159 2622 3215 addiderunt:
2642 3158 3544 3232 »vulnerabantChristum,eum
3557 3156 3610 3219 ei

1955 3248 2189 3304 nolebat
2208 3248 2463 3315 credere,
2492 3252 2550 3303 et
2570 3247 2705 3303 inde
2735 3247 2988 3317 dolebat,
3022 3238 3080 3304 et
3110 3272 3137 3299 α
3172 3238 3350 3322 super
3376 3272 3406 3302 τι
3437 3248 3609 3313 illum

1954 3362 1983 3389 κ
2008 3337 2268 3393 dolorem
2285 3358 2311 3385 »
2332 3334 2522 3391 multa
2549 3335 2706 3393 mala
2726 3336 2777 3393 ei
2801 3328 3361 3409 inferendo,dolores
3390 3332 3609 3399 multos

1953 3426 2101 3483 alios
2131 3449 2160 3476 ‹‹
2195 3425 2569 3482 addiderunt.
2602 3447 2632 3476 κ

2024 3515 2094 3570 Et
2114 3514 2253 3588 quia
2274 3513 2497 3571 malum
2521 3513 2665 3570 mihi
2688 3531 2863 3588 super
2893 3514 3118 3577 malum
3150 3516 3607 3588 «addiderunt,»

1954 3626 1982 3655 ι(
2008 3620 2187 3676 super
2200 3602 2575 3676 iniquitatem
2592 3620 2795 3662 eorum
2810 3627 2838 3654 υ
2862 3621 3041 3679 quam
3058 3606 3320 3667 fecerunt
3335 3605 3395 3668 in
3412 3596 3609 3665 servos

1953 3692 2169 3753 missos
2201 3691 2259 3747 in
2288 3691 2688 3765 vineam,quia
2716 3693 3031 3767 prophetas
3061 3694 3276 3754 missos
3295 3696 3366 3755 ad
3401 3712 3501 3753 eos
3521 3712 3611 3751 co-

1951 3778 2157 3837 lendos
2180 3780 2577 3849 occiderunt,»
2600 3786 2828 3853 appone
2850 3781 3221 3854 iniquitatem
3252 3806 3279 3833 ‹‹
3294 3782 3609 3853 aliam,sci-

1951 3870 2090 3926 licet
2131 3873 2207 3925 ut-
2227 3884 2321 3924 me
2363 3868 2558 3942 ipsum
2589 3868 2879 3925 haeredem
2910 3868 3091 3926 vinea“:
3120 3865 3496 3941 interficiant,
3530 3871 3605 3927 ad

1952 3957 2262 4014 cumulum
2293 3974 2413 4014 suae
2435 3956 2764 4029 nequitiam
2778 3960 2837 4013 et
2851 3973 2966 4012 non
2987 3956 3210 4013 intrent
3228 3955 3288 4011 in
3301 3947 3603 4029 justitiam

1950 4051 2137 4115 tuam,
2172 4068 2201 4096 »
2233 4045 2291 4101 id
2322 4049 2430 4115 est,
2463 4062 2580 4101 non
2606 4046 3018 4103 convertantur
3044 4044 3116 4101 ad
3148 4048 3229 4103 te.
3600 4038 3603 4041 “

2021 4134 2153 4190 Alia
2183 4133 2527 4217 retributio;
2557 4156 2584 4183 α
2600 4131 2916 4190 Deleantur
2937 4155 2966 4183 »
2988 4131 3166 4192 etiam
3189 4157 3217 4185 «
3238 4133 3310 4191 de
3326 4133 3498 4215 jibro
3524 4133 3610 4189 vi.

1956 4221 2242 4280 ventium.
2270 4245 2298 4271 »
2323 4222 2495 4278 Liber
2520 4221 2649 4278 vita
2685 4225 2775 4279 est
2802 4221 3169 4295 prmscientia
3195 4221 3320 4298 Dei,
3341 4222 3436 4280 cui
3468 4222 3616 4279 nihil

1953 4311 2169 4371 ascribi
2197 4309 2286 4368 vel
2345 4310 2524 4368 deleri
2574 4314 2784 4384 potest.
2819 4310 3035 4369 Omnes
3065 4311 3224 4368 enim
3254 4311 3315 4370 in
3336 4308 3443 4368 illo
3474 4328 3619 4384 prae-

1961 4400 2093 4459 sciti
2116 4404 2276 4470 sunt,
2299 4399 2388 4457 vel
2419 4400 2491 4456 ad
2522 4404 2799 4470 mortem,
2829 4399 2918 4457 vel
2951 4400 3024 4457 ad
3052 4399 3254 4470 vitam,
3282 4399 3384 4457 sed
3414 4416 3623 4457 secun—

1959 4494 2103 4549 dum
2128 4488 2423 4562 judicium
2457 4488 2790 4546 humanum
2824 4487 3064 4561 quidam
3086 4488 3367 4547 dicuntur
3386 4488 3625 4557 ascribi,

191 4578 372 4639 lutem
405 4597 631 4653 eorum,
665 4598 780 4638 non
826 4580 1035 4638 habuit
1082 4582 1458 4639 refectionem
1508 4600 1576 4639 ex
1605 4584 1709 4655 eis,
1745 4585 1845 4642 sed
1877 4595 1929 4664 Β
1960 4581 2202 4656 quidam
2227 4577 2784 4635 deleri.Judicamus
2810 4575 2964 4634 enim
2978 4577 3447 4650 quosdam,quos
3460 4577 3626 4652 prius

180 4671 585 4732 exhibuerunt
614 4672 666 4728 ei
699 4687 932 4729 amaros
961 4675 1020 4727 et
1049 4671 1210 4728 diros
1240 4688 1454 4728 mores.

265 4784 292 4810 ‹‹
328 4761 457 4818 Fiat
487 4777 693 4817 mensa
722 4777 986 4816 eorum.»
1020 4759 1160 4817 Pars
1187 4762 1805 4833 quarta.Continuatio
1836 4765 1848 4803 ε

195 4847 378 4905 Judaei
403 4850 694 4907 dederunt
715 4848 862 4906 mihi
886 4847 1101 4904 malam
1119 4855 1400 4918 escam,et
1424 4850 1636 4907 malam
1651 4869 1846 4908 escam

197 4937 354 4995 dedit
383 4939 468 4995 eis
499 4939 740 5008 Deus,et
765 4938 873 4995 hoc
905 4943 1016 5007 est,
1052 4962 1078 4988 α
1116 4956 1322 4994 mensa
1351 4956 1612 5007 eorum,»
1646 4941 1703 4996 id
1735 4947 1844 5011 est,

196 5028 483 5101 scriptura
513 5044 887 5103 eorum,quae
917 5032 1008 5083 est
1037 5028 1121 5083 eis
1151 5029 1450 5101 proposita
1482 5030 1554 5084 ad
1587 5031 1848 5086 refectio-

199 5132 382 5186 nem,“
400 5119 501 5174 fiat
522 5117 916 5174 illianudaais
937 5142 963 5166 «ι
992 5116 1051 5173 in
1074 5116 1417 5190 laqueum,»
1443 5124 1507 5175 ut
1528 5139 1630 5193 per
1659 5122 1846 5193 ipsam

196 5205 411 5263 scilicet
468 5206 864 5279 illaqueentur
909 5211 967 5261 et
1014 5207 1456 5278 convincantur,
1492 5210 1647 5281 sicut
1679 5210 1850 5267 hodie

199 5295 547 5368 completum
571 5301 660 5352 est
680 5295 739 5351 in
763 5295 869 5365 illi,
889 5312 1027 5351 nam
1051 5296 1363 5353 Christiani
1397 5315 1497 5354 eos
1527 5316 1631 5371 per
1660 5298 1848 5372 legem

198 5385 512 5455 saepissime
541 5400 738 5443 errare
768 5384 1142 5453 convincunt,
1179 5390 1239 5442 et
1268 5385 1413 5459 legis
1445 5386 1639 5460 gladio
1663 5387 1849 5462 legem

201 5469 1010 5546 ebservantesjugulant;fiat
1040 5498 1067 5523 ‹‹
1092 5474 1270 5529 etiam
1301 5498 1327 5525 »
1360 5476 1445 5531 eis
1475 5500 1500 5525 ‹‹
1528 5475 1586 5530 in
1610 5476 1855 5533 retribu-

205 5557 445 5632 tiones,»
467 5562 606 5636 quia
618 5562 862 5636 prolege
875 5579 1053 5635 quam
1066 5580 1180 5619 non
1195 5564 1557 5635 custodiunt,
1584 5564 1738 5622 Deus
1768 5567 1852 5622 eis

206 5650 354 5710 mala
376 5653 732 5723 retribuit,et
759 5653 867 5710 has
896 5653 1311 5712 retributiones
1341 5654 1700 5731 exsequitur,
1733 5680 1762 5710 «
1795 5660 1854 5717 et

519 5781 788 5845 PATBOL.
835 5779 1036 5844 CXVI.

1962 4670 2149 4727 malos
2177 4668 2461 4738 vidimus,
2482 4667 2532 4723 si
2567 4670 3002 4734 convertantur,
3023 4670 3080 4723 et
3107 4666 3255 4723 bene
3287 4670 3621 4740 operentur,

1963 4760 2118 4833 quod
2156 4764 2295 4815 tunc
2337 4758 2395 4812 in
2427 4757 2578 4812 libro
2607 4755 2733 4812 vitae
2766 4754 3138 4812 ascribantur
3161 4774 3174 4825 ;
3200 4755 3256 4812 si
3291 4760 3485 4813 autem
3517 4756 3619 4828 qui

1962 4849 2129 4922 prius
2153 4847 2289 4903 boni
2319 4845 2571 4918 reputati
2599 4849 2757 4913 sunt,
2790 4845 2861 4900 ad
2910 4843 3132 4899 malum
3181 4845 3613 4912 convertantur,

1957 4956 2056 4995 eos
2087 4938 2157 4992 de
2188 4936 2338 4991 libro
2368 4936 2497 4991 vita)
2530 4932 2752 4989 deletos
2783 4951 2909 4990 esse
2929 4933 3289 5005 judieamus,
3323 4936 3380 4988 et
3406 4949 3617 4988 secun-

1957 5030 2101 5085 dum
2124 5026 2233 5081 hoc
2257 5024 2397 5081 dicit
2425 5041 2437 5077 :
2473 5048 2499 5073 ‹‹
2518 5023 2868 5079 Deleantur»
2890 5023 3001 5095 ipsi
3021 5022 3335 5079 Judaeiude
3354 5021 3503 5076 libro
3532 5019 3613 5076 vi-

1958 5116 2217 5173 ventium
2237 5138 2263 5163 ›»
2279 5114 2519 5180 scilicet,
2542 5112 2633 5167 lex
2653 5112 2993 5183 eorum,qui
3015 5111 3338 5184 priusjusti
3363 5110 3615 5183 reputati

1959 5203 2356 5275 sunt,inutilis
2388 5207 2445 5257 et
2466 5202 2751 5257 damnosa
2776 5204 3070 5273 appareat,
3086 5220 3107 5248 α
3123 5205 3181 5256 et
3200 5217 3335 5256 cum
3352 5199 3559 5271 justis,
3586 5220 3615 5247 »

1958 5297 2017 5351 id
2065 5300 2155 5351 est
2202 5292 2497 5367 gentibus,
2542 5314 2569 5339 ‹‹
2603 5308 2718 5345 non
2770 5290 3104 5346 scribantur
3137 5312 3165 5339 »
3216 5288 3426 5360 Judaei,
3479 5288 3619 5361 quia

1960 5389 2164 5459 gentes
2196 5397 2405 5438 novam
2434 5380 2620 5451 legem
2646 5379 2956 5451 recipiunt,
2988 5397 3092 5452 per
3127 5380 3285 5452 quod
3317 5375 3530 5435 ascribi
3557 5377 3617 5433 in

1960 5474 2109 5530 libro
2132 5471 2258 5528 vitae
2272 5470 2647 5544 judicantur:
2673 5468 2859 5524 Judaei
2892 5485 3007 5523 non
3036 5469 3398 5539 scribuntur,
3425 5467 3616 5540 id'est,

1962 5580 2077 5620 non
2108 5560 2400 5636 recipiunt
2440 5556 2900 5628 innovationem,
2931 5573 3111 5632 quam
3162 5557 3428 5616 salvandi
3460 5556 3621 5625 acci-

1960 5653 2149 5732 piunt.

3224 5777 3303 5840 M
