3936 6384
340 391 460 454 427

729 391 1140 454 HAYMONIS
1176 388 1729 451 HALBERSTAT.
1763 379 2011 446 EPISG-
2043 380 2220 445 ΟΡΡ.
2257 388 2486 452 PARS.
2519 392 2569 452 Ι.
2602 426 2682 437 -
2709 393 3119 455 COMMENT.
3152 395 3353 457 BlBL.

3646 395 3756 456 428

411 525 576 597 «Ego
598 540 730 581 sum
750 523 1176 597 pauper.-Pars
1198 523 1422 594 quinta.
1445 519 1841 577 Continuatio.
1864 517 1987 574 Illis
2012 514 2074 583 Α
2101 517 2432 590 pbetarum,
2467 548 2495 575 ‹‹
2510 527 2837 598 possidebit
2867 544 2997 584 eam
3026 532 3056 577 »ἱ
3086 529 3313 596 Sion,et
3341 528 3599 585 ostendit
3615 545 3756 602 quos

341 612 425 668 ita
444 613 765 686 contingat,
781 627 887 684 ego
911 615 1107 667 autem
1131 611 1301 667 aliter
1322 627 1550 667 mereor
1571 610 1643 666 ad
1669 626 1818 681 Opus
1850 624 2001 663 meo-

341 717 496 772 rum,
517 700 656 774 quia
688 723 717 751 ‹‹
750 714 856 774 ego
886 716 1020 756 sum
1052 716 1277 773 pauper
1308 722 1336 750 »
1370 716 1473 772 pro
1504 699 1590 755 eis
1613 698 1798 771 justis
1828 713 2001 752 mun-

340 789 709 846 danis.Unde
735 788 1051 861 Apostolus
1077 806 1090 845 :
1125 813 1151 839 «
1177 789 1446 845 Christus
1477 804 1613 844 cum
1642 787 1804 843 dives
1824 789 2000 857 esset,

338 894 562 953 pauper
606 894 711 950 pro
761 878 933 934 nobis
981 878 1174 935 factus
1225 882 1316 934 est
1364 878 1437 949 (II
1465 878 1586 933 Cor.
1619 876 1780 949 vm):
1814 898 1840 924 »
1884 897 1913 924 ‹‹
1945 880 2004 930 et

336 967 516 1024 etiam
553 982 690 1023 sum
739 965 945 1023 dolens
977 989 1005 1018 »
1038 967 1111 1023 de
1140 966 1523 1023 excmcationc
1552 963 1797 1021 humani
1825 978 1998 1036 gene-

337 1057 504 1127 ris,et
525 1073 629 1130 per
646 1056 758 1113 hoc
786 1056 1251 1130 promerebatur,
1272 1062 1338 1112 ut
1368 1055 1461 1111 sui
1493 1051 1997 1120 salvarentur,sed

336 1151 600 1217 tamen,o
625 1168 653 1198 «
676 1145 856 1218 Deus,
879 1144 1042 1202 salus
1065 1149 1221 1214 tua,»
1241 1144 1301 1200 id
1323 1149 1413 1201 est
1434 1142 1615 1200 Filius
1636 1146 1796 1210 tuus,
1822 1166 1847 1190 ‹‹
1875 1158 2002 1197 sus-

337 1234 495 1310 cepit
514 1251 609 1293 me
635 1257 666 1287 »
701 1251 891 1307 usque
913 1235 986 1290 ad
1011 1233 1440 1290 confessionem
1462 1233 1565 1289 Dei
1589 1231 1799 1296 Patris,
1820 1234 1877 1285 et
1897 1246 2000 1302 per

336 1325 449 1383 hoc
474 1323 734 1382 ostendit
761 1323 1084 1397 potentiam
1117 1338 1235 1395 qua
1263 1321 1452 1395 possit
1481 1320 1705 1376 salvere
1728 1336 1887 1375 suos.

415 1415 488 1471 Et
508 1413 647 1486 quia
667 1435 695 1464 ‹‹
721 1411 883 1468 salus
914 1415 1017 1467 tua
1038 1427 1132 1467 mc
1162 1410 1481 1483 suscepit,»
1502 1410 1632 1465 ideo
1656 1432 1677 1459 ι
1699 1407 1952 1464 laudabo
1968 1430 1996 1456 »

336 1504 399 1560 in
430 1501 580 1560 meis
609 1524 638 1553 «
672 1517 886 1558 nomen
936 1500 1037 1556 Dei
1086 1517 1223 1556 cum
1272 1499 1524 1567 cantico,
1556 1521 1586 1548 »
1615 1498 1674 1553 id
1726 1500 1815 1553 est
1857 1512 1995 1553 cum

337 1590 782 1663 exsultatione,«
797 1593 854 1646 et
869 1588 930 1646 in
949 1588 1124 1646 laude
1144 1612 1171 1638 »
1194 1588 1295 1645 illa
1316 1611 1344 1639 «
1371 1586 1760 1660 magniﬁcabo
1781 1602 1938 1654 cum,
1965 1609 1994 1635 »

335 1682 395 1739 id
426 1684 535 1752 est,
555 1695 839 1754 magnum
871 1683 928 1735 et
957 1678 1418 1753 omnipotentem
1445 1675 1848 1750 prcedicabunt
1879 1674 1994 1731 mei

333 1786 470 1830 eum
478 1810 493 1827 .

2111 625 2308 665 semen
2340 617 2521 679 vocet,
2553 614 2638 670 sic
2673 632 2685 671 :
2725 634 2748 664 α
2781 616 2881 688 qui
2912 616 3168 689 diligunt
3198 634 3412 673 nomen
3458 618 3609 690 ejus,
3646 640 3672 668 »
3704 618 3755 675 id

2111 703 2200 755 est
2230 700 2353 770 Dei,
2387 726 2415 754 «
2450 704 2807 762 babitabunt
2836 705 2896 761 in
2927 721 3016 763 ea.

2594 848 2669 902 IN
2710 846 3059 904 PSALMUM
3102 848 3284 905 LXIX.

2110 951 2387 1008 Trruws.
2420 958 2487 1008 In
2515 954 2681 1026 ﬁnem
2707 956 2953 1026 psalmus
2979 954 3155 1011 David
3193 955 3253 1010 in
3300 958 3757 1026 rememoratione,

2385 1041 2446 1082 eo
2476 1026 2618 1099 quod
2645 1026 2863 1083 salvum
2887 1028 3020 1100 fecit
3045 1042 3172 1083 eum
3199 1027 3489 1084 Dominus.

2185 1167 2206 1195 ι
2233 1146 2389 1203 Deus
2412 1146 2473 1203 in
2511 1149 2871 1221 adjutorium
2902 1165 3124 1207 meum.
3154 1173 3176 1201 ι
3205 1149 3475 1209 Psalmus
3497 1151 3607 1209 iste
3635 1172 3759 1210 con-

2105 1234 2266 1290 venit
2292 1236 2496 1303 David,
2530 1237 2589 1293 id
2621 1242 2711 1295 est
2733 1239 2895 1295 omni
2936 1239 3124 1311 justo,
3156 1239 3297 1312 quia
3352 1240 3447 1297 hic
3503 1241 3759 1315 loquitur

2108 1322 2353 1395 quilibet
2374 1327 2876 1400 justus,psalmus
2906 1328 3036 1385 dico
3066 1328 3309 1387 habitus
3336 1330 3396 1385 in
3418 1347 3757 1391 rememora-

2105 1412 2492 1481 tione,habita
2513 1416 2583 1473 de
2599 1433 2666 1474 eo
2689 1418 2845 1490 quod
2877 1417 3106 1475 salvum
3127 1418 3265 1475 fecit
3288 1436 3425 1476 eum
3453 1420 3752 1480 Dominus.

2106 1501 2330 1559 Memor
2352 1504 2512 1560 enim
2543 1505 2881 1562 salvationis
2906 1510 2966 1563 et
2989 1507 3430 1576 beneficiorum,
3450 1526 3577 1582 quis
3606 1510 3756 1567 Deus

2105 1590 2353 1647 contulit
2373 1594 2789 1661 mundo,sicut
2818 1594 2878 1651 in
2910 1594 3023 1652 alio
3055 1595 3286 1669 psalmo
3316 1602 3621 1656 ostensum
3651 1603 3757 1666 est,

2104 1696 2346 1738 securus
2367 1681 2512 1755 petit
2535 1682 2793 1750 liberari,
2816 1681 2953 1740 licet
2981 1683 3171 1741 multa
3201 1684 3359 1743 mala
3378 1703 3620 1761 urgean.
3646 1687 3761 1744 Ma-

2103 1769 2249 1825 teria
2279 1774 2369 1827 est
2401 1770 2649 1844 quilibet
2661 1772 2992 1846 justus,qui
3015 1772 3370 1845 loquitur.In
3392 1775 3586 1849 prima
3600 1778 3759 1849 parte

501 1858 637 1954 laus
666 1858 769 1916 illa
787 1882 827 1954 _«
860 1857 1260 1954 placebitDeo
1294 1879 1322 1906 »
1357 1872 1535 1928 super
1583 1852 1993 1954 omnedegale
2021 1885 2070 1954 Β
2103 1858 2249 1931 petit
2296 1858 2533 1916 liberari
2586 1878 2619 1917 a
2669 1861 2842 1918 malis
2891 1861 3276 1931 instantibus,
3305 1868 3365 1921 et
3386 1863 3761 1921 inimicorum

335 1948 896 2019 saerificium,ethoc
910 1945 1167 2004 ostendit
1183 1963 1286 2019 per
1301 1949 1529 2019 partem
1542 1944 1963 2001 sacriﬁciorum
1974 1987 1988 2013 ,

236 2108 241 2113 τ
334 2056 472 2096 cum
497 2037 695 2108 dicit,«
710 2053 890 2111 super
915 2035 1167 2092 vitulum
1198 2033 1494 2092 novellum
1527 2051 1747 2091 cornua
1776 2032 1990 2106 produ-

334 2132 563 2186 centem
594 2130 654 2183 et
681 2124 958 2200 ungulas.
977 2148 1005 2175 »
1035 2124 1326 2197 Allegoria
1356 2122 1532 2195 hujus
1564 2123 1700 2179 talis
1728 2125 1837 2190 est,
1860 2121 1995 2178 licet

335 2218 431 2274 hic
445 2232 561 2274 non
571 2213 1128 2272 habeatlocum.Per
1147 2212 1395 2268 vitulum
1416 2211 1585 2267 illum
1606 2209 1992 2282 intelligimus

332 2300 1792 2381 populuminnovatum,per«cornua,iimunimenta
1804 2298 1993 2354 Eccle-

332 2392 681 2467 siaa,quibus
708 2388 840 2464 ipsa
869 2391 1171 2447 mundana
1198 2389 1321 2446 haec
1337 2388 1822 2458 contemnit,cum
1847 2388 1992 2443 dicit

332 2508 362 2536 «
396 2484 838 2559 producentem,
865 2502 893 2531 ››
925 2479 1221 2553 signiﬁcat
1250 2482 1484 2536 sanctos
1513 2477 1573 2533 in
1605 2476 1989 2533 munimentis

331 2572 565 2646 semper
592 2570 924 2646 procedere,
958 2568 1018 2625 id
1049 2573 1159 2638 est,
1193 2584 1472 2623 crescere.

400 2660 565 2730 Dico,
592 2675 721 2733 qua:
752 2681 779 2710 ‹‹
814 2656 1067 2732 placebit
1094 2656 1210 2714 Deo
1243 2673 1421 2728 super
1447 2654 1760 2723 vitulum,»
1791 2658 1848 2710 et
1876 2654 1987 2711 hoc

327 2749 621 2819 videant,»
650 2748 710 2804 id
741 2745 1192 2820 est,intelligant
1221 2769 1249 2796 ‹‹
1284 2761 1573 2819 pauperes
1588 2767 1616 2795 »
1648 2744 1748 2817 qui
1776 2745 1847 2801 de
1870 2743 1987 2801 illis

329 2837 690 2897 animalibus
720 2852 837 2894 non
867 2839 1137 2910 poterant
1166 2833 1456 2891 sacrificia
1501 2833 1709 2903 facere,
1742 2856 1770 2883 ‹‹
1804 2836 1861 2889 ct
1888 2832 1985 2889 lea-

329 2931 563 2985 teritur:
584 2926 839 2985 scientes
869 2925 1045 2982 modo
1072 2924 1261 2997 magis
1292 2940 1464 2996 posse
1495 2922 1724 2996 placere
1744 2922 1861 2979 Deo
1883 2940 1988 2996 per

319 3015 836 3090 justitiam,quam
868 3014 1077 3071 divites
1106 3030 1210 3086 per
1236 3012 1450 3069 vitulos
1482 3029 1496 3068 :
1531 3017 1590 3069 ct
1619 3012 1905 3069 convertit
1922 3028 1985 3071 se

326 3105 401 3164 ad
414 3105 575 3180 ipsos
588 3128 617 3155 «ι
632 3120 978 3179 pauperes,»
992 3106 1222 3172 eto,vos
1251 3122 1273 3152 ι
1298 3118 1606 3175 pauperes,
1629 3124 1657 3151 »
1682 3100 1792 3158 hoc
1812 3101 1984 3158 intel-

325 3194 597 3269 ligentes,
630 3217 660 3247 «
688 3192 931 3267 quaerite
963 3192 1172 3262 Deum,
1205 3195 1263 3249 et
1308 3191 1458 3249 vivet
1501 3190 1699 3249 anima
1725 3196 1921 3250 vestra
1953 3215 1980 3243 »

323 3299 462 3343 vera
481 3284 621 3342 vita.

395 3374 468 3430 Et
486 3371 702 3430 debent
722 3395 749 3425 κ
764 3387 1052 3446 pauperes
1068 3395 1090 3422 ι
1107 3370 1313 3439 lzetari,
1341 3394 1362 3421 ι
1380 3370 1661 3445 quoniam
1689 3371 1986 3428 exaudivit

322 3478 611 3535 pauperes
633 3460 1004 3528 Dominus,et
1021 3459 1247 3517 vinctos
1271 3484 1293 3514 ι
1320 3458 1381 3516 in
1403 3459 1677 3533 peccatis,
1702 3477 1806 3533 per
1825 3462 1983 3533 quod

319 3551 660 3610 viderentur
696 3547 1045 3624 repudiandi
1078 3565 1112 3605 a
1141 3548 1280 3618 Deo,
1315 3572 1343 3599 «
1377 3566 1495 3607 non
1529 3549 1792 3622 despexit
1814 3576 1836 3604 ι
1876 3550 1983 3607 Do-

320 3638 558 3698 minus:
583 3662 613 3690 «
635 3638 861 3696 vinctos
886 3659 914 3687 »
942 3636 1071 3694 dico
1103 3660 1131 3688 ‹‹
1165 3654 1326 3704 suos,
1363 3660 1389 3688 »
1421 3637 1479 3693 id
1510 3642 1621 3705 est,
1655 3641 1981 3711 quaerentes

319 3745 479 3798 eum,
500 3732 558 3786 et
581 3726 851 3801 quamvis
872 3726 993 3784 sint
1012 3726 1188 3784 vincti
1223 3727 1280 3782 in
1312 3726 1588 3799 peccatis,
1611 3730 1807 3784 tamen
1831 3729 1982 3802 aspi-

319 3821 455 3876 rant
473 3818 547 3875 ad
578 3833 736 3875 eum.

390 3930 421 3960 «
433 3907 727 3981 Pauperes
739 3905 1051 3974 exaudivit,
1070 3928 1097 3956 »
1117 3908 1175 3963 et
1187 3905 1364 3962 etiam
1378 3905 1599 3963 salvam
1623 3907 1793 3965 faciet
1815 3907 1975 3977 Sion,

317 4000 378 4057 et
406 3996 546 4071 quia
575 4012 670 4055 res
699 4012 917 4070 magna
945 3998 1072 4052 erat
1103 4012 1281 4067 quam
1312 3995 1560 4063 dicebat,
1593 3998 1881 4071 praeponit
1905 3999 1976 4056 de

314 4086 428 4144 hac
458 4103 520 4145 re
550 4086 868 4159 quamdam
899 4083 1463 4153 admonitionem,ut
1491 4086 1683 4142 omnis
1710 4092 1979 4145 creatura

315 4172 521 4232 laudet
566 4173 702 4231 inde
748 4173 956 4243 Deum,
1008 4176 1065 4230 et
1111 4172 1220 4231 hoc
1270 4176 1407 4231 est:
1458 4196 1486 4225 «
1523 4172 1764 4232 laudent
1806 4175 1975 4232 illum

316 4263 469 4334 caali,
504 4286 533 4316 »
569 4262 628 4321 id
669 4266 759 4321 est
805 4261 1091 4331 caelestes,
1124 4284 1153 4313 ‹‹
1188 4264 1244 4319 et
1274 4264 1446 4330 terra,
1479 4279 1660 4331 mare,
1691 4267 1748 4321 et
1777 4265 1977 4322 omnia

315 4352 549 4428 reptilia
575 4352 638 4409 in
668 4351 776 4411 eis.
805 4373 834 4403 »
865 4351 1050 4409 Homo
1080 4349 1447 4408 rationabilis
1478 4357 1746 4409 creatura
1774 4352 1977 4411 laudet

312 4442 656 4510 Dominum,
690 4444 748 4499 et
777 4457 882 4513 per
929 4439 1232 4497 hominem
1276 4440 1471 4497 omnis
1514 4446 1803 4509 creatura,
1837 4443 1975 4516 quia

314 4533 444 4606 ipsa
465 4530 799 4589 substantia
828 4528 1055 4588 homini
1087 4533 1176 4585 est
1204 4546 1590 4601 causa,quare
1619 4530 1743 4602 ipsc
1774 4531 1973 4589 laudet

2103 1948 2564 2005 conversionem.
2581 1951 2645 2005 in
2659 1951 2919 2006 secunda
2931 1954 3114 2024 parte,
3140 1968 3269 2024 quas
3282 1952 3489 2025 incipit
3502 1970 3516 2009 :
3528 1952 3765 2011 cExsul-

2102 2040 2229 2092 tent
2247 2042 2305 2092 et
2340 2036 2627 2103 laetentur,
2666 2060 2687 2089 ιο
2725 2038 2870 2111 petit
2901 2042 3116 2094 aeterna
3145 2039 3450 2106 beneﬁcia,
3482 2044 3541 2095 et
3569 2042 3765 2097 reddit

2102 2142 2377 2181 securum
2408 2142 2471 2182 se
2502 2143 2636 2181 cum
2669 2126 2811 2181 dicit
2842 2142 2856 2183 :
2889 2126 3033 2181 Ecce
3065 2124 3220 2182 Deus
3250 2126 3492 2198 adjuvat
3518 2143 3634 2183 me.
3670 2130 3769 2185 In-

2102 2214 2296 2269 tendit
2316 2231 2424 2270 nos
2445 2231 2686 2270 securos
2703 2214 2944 2270 reddere
2967 2213 3038 2268 de
3058 2217 3273 2270 aeterno
3298 2215 3470 2283 bono,
3490 2218 3765 2288 quamvis

2102 2319 2418 2374 urgeamur
2438 2319 2545 2357 nos
2568 2301 2699 2358 istis
2722 2300 2992 2358 malis.Et
3010 2301 3189 2358 dicit:
3220 2325 3241 2351 ιι
3268 2303 3423 2359 Deus
3446 2303 3706 2374 intende,
3733 2330 3756 2360 ι

2099 2389 2158 2445 id
2184 2390 2591 2456 est,intentum
2626 2393 2679 2445 te
2710 2390 2920 2463 praebe,
2950 2390 3303 2447 conferendo
3332 2392 3607 2464 gratiam,
3644 2417 3665 2445 ι
3699 2395 3759 2451 in

2099 2477 2457 2550 adjutorium
2472 2482 2775 2536 meum-ut
2789 2479 2859 2536 ad
2875 2480 3207 2551 superanda
3218 2481 3490 2553 urgentia
3500 2481 3655 2540 mala
3666 2498 3761 2540 me

2099 2567 2502 2639 adjuves,cum
2527 2567 2690 2634 dicit,
2717 2591 2737 2617 «ι
2756 2567 2815 2623 in
2840 2568 2908 2623 ad
2909 2568 3201 2639 jutorium
3225 2585 3424 2625 meum
3445 2569 3705 2638 intende,
3732 2593 3756 2622 ο

2097 2656 2357 2733 ostendit
2386 2672 2449 2712 se
2480 2656 2703 2729 aliquid
2735 2657 2963 2729 operari
2995 2672 3100 2729 per
3139 2657 3453 2715 arbitrium
3484 2658 3758 2725 liberum,

2097 2750 2156 2802 et
2166 2746 2311 2818 petit
2323 2744 2588 2801 divinum
2603 2744 2886 2801 auxilium
2902 2745 2973 2801 ad
2986 2747 3446 2819 cooperandum,
3460 2747 3589 2805 dico
3616 2772 3637 2799 ι
3667 2748 3752 2805 in-

2096 2834 2290 2901 tende,
2323 2838 2380 2891 et
2409 2833 2624 2890 festina
2655 2834 2727 2890 ad
2760 2851 2853 2890 mc
2884 2834 3309 2906 adjuvandum.
3344 2855 3365 2885 ι

2167 2924 2258 2980 Me
2287 2922 2608 2995 adjuvabit,
2641 2927 2699 2979 et
2729 2923 2838 2979 hoc
2860 2923 3123 2980 videntes
3157 2944 3179 2973 ι
3204 2924 3305 2997 qui
3338 2929 3607 2997 quaerunt
3637 2923 3762 2982 ani-

2095 3030 2254 3069 mam
2285 3028 2478 3068 meum
2494 3038 2515 3066 ι
2538 3017 2603 3068 ut
2621 3011 2834 3068 tollant
2854 3028 2983 3068 eam
3000 3029 3013 3067 :
3029 3017 3088 3069 et
3114 3012 3224 3070 hoc
3256 3015 3487 3087 proprie
3507 3018 3759 3087 possunt

2094 3103 2287 3159 dicere
2315 3105 2624 3175 martyres,
2655 3123 2678 3153 ι
2700 3102 3139 3158 confundantur
3163 3125 3184 3153 ιι
3227 3103 3299 3159 de
3329 3103 3582 3176 peccatis
3606 3104 3756 3170 suis,

2099 3213 2121 3243 ι
2158 3196 2216 3248 et
2245 3194 2639 3258 revereantur,
2681 3213 2702 3241 ι
2736 3190 2793 3246 id
2826 3194 2936 3257 est,
2968 3189 3215 3269 timeant
3242 3195 3301 3248 te
3322 3191 3606 3264 judicem.

2008 3254 2054 3326 (ἶ
2165 3280 2237 3336 Et
2265 3296 2382 3336 non
2414 3278 2608 3336 solum
2636 3279 2699 3336 hi
2734 3303 2755 3331 ι
2775 3284 3049 3352 quaerunt
3077 3254 3345 3338 animam
3367 3297 3612 3349 meam,»
3648 3280 3753 3338 sed

2094 3370 2271 3427 etiam
2291 3369 2354 3425 hi
2383 3389 2414 3422 ι
2447 3369 2550 3442 qui
2580 3368 2785 3425 volunt
2814 3368 2962 3425 mihi
2994 3368 3151 3425 mala
3182 3373 3518 3426 avertantur
3546 3373 3758 3426 retror-

2093 3477 2227 3517 sum
2264 3482 2285 3510 ι
2321 3476 2355 3516 a
2384 3459 2682 3532 preposito
2723 3476 2853 3525 suo,
2893 3481 2914 3509 ι
2947 3463 3006 3516 et
3051 3459 3422 3529 erubescant,
3459 3480 3479 3508 ι
3532 3458 3590 3514 id
3636 3463 3749 3525 est,

2092 3549 2355 3607 conversi
2376 3548 2634 3606 habeant
2659 3547 3129 3605 erubescentiam
3152 3547 3223 3604 de
3265 3545 3437 3605 malis
3459 3563 3586 3620 quae
3606 3548 3758 3606 fece-

2091 3642 2248 3697 runt.
3146 3628 3152 3639 “

2159 3729 2232 3784 Et
2251 3726 2427 3784 etiam
2451 3726 2536 3782 illi
2557 3746 2587 3780 ι
2612 3725 2714 3799 qui
2740 3726 2949 3784 dicunt
2979 3725 3147 3793 mihi,
3181 3749 3204 3781 ι
3243 3726 3301 3781 id
3333 3729 3424 3784 est
3446 3726 3517 3782 ad
3550 3742 3752 3783 meum

2088 3818 2364 3887 dedecus,
2404 3841 2425 3866 α
2462 3833 2628 3890 euge,
2652 3832 2859 3889 euge,»
2899 3816 2957 3872 id
2989 3819 3079 3873 est
3109 3815 3275 3883 bene,
3305 3815 3473 3882 bene,
3505 3832 3643 3871 cum
3675 3814 3755 3872 vi-

2087 3908 2229 3964 dent
2273 3906 2471 3979 aliqua
2519 3905 2676 3962 mala
2723 3905 2973 3973 evenire,
3008 3903 3361 3962 insultantes
3390 3904 3462 3972 ei,
3494 3904 3704 3961 dicunt
3736 3920 3749 3961 :

2086 3998 2231 4054 Ecce
2252 3999 2496 4069 apparet
2517 3995 2672 4068 quod
2697 4012 2813 4052 non
2838 3995 2917 4051 sit
2938 3995 3149 4061 bonus,
3173 3993 3287 4066 ipsi
3317 3993 3467 4050 tales
3487 4016 3513 4043 ‹‹
3545 3993 3753 4050 erube-

2086 4090 2315 4142 scentes
2375 4087 2713 4142 avertantur
2770 4083 2993 4151 statim,
3032 4108 3055 4137 ι
3091 4082 3149 4138 id
3181 4087 3273 4139 est
3300 4081 3426 4138 sine
3464 4098 3652 4150 mora,
3685 4085 3752 4138 ut

2085 4193 2290 4234 eorum
2330 4174 2630 4232 conversio
2681 4191 2798 4230 non
2849 4176 3128 4230 moretur.
3164 4171 3289 4239 Vel,
3330 4191 3353 4221 ι
3386 4171 3485 4245 qui
3518 4171 3746 4239 dicunt,

2090 4281 2296 4337 «euge,
2321 4280 2486 4336 euge,
2512 4260 3110 4334 iiapplaudcntesillis
3123 4259 3394 4333 quimala
3406 4259 3650 4328 faciunt,
3683 4264 3748 4315 ut

2083 4355 2133 4410 si
2152 4353 2366 4426 aliquis
2385 4354 2651 4409 destruat
2667 4350 2986 4417 civitatem,
3010 4354 3068 4405 et
3087 4349 3286 4405 dicant
3306 4349 3387 4405 ei:
3413 4348 3499 4405 Ah
3518 4348 3531 4404 ι
3565 4364 3746 4421 quam

2082 4445 2229 4501 bene
2259 4442 2479 4499 factum
2511 4445 2621 4507 est,
2655 4441 2803 4496 bene
2836 4439 3097 4513 quidem.
3126 4438 3227 4496 Vel
3260 4438 3345 4495 eis
3376 4437 3476 4510 qui
3507 4437 3631 4493 haec
3662 4438 3743 4493 fa-

2080 4532 2245 4589 ciunt
2274 4529 2518 4598 mihi,ad
2540 4531 2828 4586 damnum
2851 4527 3218 4601 meum,quia
3240 4543 3443 4583 eorum
3460 4526 3744 4598 iniquitas

313 4621 652 4689 Dominum,
678 4619 832 4693 quod
856 4619 971 4676 nisi
995 4617 1170 4675 homo
1204 4618 1463 4676 salvatus
1491 4623 1664 4688 esset,
1686 4620 1847 4677 nulla
1881 4640 1972 4680 res
1999 4632 2048 4699 D
2080 4627 2169 4678 est
2198 4622 2482 4677 damnum
2514 4637 2731 4675 meum.

311 4708 581 4767 laudaret
608 4708 947 4767 Dominum.

386 4800 520 4856 Ideo
544 4823 570 4850 ‹‹
587 4797 1132 4870 laudent,quoniam
1154 4798 1307 4853 Deus
1324 4796 1544 4854 salvam
1566 4798 1737 4856 faciet
1754 4801 1913 4870 Sion,
1942 4826 1964 4853 ι

312 4890 372 4945 id
416 4893 524 4957 est,
559 4888 953 4961 speculantes,
987 4886 1212 4944 scilicet
1259 4886 1599 4955 Ecclesium,
1653 4912 1679 4937 ‹‹
1714 4895 1770 4945 et
1806 4914 1832 4939 ››
1882 4892 1968 4947 illi

313 4977 520 5037 salvati
570 4994 687 5033 non
736 4981 908 5032 erunt
957 4976 1149 5049 pauci,
1186 4977 1283 5032 sed
1335 4994 1438 5049 per
1470 4978 1628 5049 ipsos
1668 5003 1687 5029 α
1726 4981 1970 5037 aedifica-

310 5066 536 5123 buntur
563 5066 898 5133 civitates,»
932 5066 988 5121 id
1023 5070 1112 5121 est
1140 5065 1411 5121 Ecclesia:
1450 5090 1469 5117 ιι
1505 5066 1691 5133 Judre,
1731 5092 1751 5118 ιο
1790 5070 1845 5124 id
1881 5076 1970 5127 est

311 5155 550 5222 Christi,
583 5155 683 5228 qui
716 5155 825 5211 fuit
855 5156 926 5211 de
958 5154 1115 5210 tribu
1146 5155 1321 5211 Juda.

379 5247 450 5302 Et
479 5246 560 5302 ibi
593 5268 620 5294 «
655 5244 1070 5300 inhabitabunt
1102 5268 1131 5294 »
1163 5244 1453 5311 homines,
1489 5263 1600 5301 non
1636 5247 1706 5302 ad
1738 5247 1963 5317 horam,

308 5335 412 5391 sed
444 5358 472 5385 ‹‹
492 5333 797 5407 nequirent
817 5350 946 5389 eam
967 5333 1306 5389 haereditate
1332 5357 1358 5382 »
1387 5339 1448 5389 ut
1478 5336 1819 5406 possideant
1836 5357 1963 5396 eam

308 5419 368 5478 in
398 5428 704 5480 aeternum.

306 5518 309 5519 ⁷
379 5512 450 5568 Et
469 5526 586 5567 non
608 5526 727 5566 una
748 5510 940 5567 solum
962 5512 1257 5584 generatio
1270 5512 1567 5582 justorum
1592 5514 1883 5573 habitabit
1904 5520 1962 5574 in

309 5612 396 5666 ea,
418 5599 521 5655 sed
538 5594 644 5671 per
660 5614 865 5655 omnes
886 5599 1309 5667 successiones,
1339 5624 1366 5649 «
1391 5606 1447 5657 et
1468 5619 1727 5673 semen,»
1760 5607 1817 5662 id
1848 5614 1960 5677 est,

307 5699 592 5761 sequaces
609 5690 669 5740 et
690 5686 1013 5744 imitatores
1034 5711 1061 5739 «
1083 5705 1383 5745 servorum
1407 5691 1556 5762 ejus,
1581 5716 1609 5741 »
1634 5694 1691 5750 id
1715 5701 1959 5770 est,pro-

2152 4735 2179 4761 ‹‹
2196 4710 2559 4766 Exsultcnt.»
2574 4708 2688 4780 Ipsi
2704 4712 3062 4776 avertantur,
3089 4708 3191 4765 sed
3209 4730 3237 4757 «
3252 4724 3457 4763 omnes
3471 4705 3571 4779 qui
3592 4723 3746 4779 quaa-

2079 4805 2219 4856 runt
2264 4804 2319 4856 te
2360 4823 2380 4849 η
2425 4800 2632 4863 Deum,
2667 4802 2726 4853 et
2763 4818 2784 4847 α
2820 4797 3115 4854 exsultent
3155 4801 3213 4852 ct
3242 4795 3529 4862 laetentur,
3565 4815 3586 4846 ο
3626 4811 3743 4849 non

2081 4893 2138 4946 in
2164 4891 2338 4947 rebus
2360 4886 2924 4961 temporalibus,sed
2962 4911 2983 4939 «
3017 4887 3075 4941 ἱη
3111 4890 3166 4942 te
3200 4910 3221 4939 ι
3258 4885 3401 4942 solo.
3431 4882 3737 4940 Exsultant

2077 4981 2232 5036 enim
2258 4976 2407 5049 justi
2440 4978 2498 5031 in
2531 4976 2640 5031 hac
2671 4976 2810 5040 vita,
2845 4974 3033 5030 securi
3069 4973 3225 5046 quod
3259 4976 3531 5029 aeternam
3554 4970 3734 5025 vitam

2077 5069 2501 5143 possidebunt:
2542 5092 2561 5119 ε
2597 5070 2653 5121 et
2686 5090 2707 5118 ι
2744 5082 2950 5120 omnes
2982 5087 3007 5113 ‹‹
3044 5062 3147 5135 qui
3176 5062 3435 5135 diligunt
3478 5058 3733 5116 salutare

2076 5164 2304 5225 tuum,»
2319 5158 2376 5212 id
2396 5154 2724 5221 est,l“i1ium
2738 5158 2928 5219 tuum,
2954 5169 3246 5209 memores
3260 5149 3599 5206 salvationis
3615 5147 3732 5203 col-

2075 5249 2203 5304 lata)
2227 5245 2337 5303 sibi
2362 5263 2395 5300 a
2416 5245 2531 5300 Deo
2565 5261 2669 5316 per
2701 5242 2935 5308 Filium,
2961 5242 3200 5297 «dicant
3237 5255 3498 5312 semper:
3535 5237 3728 5299 corde,

2072 5354 2210 5394 voce
2241 5341 2297 5392 et
2327 5351 2519 5407 opere,
2555 5357 2582 5383 ‹‹
2613 5332 3025 5405 magniﬁcctur
3055 5331 3340 5387 Dominus
3368 5350 3389 5380 ι
3428 5344 3542 5382 non
3574 5325 3728 5399 quod

2074 5428 2200 5502 ipse
2230 5428 2288 5481 in
2321 5442 2382 5481 se
2414 5423 2601 5496 possit
2629 5422 3019 5495 magniﬁcari,
3044 5422 3142 5477 sed
3178 5419 3318 5492 quia
3350 5420 3639 5490 quantum
3657 5414 3725 5470 ad

2074 5520 2233 5591 ipsos
2253 5514 2948 5588 magniﬁcantes,quanto
2968 5511 3158 5584 magis
3176 5526 3309 5566 eum
3329 5505 3725 5579 magniﬁcant,

2072 5610 2263 5679 major
2291 5620 2524 5676 semper
2553 5606 2610 5658 et
2636 5601 2809 5658 altior
2840 5600 3210 5673 intelligitur.

2143 5697 2352 5753 Dicant
2374 5718 2400 5745 ‹‹
2426 5692 2712 5749 Dominus
2736 5690 3169 5764 magniﬁcetur,
3196 5713 3217 5741 »
3246 5688 3317 5746 de
3339 5702 3401 5743 se
3421 5702 3554 5741 vero
3574 5683 3729 5741 dicat
