3936 6378
113 419 235 485 433

1302 417 1798 485 EXPLANATIO
1840 416 1922 479 IN
1964 418 2350 486 PSALMOS.

3412 421 3536 485 434

114 553 316 611 nullus
362 546 576 610 similis
622 553 708 609 tui
759 552 909 621 dico,
933 554 1073 627 quia
1109 576 1138 608 α
1163 559 1416 627 quantas
1463 543 1857 619 ostendisti‘,
1883 551 3539 633 modis.lntertiaparte.quaeincipituSitnomenejusbe-

115 642 261 699 mihi
284 641 703 698 tribulutiones
728 666 750 694 ι
788 642 847 698 in
878 642 1010 715 ipsa
1038 643 1118 698 rei
1152 643 1528 716 experientia,
1560 662 1582 691 ι
1616 642 1767 698 mul-

114 737 205 790 tas
236 752 265 786 ιι
299 731 358 787 in
389 748 636 788 numero
674 754 695 781 α
732 732 940 799 malas,
969 754 991 783 ι
1019 734 1079 788 in
1131 734 1412 806 qualitate
1458 749 1684 805 graves,
1716 735 1774 787 et

110 826 310 879 tamen
338 842 365 875 ι
394 820 702 877 vivificasti
733 837 826 877 me
852 844 874 874 ι
904 837 1041 878 vera
1069 823 1207 889 vita,
1232 840 1359 895 quis
1389 826 1479 878 est
1508 822 1684 887 Deus,
1707 826 1771 877 tu

111 913 242 969 dico
279 932 306 964 ι
331 927 649 967 conversus
684 934 706 963 ι
736 928 771 966 a
800 911 981 983 priori
1022 915 1203 977 statu,
1226 912 1325 983 qui
1356 912 1468 967 fuit
1498 915 1634 967 ante
1662 912 1770 966 ad-

111 1005 350 1057 ventum
381 998 623 1063 Christi,
646 1000 882 1071 quando
932 1000 1132 1056 nullus
1178 1000 1610 1067 viviﬁcabatur;
1641 1023 1661 1050 ι
1698 1002 1769 1056 de

112 1089 340 1162 abyssis
366 1092 588 1154 terras,»
614 1088 672 1143 id
703 1094 792 1144 est
822 1090 892 1145 de
924 1090 1319 1162 profunditate
1352 1094 1761 1161 peccatorum»

112 1178 393 1234 reduxisti
427 1193 521 1232 me
564 1178 800 1241 iterum,
828 1202 848 1230 ι
877 1183 934 1233 et
965 1180 1177 1234 iterum
1228 1195 1333 1251 per
1380 1180 1776 1251 baptismum,

113 1284 214 1341 per
243 1266 647 1340 paenitentiam
680 1267 1000 1323 multoties.

181 1358 251 1412 Et
279 1356 459 1412 etiam
484 1355 630 1411 mihi
657 1356 741 1412 sic
773 1358 1034 1421 reducto,
1066 1379 1093 1410 α
1115 1358 1517 1431 multiplicasti
1547 1359 1767 1430 magni-

110 1446 409 1501 ficentiam
459 1449 646 1511 tuam,
674 1467 695 1496 ι
723 1445 783 1500 id
815 1451 923 1512 est,
951 1447 1157 1503 multis
1211 1448 1402 1504 modis
1447 1464 1663 1518 magna
1710 1450 1768 1503 et

107 1533 462 1607 multiplicia
508 1534 790 1591 beneficia
817 1534 1145 1600 contulisti,
1178 1556 1205 1587 ι
1234 1540 1292 1590 et
1338 1534 1673 1590 consolatus
1704 1552 1765 1588 cs

107 1640 200 1682 me
224 1644 247 1673 ι
273 1640 550 1680 securum
581 1623 847 1679 faciendo
869 1625 939 1679 de
962 1624 1351 1696 promissione
1373 1624 1572 1679 aaterni
1604 1623 1763 1689 boni,

103 1717 167 1770 tu
200 1711 331 1769 dico
366 1731 395 1765 ι
428 1727 747 1768 conversus
796 1735 819 1765 ι
856 1730 961 1785 per
1010 1713 1392 1769 mediatorem
1440 1712 1762 1778 Christum,

103 1803 176 1859 ab
206 1802 507 1874 ira'quam
557 1801 818 1858 habebas
867 1803 938 1858 de
989 1806 1228 1874 peccato
1277 1800 1453 1873 primi
1503 1800 1763 1874 parentis

105 1907 242 1963 erga
274 1891 604 1947 humanum
634 1906 844 1964 genus.

176 1980 393 2038 Probat
419 1978 492 2036 ab
530 1980 742 2036 affectu
786 1995 850 2036 se
900 1996 1030 2037 esse
1079 1979 1447 2037 consolatum
1497 1979 1602 2045 sic,
1632 1995 1766 2035 vere

106 2068 449 2127 consolatus
479 2085 542 2124 es
573 2083 690 2135 me,
720 2088 748 2122 ι
767 2084 905 2125 nam
929 2073 988 2124 et
1014 2085 1121 2141 ego
1153 2068 1476 2125 confitebor
1493 2067 1621 2134 tibi,
1643 2087 1671 2121 ιι
1706 2069 1764 2124 id

104 2161 213 2225 est,
235 2159 311 2215 ad
332 2161 505 2214 tuum
536 2156 840 2224 honorem,
865 2180 888 2207 ι
911 2157 1216 2213 veritatem
1241 2162 1426 2224 tuam,
1451 2157 1627 2223 Deus,
1655 2178 1676 2205 ιι
1707 2156 1765 2212 id

105 2251 195 2304 est
222 2251 281 2304 te
297 2259 566 2303 veracem
597 2245 657 2302 in
689 2246 1020 2319 promissis,
1047 2246 1292 2312 scilicet,
1316 2247 1473 2319 quod
1497 2246 1765 2303 homines

105 2352 207 2407 per
256 2334 473 2391 Filium
520 2338 691 2390 tuum
739 2334 1100 2392 hzereditatis
1131 2339 1356 2391 aeternis
1388 2335 1764 2392 securitatem

103 2424 430 2490 obtineant,
461 2446 483 2474 ι
518 2424 840 2480 confitebor
861 2446 883 2477 ι
917 2424 1048 2480 dico
1073 2448 1093 2474 ι
1120 2424 1179 2479 in
1207 2424 1365 2481 vasis
1396 2424 1633 2496 psalmi,
1654 2448 1676 2479 ι
1705 2424 1762 2481 id

103 2516 191 2567 est
220 2512 282 2567 in
314 2512 585 2584 psalmis,
609 2512 711 2585 qui
735 2518 876 2570 sunt
895 2530 1053 2570 vasa.
1078 2514 1186 2570 Per
1207 2513 1468 2586 psalmos
1496 2514 1768 2587 spiritua-

103 2598 217 2656 lem
250 2599 434 2656 vitam
484 2602 830 2673 accipimus,
858 2602 1079 2675 quibus
1110 2602 1355 2675 psalmis
1404 2603 1535 2659 aliis
1578 2620 1767 2660 exem-

104 2689 267 2762 plum
301 2690 451 2745 bene
483 2691 762 2762 operandi
806 2690 1172 2763 propinatur,
1206 2691 1359 2747 sicut
1395 2709 1499 2763 per
1525 2710 1628 2748 vas
1658 2692 1764 2748 ali-

107 2778 238 2851 quis
269 2783 469 2850 potus,
502 2797 617 2836 non
659 2783 891 2835 tantum
924 2796 1017 2835 me
1046 2780 1175 2835 dico
1204 2779 1466 2836 conﬁteri
1509 2781 1569 2836 in
1608 2780 1765 2852 psal-

107 2867 242 2933 mis,
276 2867 339 2923 id
371 2873 479 2934 est,
513 2868 575 2924 in
606 2867 1061 2939 contemplativa
1088 2868 1227 2934 vita,
1259 2869 1384 2935 sed,
1406 2886 1440 2924 o
1468 2891 1490 2919 ι
1526 2872 1767 2925 sanctus

108 2956 284 3013 Israel
312 2979 336 3006 ιι
364 2956 465 3028 qui
496 2956 834 3012 sanctiﬁcas
862 2972 1099 3010 omnem
1131 2956 1487 3022 Israelem,id
1517 2961 1606 3012 est
1635 2973 1765 3012 om-

106 3061 239 3101 nem
270 3045 569 3100 videntem
601 3044 809 3109 Deum,
840 3063 867 3096 α
888 3044 1136 3115 psallam
1160 3044 1268 3100 tibi
1298 3045 1359 3100 in
1385 3044 1630 3110 cithara,
1659 3067 1680 3093 ιο
1707 3043 1766 3099 id

106 3137 191 3189 cst
222 3135 286 3188 in
321 3131 775 3188 mortiﬁcatione
805 3132 1020 3198 carnis,
1045 3132 1269 3189 scilicet
1290 3133 1348 3187 in
1376 3133 1563 3189 activa
1590 3133 1728 3188 vita.

174 3222 508 3278 Contitcber
556 3220 616 3276 in
667 3221 933 3293 psalmis,
979 3226 1037 3277 et
1082 3239 1220 3278 cum
1269 3222 1676 3288 exsultatione,
1709 3227 1768 3279 et

109 3310 227 3366 haec
262 3309 422 3365 labia
454 3325 587 3364 mea
627 3309 928 3375 interiora,
950 3309 1008 3365 id
1041 3314 1132 3365 cst
1165 3310 1501 3367 affectiones
1533 3278 1839 3378 animm,.c

108 3414 235 3470 quae
265 3399 340 3454 ad
374 3398 560 3453 Deum
594 3397 761 3453 hiant
804 3415 1056 3470 semper,
1089 3399 1243 3454 sicut
1268 3422 1287 3449 σι
1324 3399 1481 3455 labia
1511 3400 1766 3455 exsulta-

108 3487 274 3553 bunt,
298 3502 436 3542 cum
469 3491 776 3542 cantavcro
819 3486 944 3552 tibi,
975 3509 995 3535 ι
1023 3487 1081 3542 id
1112 3491 1221 3551 est,
1246 3488 1558 3544 laudavero
1601 3493 1678 3553 te,
1712 3493 1769 3543 et
1802 3486 1808 3492 ’

108 3591 222 3633 non
284 3580 520 3632 tantum
580 3575 756 3640 labia,
790 3576 891 3630 scd
952 3577 1129 3631 etiam
1184 3577 1582 3633 tota-anima
1637 3594 1771 3633 mea

110 3679 285 3736 quam
322 3687 345 3713 ι
388 3669 453 3720 tu
483 3684 509 3716 α
540 3663 864 3728 redemisti,
893 3686 914 3713 ι
959 3666 1115 3720 unde
1164 3665 1294 3737 ipsa
1329 3689 1350 3715 η
1388 3666 1630 3722 anima»
1666 3682 1767 3721 ex-

111 3751 454 3809 sultandum
483 3751 782 3826 intelligit.

176 3841 248 3896 Et
275 3858 398 3897 non
424 3840 623 3897 solum
649 3863 670 3890 ι
696 3841 915 3905 anima,
944 3865 965 3896 ι
995 3843 1097 3898 sed
1119 3844 1296 3899 etiam
1319 3847 1510 3900 totum
1533 3861 1766 3917 corpus,

114 3928 297 3985 ethoc
322 3946 430 4002 per
451 3930 771 4002 quamdam
794 3935 1022 4003 partem
1046 3931 1206 3999 dicit,
1230 3949 1589 4005 supponens,
1617 3956 1639 3983 α
1666 3934 1768 3991 sed

115 4021 171 4072 et
200 4017 408 4092 lingua
436 4033 570 4074 mea
593 4040 616 4068 ι
643 4033 713 4073 ex
734 4018 1036 4075 affectione
1057 4020 1252 4077 cordis
1272 4023 1525 4093 proferet
1547 4044 1568 4071 α
1586 4022 1770 4094 justi-

96 4105 255 4183 .tiam
276 4113 447 4163 tuam
475 4128 497 4156 ι
520 4109 579 4163 et
606 4106 717 4162 hoc
751 4126 768 4157 ι
796 4111 921 4163 tota
942 4107 1035 4164 die
1064 4109 1499 4176 meditabitur,-
1527 4109 1769 4175 scilicet,

116 4196 352 4266 quando
400 4194 684 4251 continua
730 4196 856 4251 dies
904 4197 1034 4263 erit,
1067 4196 1312 4264 scilicet,
1346 4197 1406 4252 in
1445 4197 1693 4269 judicio,
1716 4201 1775 4253 et

117 4283 255 4355 quid
312 4283 607 4357 intelligat
650 4305 673 4335 ι
720 4285 815 4340 die
871 4288 1013 4352 tota,
1044 4307 1067 4335 ι
1113 4285 1495 4352 determinat,
1548 4285 1769 4353 dicens,

121 4390 148 4423 ι
168 4387 303 4447 cum
331 4394 353 4422 ιι
380 4371 462 4427 illi
492 4392 513 4421 ι
539 4372 641 4445 qui
694 4377 969 4445 quaerunt
1010 4373 1168 4429 mala
1206 4374 1350 4429 mihi
1375 4398 1397 4427 ι
1427 4374 1485 4429 in
1517 4373 1774 4429 hac'vita

118 4458 334 4517 fuerint
360 4481 383 4511 ι
406 4461 659 4527 confusi,
689 4484 712 4511 ιι
741 4462 799 4518 id
834 4467 925 4518 est
955 4463 1368 4518 erubescentes
1397 4462 1772 4535 deipeccatis,

121 4570 149 4599 «
178 4553 236 4605 et
262 4550 495 4606 reveriti
527 4550 766 4617 fuerint,
795 4573 816 4600 ι
852 4549 912 4605 id
944 4554 1053 4617 est,
1088 4550 1393 4607 timuerint
1421 4552 1775 4608 sententiam

1882 641 2181 700 nedictum
2201 661 2246 700 ε»
2266 646 2336 702 de
2352 648 2859 706 commendatione
2878 649 3068 723 ipsius
3087 647 3539 722 regniJntendit

1880 733 2119 805 quidem
2135 752 2241 791 nos
2254 737 3536 811 admonere,utsubjiciamurbuicSalomoni.

1951 824 2075 880 Vox
2102 825 2392 891 Ecclesiae,
2421 828 2792 899 prmvidentis
2822 828 3119 885 Christum
3152 830 3419 886 futurum
3447 844 3539 889 re-

1880 929 2034 984 gem,
2058 918 2187 969 orat
2215 919 2283 970 ut
2314 916 2485 972 detur
2521 918 2571 973 ei
2619 935 2887 991 regnum,
2915 919 3118 976 dicens
3151 919 3233 976 :0
3258 942 3281 971 ιι
3316 919 3473 976 Deus
3500 938 3531 971 ι

1879 1002 2069 1069 Pater,
2101 1027 2122 1053 «
2157 1005 2234 1059 da
2263 1005 2404 1077 regi,
2434 1029 2456 1056 η
2494 1007 2550 1062 id
2597 1012 2687 1063 est
2716 1008 2969 1075 Christo,
3001 1027 3023 1057 ι
3046 1008 3342 1080 judicium
3371 1029 3398 1062 ι
3434 1026 3535 1067 su-

1878 1108 1982 1163 per
1996 1092 2267 1149 homines
2290 1113 2311 1142 c
2331 1099 2555 1161 tuum,»
2575 1096 2631 1150 id
2650 1099 2759 1162 est,
2776 1096 2928 1152 sicut
2943 1101 3007 1152 tu
3024 1097 3532 1169 habesjudicium,

1878 1179 1959 1235 ita
1981 1181 2057 1235 da
2088 1181 2193 1246 illi,
2216 1182 2399 1246 ut'ille
2423 1184 2636 1239 habeat
2653 1185 2921 1254 judicare
2943 1190 3001 1241 et
3020 1186 3105 1240 illi
3125 1186 3311 1242 eidem
3341 1209 3363 1236 ι
3390 1185 3533 1243 Filio

1879 1268 2085 1341 regis,»
2112 1270 2170 1324 id
2199 1275 2290 1327 est
2312 1270 2419 1337 tui,
2447 1273 2545 1344 qui
2569 1272 2731 1328 solus
2760 1291 2858 1330 rex
2888 1292 2971 1338 es,
2995 1279 3052 1331 et
3081 1274 3140 1330 in
3160 1275 3402 1332 veritate
3432 1279 3536 1331 tua

1878 1357 2053 1429 regis,
2077 1360 2151 1413 da
2174 1379 2195 1410 ι
2219 1360 2514 1425 justitiam
2536 1365 2754 1426 tuam,»
2782 1362 2838 1416 id
2862 1366 2951 1418 est
2963 1364 3196 1432 justum
3211 1364 3530 1435 judicium,

1876 1444 2015 1517 quia
2045 1463 2141 1502 rex
2173 1447 2270 1503 ille
2300 1464 2534 1519 semper
2564 1448 2623 1504 in
2657 1450 2897 1520 justitia
2919 1450 3232 1522 judicabit.
3263 1450 3535 1508 Endiasis

1875 1538 1984 1599 est,
2018 1535 2156 1607 quia
2186 1552 2291 1607 per
2320 1535 2547 1593 divorsa
2579 1538 2735 1594 idem
2774 1538 2938 1605 dicit,
2972 1556 3075 1611 per
3094 1538 3391 1611 judicium
3422 1539 3534 1598 sci-

1875 1622 2012 1678 licet
2043 1627 2101 1678 et
2122 1624 2452 1694 justitiam;
2487 1630 2545 1681 et
2574 1630 2664 1682 est
2693 1626 2972 1693 endiasis,
3006 1626 3097 1684 bis
3129 1627 3376 1685 dictum.

1952 1731 1974 1761 ι
1999 1712 2301 1769 Judicium
2323 1715 2399 1769 da
2421 1734 2447 1768 ιι
2475 1714 2624 1780 dico,
2649 1715 2887 1779 scilicet,
2917 1738 2938 1765 σ
2957 1715 3230 1787 judicare
3250 1717 3532 1790 populum

1873 1802 2042 1855 tuum
2075 1798 2135 1855 in
2158 1800 2417 1871 justitia,
2445 1823 2468 1850 ιι
2502 1801 2559 1857 id
2592 1806 2701 1868 est,
2735 1807 2801 1858 ut
2823 1803 3051 1875 judicet
3072 1801 3410 1860 universum
3436 1821 3534 1877 po-

1794 1917 1844 1983 B
1876 1886 2104 1988 pulum,
2129 1887 2355 1945 scilicet
2375 1890 2561 1988 bonos
2583 1895 2640 1948 et
2659 1890 2846 1948 malos
2857 1906 2883 1988 ἰ
2912 1910 2940 1988 ξ
2961 1895 3132 1988 tuum
3156 1912 3180 1943 ι
3205 1891 3367 1988 dicit,
3392 1894 3533 1966 quia

1876 1976 2042 2050 impii
2077 1994 2310 2051 quoque
2339 1977 2487 2035 nihil
2519 1984 2788 2051 possunt,
2812 1980 2926 2037 nisi
2948 1980 3244 2053 permissu
3264 1981 3365 2041 Dei
3393 1998 3450 2039 ει
3473 1987 3532 2039 et

1875 2082 2163 2139 pauperes
2188 2070 2325 2124 tuos
2356 2092 2378 2123 ι
2408 2069 2483 2124 da
2513 2068 2563 2125 ei
2587 2069 2858 2139 judicare
2890 2089 2913 2119 ι
2945 2069 3007 2126 in
3026 2068 3255 2141 judicio
3288 2092 3311 2119 ι
3338 2070 3526 2141 justo.

1873 2155 2111 2213 Judicat
2130 2156 2401 2215 Christus
2431 2156 2609 2215 etiam
2632 2157 2694 2214 in
2714 2157 2826 2215 hac
2852 2158 2973 2215 vita
2999 2159 3185 2216 honos
3215 2161 3273 2214 et
3300 2158 3527 2218 malos:

1866 2244 2162 2317 judicabit
2186 2246 2446 2312 tandem,
2470 2247 2708 2318 quando
2729 2245 3027 2320 separabit
3055 2247 3243 2304 honos
3272 2262 3308 2305 α
3333 2247 3528 2312 malis.

1874 2332 2038 2389 Unde
2054 2333 2327 2390 Christus
2343 2334 2403 2388 in
2424 2332 2735 2407 Evangelio
2751 2333 2895 2390 dicit
2912 2351 2961 2390 ει
2982 2334 3152 2391 Pater
3173 2351 3294 2392 non
3303 2333 3534 2406 judicat

1875 2439 2254 2496 quemquam,
2270 2425 2369 2480 sed
2379 2423 2671 2495 judicium
2690 2439 2862 2480 omne
2880 2414 3043 2479 dedit
3062 2423 3207 2480 Filio
3224 2423 3526 2497 (Joan.v).p

1872 2512 2110 2568 Judicat
2140 2517 2338 2569 tamen
2369 2514 2540 2569 Pater
2583 2529 2699 2569 non
2749 2529 2852 2586 per
2899 2528 2960 2569 sc
3010 2512 3271 2585 quidem,
3294 2514 3394 2571 sed
3429 2530 3533 2586 per

1875 2599 2043 2656 illum
2076 2600 2294 2673 ipsum,
2329 2601 2422 2656 cui
2457 2618 2566 2658 sua
2595 2602 2927 2658 substantia
2959 2601 3123 2658 unita
3151 2606 3260 2659 est.

1947 2688 2139 2757 Dico,-
2162 2691 2237 2746 da
2255 2709 2281 2740 υ
2306 2690 2357 2746 ei
2381 2712 2402 2740 σι
2421 2689 2770 2761 judicium,-
2792 2695 2849 2746 et
2868 2691 2957 2746 fac
2979 2707 3115 2746 eum
3136 2692 3407 2766 cognosci
3428 2708 3535 2766 per

1873 2781 2064 2834 totum
2088 2779 2381 2833 mundum
2405 2795 2509 2850 per
2527 2778 2841 2851 apostolos,
2856 2784 2912 2835 et
2932 2779 3042 2835 hoc
3062 2783 3152 2835 est
3168 2796 3218 2836 τι
3242 2784 3525 2847 montes,-

1873 2864 1933 2920 id
1968 2869 2057 2921 est
2086 2866 2273 2922 sancti
2317 2867 2589 2936 apostoli,
2619 2889 2639 2915 ι
2676 2867 3005 2938 suscipiant
3048 2883 3276 2939 pacem,
3304 2890 3326 2918 ιι
3352 2867 3411 2924 id
3440 2874 3534 2929 est

1875 2953 2198 3019 Christum,
2229 2972 2251 3002 ι
2286 2954 2522 3026 populo,
2555 2976 2575 3005 ι»
2611 2954 2669 3010 id
2710 2960 2817 3019 est,
2852 2956 2922 3011 ad
2956 2955 3272 3012 utilitatem
3304 2955 3528 3028 populi,

1875 3041 2119 3107 scilicet,
2153 3046 2219 3097 ut
2246 3043 2443 3114 ipsum
2476 3043 2778 3099 notiﬁcent
2808 3043 3022 3115 populo
3046 3060 3097 3099 ει
3127 3047 3184 3101 et
3212 3043 3443 3111 colles»
3468 3045 3528 3101 id

1875 3135 1965 3186 est
1994 3131 2252 3187 minores
2282 3132 2504 3187 sanctis
2535 3132 2835 3204 apostolis,
2860 3132 3096 3189 altiores
3122 3137 3322 3190 tamen
3351 3150 3533 3208 popu-

1876 3219 1971 3282 lis,
1997 3220 2152 3288 sicut
2182 3221 2390 3276 beatus
2411 3220 2722 3285 Martinus,
2745 3224 2802 3275 et
2822 3221 3031 3277 beatus
3051 3221 3327 3289 Hilarius,
3349 3223 3533 3288 susci-

1878 3308 2043 3381 piant
2070 3328 2092 3355 α
2117 3308 2435 3380 justitiam,
2463 3332 2485 3360 ι
2516 3309 2573 3364 id
2607 3312 2696 3364 est
2724 3308 2918 3382 ipsum
2941 3309 3261 3377 Christum,
3282 3315 3351 3368 ut
3380 3311 3531 3372 noti-

1878 3398 2052 3452 ﬁcent
2078 3397 2319 3469 populo.
2338 3397 2608 3453 Christus
2629 3397 2844 3453 dicitur
2874 3416 3003 3470 pax,
3029 3399 3167 3470 quia
3186 3398 3312 3472 ipse
3336 3399 3535 3474 posuit

1878 3485 2412 3542 reconciliationem
2445 3486 2597 3541 inter
2629 3486 2813 3542 Deum
2842 3490 2898 3542 et
2928 3487 3227 3544 hominem
3263 3504 3275 3544 :
3300 3488 3536 3560 justitia,

1877 3574 2114 3639 dicitur,
2139 3575 2280 3646 quia
2309 3575 2464 3629 Deus
2496 3576 2567 3630 ad
2598 3593 2659 3631 se
2690 3580 3092 3633 convertentes
3112 3576 3423 3647 justificat.
3498 3564 3504 3569 ’

1957 3681 1978 3710 α
2008 3662 2328 3718 Judicabit.
2357 3685 2378 3710 ι
2408 3663 2541 3718 Dari
2587 3663 2906 3735 postulavit
2934 3663 3166 3721 Christo
3188 3664 3483 3737 judicium
3516 3684 3529 3722 :

1878 3751 1973 3808 hic
2004 3752 2262 3807 affirmat
2298 3752 2451 3824 quod
2494 3768 2693 3807 revera
2731 3752 2969 3808 habebit
2998 3752 3316 3825 judicium.
3342 3753 3537 3821 Conti-

1880 3839 2081 3895 nuatio
2102 3857 2115 3896 :
2135 3839 2329 3905 Dico,«
2352 3840 2428 3894 da
2448 3862 2469 3888 ιι
2491 3840 2542 3894 ei
2566 3859 2588 3887 ε
2603 3839 2952 3910 judicium,»
2971 3844 3030 3896 et
3049 3856 3182 3896 vere
3198 3840 3537 3912 dabis,quia

1877 3928 2004 4001 ipse
2031 3949 2058 3980 α
2079 3927 2374 3999 judicabit
2399 3943 2682 3998 pauperes
2703 3926 2926 3999 populi,
2954 3949 2977 3977 ι
3006 3927 3065 3982 id
3095 3931 3187 3993 est
3204 3943 3373 3984 veros
3392 3944 3537 3999 pau-

1879 4033 2069 4090 peres,
2101 4016 2451 4071 removendo
2483 4032 2582 4071 eos
2611 4031 2646 4070 a
2675 4014 2830 4071 malo
2870 4014 3117 4087 populo;
3147 4034 3170 4064 ι
3203 4019 3263 4071 et
3293 4036 3316 4067 ο
3350 4016 3532 4075 etiam

1886 4127 1909 4157 ι
1942 4104 2095 4160 ﬁlios
2122 4120 2472 4176 pauperum,
2501 4126 2524 4155 ι
2553 4103 2612 4158 id
2638 4107 2727 4159 est
2755 4102 3083 4160 imitatores
3112 4103 3532 4175 apostolorum,

1887 4213 1909 4243 ι
1943 4191 2135 4248 salvos
2185 4192 2378 4257 faciet,
2410 4213 2429 4241 ιι
2456 4195 2513 4247 et
2538 4211 2565 4243 α
2595 4190 3103 4257 calumniatorem,
3130 4215 3152 4242 ι
3182 4192 3241 4248 id
3271 4197 3362 4250 est
3407 4193 3535 4259 diae

1881 4280 2104 4346 bolum,
2128 4280 2227 4352 qui
2260 4283 2350 4335 est
2377 4280 2640 4351 injustus
2686 4284 2992 4337 accusator
3022 4281 3271 4339 fratrum
3303 4284 3535 4337 nostro-

1883 4386 2038 4434 rum,
2067 4390 2094 4422 u
2124 4368 2464 4424 humiliabit
2494 4369 2670 4437 Deus,
2698 4391 2719 4421 ι
2744 4370 2803 4425 id
2833 4374 2924 4426 est
2951 4371 3261 4443 opprimet.

1954 4459 2058 4515 Hic
2089 4458 2465 4514 commendat
2491 4456 2689 4530 ipsum
2725 4459 2958 4530 justum
2982 4459 3248 4531 judicem
3273 4476 3286 4515 :
3315 4459 3424 4515 iste
3445 4459 3541 4531 ju-

1885 4550 1995 4604 dex
2031 4568 2054 4597 ι
2081 4546 2394 4620 judicabit,
2435 4550 2494 4603 et
2527 4570 2549 4597 ι
2586 4546 2697 4602 iste
2732 4547 2917 4620 judex
2948 4569 2977 4600 α
3008 4547 3377 4620 permanebit
3401 4564 3538 4615 cum

112 4637 351 4708 judicis,
374 4638 527 4694 hanc
571 4638 796 4695 scilicet
828 4655 842 4693 :
869 4658 899 4692 ι
917 4638 1210 4695 Discedite
1237 4656 1273 4695 a
1302 4656 1417 4706 me,
1453 4640 1771 4708 maledicti,
1803 4644 1852 4711 Β
1884 4638 2060 4703 sole,»
2083 4636 2143 4692 id
2174 4640 2264 4693 est
2291 4652 2524 4707 semper
2546 4635 2749 4693 unitus
2778 4651 2914 4692 cum
2945 4635 3325 4708 deitate,que
3353 4634 3540 4695 deitas

122 4724 178 4780 in
205 4727 404 4799 ignem
437 4732 721 4783 internum
754 4727 964 4797 (Matth.
996 4728 1149 4799 xxv).
1174 4751 1195 4777 ι

596 4817 668 4872 ΙΝ
710 4817 1059 4873 PSALMUM
1102 4817 1288 4872 LXXI.

322 4907 600 4961 Trruws.
634 4907 887 4962 Psalmus
919 4906 1091 4961 David
1123 4907 1183 4960 in
1210 4906 1576 4963 Salomoncm.

199 5016 219 5042 α
254 4994 410 5050 Deus
433 4994 755 5065 judicium.
781 5017 803 5045 ι
831 4997 1141 5051 Tractatus
1171 4995 1281 5051 iste
1307 4996 1492 5050 tendit
1524 4996 1583 5051 in
1614 4996 1776 5053 Salo-

126 5096 378 5151 monem,
402 5083 461 5138 id
493 5088 584 5140 est
611 5083 672 5139 in
698 5083 1019 5152 Christum,
1044 5084 1144 5157 qui
1165 5100 1337 5141 verus
1358 5084 1775 5153 est_Salomon,

128 5168 183 5224 id
212 5176 301 5227 est
348 5172 651 5244 pacificus,
682 5172 785 5245 qui
822 5173 1021 5245 posuit
1068 5190 1268 5246 pacem
1317 5174 1469 5230 inter
1506 5175 1691 5231 Deum
1720 5180 1780 5232 et

128 5255 421 5317 hominem
446 5279 459 5317 :
485 5260 627 5335 quia
647 5261 708 5317 in
728 5261 839 5318 hoc
868 5261 1097 5336 psalmo
1118 5263 1390 5320 Christus
1412 5269 1503 5320 est
1531 5265 1781 5320 materia

130 5351 448 5406 secundum
480 5356 795 5423 utramque
821 5352 1412 5424 inaturam,divinam
1444 5354 1688 5420 scilicet,
1724 5358 1783 5409 et

129 5433 467 5496 humanam.
487 5441 731 5496 Modus:
755 5430 818 5496 In
841 5441 1033 5513 prima
1053 5445 1215 5514 parte
1237 5443 1382 5515 petit
1401 5443 1452 5497 ei
1475 5442 1600 5498 dari
1625 5443 1782 5514 judi-

130 5523 302 5593 cium.
334 5535 393 5584 et
421 5529 681 5585 afﬁrmat
712 5530 869 5601 quod
902 5530 1160 5586 habebit.
1195 5531 1256 5586 In
1299 5532 1559 5586 secunda
1593 5536 1779 5603 parte,

132 5630 251 5686 qua:
272 5617 477 5691 incipit
494 5636 543 5673 ξι
560 5618 794 5674 Orictur
816 5619 871 5674 in
896 5620 1105 5675 diebus
1127 5621 1256 5691 ejus
1277 5619 1532 5691 justitia,
1554 5644 1574 5670 ιο
1593 5620 1780 5693 loqui-

132 5705 225 5758 tur
244 5706 312 5762 de
336 5724 536 5781 regno,
562 5709 1030 5766 commendando
1068 5708 1266 5782 ipsum
1298 5725 1544 5783 regnum
1577 5709 1780 5769 multis

1881 4728 2100 4784 dicitur
2138 4724 2246 4791 sol,
2280 4724 2420 4798 quia
2467 4724 2764 4781 illuminat
2810 4741 3047 4781 omnem
3077 4723 3376 4781 hominem
3407 4740 3543 4781 vera

1883 4815 2213 4889 cognitione
2233 4816 2411 4883 (Joan.
2436 4817 2514 4883 1):
2546 4838 2566 4863 ιι
2603 4818 2659 4870 ct
2690 4818 2825 4871 ante
2871 4813 3095 4879 lunam,
3121 4813 3233 4870 ιιἰά
3265 4817 3357 4870 est
3404 4817 3540 4877 ante

1884 4904 2224 4970 Ecclesiam,
2250 4903 2389 4976 quia
2418 4921 2650 4975 semper
2678 4903 2789 4959 erit
2818 4904 2877 4958 in
2909 4902 3218 4974 praesentia
3245 4900 3538 4967 Ecclesiae,

1885 5000 1954 5051 ut
1974 5010 2206 5067 semper
2220 4993 2479 5049 Ecclesia
2495 4992 2737 5064 recipiat
2753 4992 2826 5048 ab
2845 4993 2973 5064 ipso
2992 4991 3213 5059 lumen,
3228 4991 3381 5047 sicut
3399 4990 3543 5047 luna

1886 5103 1922 5141 a
1967 5083 2087 5141 sole
2136 5083 2362 5155 recipit.
2389 5082 2495 5136 Per
2522 5105 2543 5130 σι
2582 5080 2783 5137 lunam
2814 5104 2834 5130 ι
2866 5080 3216 5154 intelligitur
3260 5079 3539 5146 Ecclesia,

1887 5176 2028 5247 quia
2047 5172 2245 5228 deficit
2263 5176 2321 5227 et
2342 5169 2550 5227 crescit
2570 5169 2723 5226 sicut
2741 5169 2884 5225 luna
2908 5187 2962 5226 τα
2983 5169 3350 5241 permanebit
3367 5192 3391 5218 ι
3410 5167 3542 5232 dico

1894 5285 1917 5316 ι
1951 5264 2010 5318 in
2052 5261 2425 5334 generatione
2460 5281 2482 5309 ι
2518 5260 2633 5315 ista
2659 5282 2679 5309 σι
2716 5264 2773 5315 et
2821 5258 3258 5331 generationem
3288 5280 3312 5312 ι
3348 5272 3545 5315 succe-

1888 5353 2146 5417 dentem,
2170 5351 2230 5405 id
2261 5353 2352 5407 est
2378 5365 2611 5421 semper
2646 5348 2800 5403 idem
2843 5351 2982 5402 sunt
3029 5346 3090 5402 in
3137 5345 3544 5418 generationes

1887 5439 2335 5514 generationum
2361 5456 2374 5495 :
2394 5437 2482 5493 vel
2504 5454 2639 5493 cum
2664 5436 2805 5504 sole,
2829 5436 2885 5491 id
2909 5439 2998 5490 est
3018 5434 3280 5507 quandiu
3301 5433 3389 5492 sol
3410 5434 3540 5501 erit,

1890 5536 1947 5587 et
1976 5531 2416 5584 ﬁrmamentum
2451 5525 2630 5582 stabit
2666 5544 2679 5581 :
2713 5530 2770 5581 et
2809 5524 2918 5580 fuit
2953 5544 2975 5572 α
3009 5529 3144 5580 ante
3187 5524 3444 5592 lunam,»
3481 5524 3542 5585 id

1891 5625 1982 5677 cst
2011 5622 2323 5689 antequam
2357 5616 2616 5671 mundus
2650 5616 2832 5671 ﬁeret.

1961 5708 2216 5775 Dixerat,
2229 5727 2251 5755 α
2269 5705 2561 5779 judicabit
2581 5722 2635 5760 ε»
2663 5709 2720 5761 et
2736 5721 2867 5761 ecce
2884 5704 2954 5761 de
2971 5720 3087 5777 quo
3103 5702 3346 5763 dixisset
3362 5704 3544 5762 deter-
