3936 6404
424 414 549 483 ’435

836 421 1238 483 HAYMONIS
1284 422 1823 481 HALBERSTAT.
1857 416 2099 479 EPISG.
2136 416 2309 477 OPP.
2332 420 2573 483 'PARS.
2609 423 2656 482 Ι.
2695 457 2770 467 —-
2801 423 3209 485 COMMENT.
3243 425 3444 487 BIBL.

3744 429 3861 487 436

411 557 642 626 1ninat,
669 556 891 619 scilicet
912 556 984 610 de
1007 553 1149 611 Filio
1170 552 1413 627 virginis
1439 571 1451 609 :
1479 558 1537 609 et
1558 554 1655 609 hic
1677 552 1986 609 manifeste
2009 540 2173 617 ἱη-ΑᾸ
2203 551 2400 624 pimus
2432 553 2563 611 illos
2604 556 2702 628 qui
2750 559 2890 612 sunt
2937 556 3076 614 sicci
3108 575 3142 613 a
3171 557 3448 615 ﬂuctibus
3500 559 3735 630 mundi,
3762 577 3863 617 nec

433 647 835 704 carnationem
850 642 1176 699 divinitatis
1196 643 1939 698 annuntiat.Continuatio:
1962 643 2100 697 Dico

436 758 465 788 «
489 734 842 808 judicabit,»
869 738 926 788 et
956 733 1081 808 ipse
1103 734 1203 805 qui
1231 756 1257 782 ‹‹
1281 733 1593 805 judicabit,
1622 734 1983 788 descendet»
2011 748 2099 787 se-

431 826 695 884 cundum
717 806 1109 891 divinitatem,
1132 824 1191 879 in
1222 824 1509 895 virginem
1537 841 1549 879 :
1580 845 1608 873 «
1631 824 1785 878 sicut
1815 822 2011 894 pluvia
2038 822 2099 907 in

429 914 642 987 vellus,
666 936 695 965 »
730 915 811 969 ita
840 915 1099 970 suaviter
1129 914 1258 969 sine
1288 913 1449 969 omni
1480 913 1754 985 strepitu,
1783 912 1908 967 sine
1940 913 2100 966 omnl

429 1004 798 1064 terrore.Hic
828 1004 1009 1060 mittit
1040 1022 1149 1060 nos
1181 1006 1251 1060 ad
1285 1004 1617 1059 historiam.
1638 1004 1793 1058 Deus
1824 1005 2100 1075 prmoepit

429 1094 711 1162 cheoni,
736 1097 802 1148 ut
832 1094 946 1148 iret
975 1094 1044 1149 ad
1082 1110 1363 1166 pugnam,
1386 1093 1484 1165 qui
1512 1111 1647 1148 cum
1677 1093 1926 1159 timeret,
1948 1112 2102 1165 qua:-

428 1184 568 1241 sivit
599 1184 835 1256 signum
869 1182 1143 1252 victoria),
1177 1188 1236 1237 et
1276 1183 1562 1238 Dominus
1596 1183 1758 1238 dedit
1798 1182 1910 1237 tale
1942 1184 2097 1254 quod

427 1272 623 1346 posito
652 1270 862 1327 vellere
893 1270 951 1325 in
983 1288 1139 1339 arca,
1175 1273 1221 1327 si
1255 1272 1444 1327 vellus
1474 1272 1839 1344 con'iplutum
1875 1274 2096 1328 inveni-

428 1367 618 1430 retur,
641 1365 698 1418 et
726 1379 861 1418 arca
900 1361 1074 1429 sicca,
1111 1363 1287 1417 sciret
1336 1381 1398 1417 se
1450 1364 1566 1418 fore
1597 1362 1896 1429 victorem,
1931 1369 1987 1419 et
2019 1364 2099 1419 ita

428 1453 654 1509 factum
671 1454 784 1524 est,
807 1451 1002 1507 adhuc
1019 1451 1175 1507 enim
1200 1453 1435 1520 timens,
1451 1452 1717 1524 quaesivit
1735 1453 2095 1508 contrarium

427 1543 695 1615 signum,
730 1544 797 1596 ut
826 1557 962 1596 area
1009 1541 1308 1612 compluta
1338 1545 1515 1609 esset,
1550 1544 1608 1596 et
1636 1541 1821 1597 vellus
1871 1543 2094 1598 siccum

427 1633 619 1698 fieret,
653 1634 712 1686 et
757 1629 841 1686 ita
891 1630 1112 1685 factum
1143 1633 1252 1698 est,
1284 1632 1343 1685 et
1386 1629 1499 1686 fuit
1543 1631 1731 1686 victor
1761 1631 1960 1700 (ludio.
1992 1632 2092 1703 v1).

425 1720 637 1777 Vellus
668 1718 835 1793 prius
866 1719 1236 1792 complutum
1262 1718 1635 1791 signiﬁcabat
1663 1720 1899 1776 Judzeos
1931 1722 2096 1794 prius

427 1809 737 1867 credentes
768 1812 827 1864 et
854 1807 1122 1864 doctrina
1164 1808 1267 1864 Dei
1312 1808 1671 1881 complutos;
1707 1825 1841 1873 area
1869 1810 2094 1883 signiti-

427 1902 530 1988 cat
552 1896 803 1988 gentiles
819 1895 986 1970 prius
1003 1914 1037 1953 a
1054 1896 1168 1988 ﬁde
1190 1895 1405 1952 aridos.
1425 1896 1653 1988 Rursus
1674 1898 1923 1954 humida
1943 1900 2098 1956 facta
2124 1920 2174 1988 B

428 1986 731 2061 signiﬁcat
758 1985 922 2058 ipsos
950 1985 1196 2059 gentiles
1229 1990 1434 2058 postea
1465 1987 1535 2043 ad
1560 1987 1737 2043 fidem
1758 1988 2094 2059 venientes;

431 2081 494 2132 et
509 2073 698 2131 vellus
719 2074 966 2142 siccum,
981 2074 1239 2143 Judaaos,
1256 2075 1357 2148 qui
1381 2075 1709 2133 doctrinam
1743 2078 1974 2134 Domini
2000 2097 2095 2136 vo-

433 2164 694 2232 luerunt,
721 2162 877 2220 sicut
902 2162 1047 2219 dicit
1074 2163 1135 2218 in
1163 2163 1408 2220 Actibus
1439 2165 1836 2237 apostolorum
1860 2168 2098 2240 Aposto-

432 2252 532 2309 lus
550 2268 564 2307 :
582 2250 764 2309 Vobis
786 2250 898 2308 ibit
918 2251 1169 2309 missum
1185 2252 1428 2308 verbum
1453 2253 1574 2323 Dei,
1592 2255 1693 2311 sed
1717 2254 1855 2328 quia
1879 2258 2099 2331 respui-

437 2340 549 2398 stis
579 2338 745 2409 illud,
778 2356 911 2396 ecce
939 2340 1339 2397 convertimur
1374 2342 1447 2398 ad
1493 2346 1716 2417 gentes.
1741 2345 1842 2402 Vel
1888 2364 2094 2419 possu-

438 2445 576 2485 mus
606 2428 759 2485 hanc
780 2427 1229 2486 similitudinem
1252 2432 1584 2504 expressius
1607 2437 1990 2508 notare,quod
2025 2438 2098 2493 si-

439 2521 540 2575 cut
561 2517 759 2592 pluvia
780 2534 969 2592 neque
991 2519 1316 2592 corrumpit
1331 2520 1514 2578 vellus
1535 2525 1772 2593 cadens,
1790 2542 1894 2582 nec
1915 2527 2095 2582 etiam

438 2607 660 2676 exiens,
696 2606 779 2663 sic
840 2624 945 2664 nec
995 2613 1336 2681 conceptus,
1369 2627 1556 2683 neque
1605 2618 1809 2685 partus
1858 2616 2098 2688 corripit

434 2696 744 2770 virginem,
772 2700 830 2753 et
860 2695 969 2754 iste
996 2696 1127 2754 talis
1160 2698 1429 2771 irrigabit
1458 2705 1648 2758 totum
1673 2704 1963 2760 mundum
1994 2723 2097 2778 per

435 2785 766 2843 doctrinam
798 2803 991 2855 suam,
1017 2791 1075 2844 et
1095 2786 1229 2844 inde
1254 2788 1453 2858 dicit,«
1474 2794 1531 2847 et
1560 2792 1714 2848 sicut
1734 2792 2090 2864 stillicidia,»

436 2875 494 2931 id
520 2878 611 2932 est
631 2892 785 2949 aqua
805 2875 1038 2933 stillans
1059 2878 1131 2934 de
1151 2877 1293 2935 coelo
1319 2901 1347 2930 «
1370 2878 1671 2937 stillicidia
1695 2903 1722 2933 »
1748 2881 1898 2951 dico,
1923 2905 1951 2934 «
1974 2883 2093 2940 stil-

432 2964 620 3022 lantia
649 2982 827 3039 super
855 2970 1093 3034 terram,
1122 2990 1149 3017 »
1185 2966 1243 3022 id
1275 2972 1364 3025 est
1393 2984 1571 3043 super
1599 2974 1821 3044 gentes.

508 3075 537 3106 ‹‹
558 3053 809 3111 Orietur.
832 3076 860 3107 »
885 3054 1026 3112 Pars
1057 3057 1337 3113 secunda.
1359 3058 1504 3115 Ecce
1526 3082 1554 3109 «
1580 3059 1638 3115 in
1670 3059 1879 3118 diebus
1909 3063 2037 3134 ejus
2060 3086 2089 3114 »

434 3143 610 3217 regis,
644 3142 704 3199 id
735 3147 825 3200 est
853 3143 913 3199 in
944 3147 1206 3217 tempore
1237 3144 1472 3220 Christi,
1500 3170 1529 3199 ‹‹
1555 3148 1778 3206 orietur
1798 3152 2090 3224 justitia,»

434 3231 574 3306 quia
594 3249 698 3305 per
717 3233 847 3305 ejus
867 3234 1180 3290 adventum
1196 3234 1625 3306 justiﬁcabitur
1649 3240 1842 3296 omnis
1863 3242 2086 3313 justus,

437 3340 463 3371 α
496 3325 555 3377 et
584 3321 954 3377 abundantia
983 3322 1163 3394 pacis,
1188 3344 1217 3374 »
1252 3322 1309 3379 id
1353 3329 1444 3381 est
1475 3328 1872 3386 reconciliatio
1903 3332 2087 3388 abun-

432 3408 608 3477 dans,
637 3407 781 3480 quia
809 3425 913 3480 per
939 3412 1130 3464 totum
1161 3411 1451 3467 mundum
1493 3413 1624 3483 erit,
1659 3415 1798 3487 quia
1825 3418 1896 3473 de
1929 3422 2087 3477 omni

434 3499 600 3567 parte
627 3499 802 3550 erunt
828 3495 1101 3553 homines
1133 3498 1488 3556 reconciliati
1510 3501 1651 3572 Deo,
1676 3521 1786 3576 pax
1808 3507 1938 3563 dico
1967 3526 2092 3582 per-

434 3598 741 3652 manens,«
765 3583 948 3640 donec
976 3585 1280 3642 auferatur
1307 3585 1468 3655 luna,
1492 3612 1521 3640 »
1546 3591 1605 3646 id
1636 3597 1727 3648 est
1746 3595 1929 3652 donec
1950 3615 2090 3670 prae-

431 3688 570 3729 sens
599 3670 859 3729 Ecclesia
890 3673 1212 3742 auferatur,
1238 3674 1296 3731 id
1319 3681 1409 3734 est
1436 3678 1538 3734 ﬂat
1566 3680 1912 3753 spiritualis,
1937 3688 2089 3743 scili-

428 3765 524 3818 cet
569 3759 945 3836 immortalgs,
983 3761 1391 3836 impassibilis,
1419 3789 1447 3817 «
1478 3768 1661 3825 donec
1711 3772 2030 3847 auferatur,
2054 3800 2081 3829 »

428 3848 488 3905 id
520 3849 900 3940 estquandiu
930 3851 1191 3909 mundus
1222 3853 1332 3908 erit
1358 3870 1370 3909 :
1405 3855 1521 3912 alia
1549 3859 1855 3918 translatio
1885 3863 2083 3940 habet,

432 3937 797 3995 sustollatur.

497 4026 602 4084 Hic
629 4028 887 4085 ostendit
919 4030 1371 4103 amplitudinem
1403 4037 1588 4109 regni,
1612 4061 1639 4087 «
1675 4044 1733 4094 et
1753 4062 1781 4091 »
1808 4041 1916 4098 iste
1938 4068 1965 4093 ‹‹
1988 4044 2082 4100 do-

425 4116 753 4174 minabitur
783 4134 818 4174 a
847 4118 996 4174 mari
1019 4142 1047 4169 ››
1070 4120 1340 4178 orientali
1363 4147 1391 4173 ιι
1426 4142 1613 4198 usque
1643 4129 1717 4183 ad
1748 4146 1909 4187 mare
1933 4155 1961 4183 »
1986 4150 2080 4189 oc-

422 4205 732 4272 cidentale,
758 4228 787 4256 ‹‹
817 4211 875 4262 et
904 4223 940 4263 a
968 4208 1268 4277 ﬂumine,»
1290 4211 1347 4267 id
1379 4218 1467 4269 est
1496 4232 1529 4270 a
1557 4215 1867 4288 Jordane,«
1895 4238 2081 4295 usque

422 4296 496 4352 ad
526 4296 814 4352 terminos
843 4296 1003 4353 orbis
1034 4302 1392 4369 terrarum,»
1417 4302 1473 4359 id
1507 4308 1596 4360 est
1624 4304 1682 4361 in
1713 4308 1961 4366 circuitu
1992 4316 2078 4368 to-

421 4384 541 4442 tius
573 4384 753 4441 orbis.
780 4384 887 4441 Per
916 4385 1134 4442 flumen
1157 4388 1452 4460 Jordanis,
1478 4392 1536 4449 in
1559 4411 1675 4466 quo
1697 4396 1962 4455 Christus
1984 4401 2081 4457 ba-

420 4468 677 4545 ptizatus
706 4477 816 4541 est,
840 4474 1163 4546 accipimus
1193 4477 1553 4551 baptismum
1588 4500 1691 4555 per
1711 4500 1887 4556 quem
1920 4488 2080 4545 Chri-

419 4566 551 4618 stus
582 4561 866 4619 dilatatur
896 4580 999 4636 per
1027 4569 1217 4622 totum
1249 4570 1561 4626 mundum.

494 4672 523 4701 ‹‹
552 4650 760 4708 Coram
810 4651 909 4708 illo
953 4675 980 4702 ››

417 4743 508 4796 est
536 4740 839 4812 nigerrimi
872 4742 930 4797 in
964 4743 1237 4814 peccatis,
1264 4768 1290 4795 ‹‹
1325 4750 1381 4801 et
1411 4746 1634 4805 inimici
1681 4752 1809 4823 ejus
1852 4756 2068 4812 terram

414 4826 661 4900 lingent,
704 4851 731 4878 »
776 4834 833 4885 et
880 4829 1002 4887 haec
1048 4834 1276 4889 terrena
1330 4851 1562 4907 semper
1611 4845 1906 4911 appetent,
1942 4858 2069 4916 quae

414 4920 556 4972 sunt
586 4917 755 4975 cibus
786 4918 1023 4975 diaboli.

481 5028 512 5056 «
538 5006 724 5080 Reges
750 5008 1013 5076 Tharsis,
1035 5013 1091 5064 et
1113 5010 1372 5067 insulae.»
1398 5036 1425 5063 ‹‹
1449 5013 1691 5072 'l‘harsis
1719 5041 1744 5067 »
1767 5022 2070 5092 exploratio

410 5092 833 5165 interpretatur
879 5098 1092 5166 gaudii,
1116 5098 1203 5154 vel
1255 5104 1653 5174 contmnplatio.
1689 5106 1847 5163 Unde
1879 5110 2020 5166 dicit
2049 5129 2061 5167 :

406 5180 603 5255 Aliqui
634 5184 933 5242 venientes
986 5187 1058 5242 de
1108 5188 1502 5259 exploratione
1550 5194 1771 5264 gaudii,
1822 5198 2064 5271 scilicet,

407 5271 755 5359 postpositis
786 5274 1021 5347 gaudiis
1055 5276 1228 5333 istius
1258 5280 1487 5347 mundi,
1532 5281 1812 5340 facientes
1842 5287 2066 5359 scipsos

407 5356 557 5416 bene
578 5364 1322 5435 regnantes,carnalitatem
1347 5384 1515 5424 suam
1533 5369 1618 5425 vel
1638 5370 1783 5427 alios
1802 5356 2065 5449 olferent,

407 5461 557 5517 quos
580 5450 651 5504 ad
679 5467 815 5506 eum
852 5455 1315 5510 convertent.Vel
1342 5480 1367 5505 ‹‹
1394 5457 1694 5527 Tharsis,»
1726 5462 1781 5518 id
1809 5469 1898 5520 est
1927 5484 2062 5523 con-

404 5535 807 5607 templationis
835 5555 1056 5611 regas,«
1081 5543 1324 5599 oll'erent
1355 5563 1598 5603 munera
1622 5573 1648 5599 ››
1673 5557 1723 5605 et
1754 5576 1779 5603 ‹‹
1804 5554 2009 5610 insula)
2037 5580 2062 5605 υ

405 5635 533 5691 quae
556 5630 699 5679 sunt
717 5625 775 5680 in
801 5627 992 5681 medio
1016 5630 1217 5698 maris,
1239 5638 1295 5688 et
1317 5640 1456 5689 sunt
1478 5640 1632 5691 terra
1655 5640 1825 5697 sicca.
1857 5643 1961 5697 Per
1984 5644 2065 5698 in-

286 5736 292 5747 ι
403 5708 565 5765 aulas
589 5727 717 5779 qua:
740 5716 882 5767 sunt
903 5716 1055 5769 terra
1077 5717 1231 5775 sicca
1250 5726 1307 5777 et
1328 5724 1692 5782 circumdata
1714 5731 1857 5785 mari
1873 5774 1886 5798 ,
1913 5732 2061 5787 acci-

2211 642 2669 715 coinquinantur
2686 664 2719 701 a
2740 646 3078 702 turbinibus
3100 647 3281 719 hujus
3297 647 3599 717 vitae,licet
3619 650 3871 708 circum-

2211 748 2443 805 quaque
2475 737 2802 790 tundantur
2823 753 2856 790 a
2876 735 3146 810 procellis
3178 736 3355 808 hujus
3386 740 3616 810 mundi,
3641 745 3750 796 ctu
3788 760 3867 797 re-

2211 837 2312 893 ges
2328 823 2584 878 Arabum
2609 828 2665 879 et
2687 825 2840 880 Saba
2860 847 2885 873 ››
2901 824 3060 880 illius
3076 809 3324 883 alterius
3346 827 3552 900 regni«
3573 809 3869 887 adducent

2211 911 2385 978 dona,
2416 934 2441 957 ››
2465 913 2620 983 quod
2653 916 2741 968 est
2770 913 3129 985 completum
3179 914 3239 970 in
3292 916 3596 973 nativitate
3627 919 3864 987 Christi,

2210 1015 2345 1054 cum
2381 999 2461 1053 illi
2497 1016 2679 1071 reges,
2707 1000 2875 1055 stella
2905 1002 3073 1071 duce,
3099 1002 3330 1058 Christo
3360 1003 3607 1059 Domino
3639 1006 3867 1064 diversa

2212 1105 2456 1143 munera
2485 1088 2827 1144 obtulerunt
2855 1090 3060 1159 (Matth.
3088 1092 3169 1161 ιι).
3192 1091 3317 1159 Vel,
3352 1093 3489 1164 quia
3530 1095 3753 1150 Arabes
3785 1097 3865 1151 di-

2208 1182 2425 1232 cuntur
2445 1196 2574 1233 esse
2596 1179 2871 1234 ditissimi
2893 1184 2950 1234 et
2971 1181 3342 1235 abundantes
3364 1181 3421 1235 in
3445 1183 3667 1239 divitiis
3689 1184 3865 1256 hujus

2208 1266 2356 1334 vitai,
2383 1269 2565 1323 Sabaei
2602 1269 2971 1324 abundantes
3001 1270 3059 1323 in
3092 1269 3370 1325 odoribus
3399 1275 3457 1326 et
3483 1270 3615 1327 aliis
3643 1272 3868 1329 deliciis

2208 1357 2387 1428 hujus
2410 1359 2555 1425 vitae,
2584 1375 2904 1429 possumus
2934 1357 3019 1413 sic
3042 1358 3271 1413 dicere:
3302 1381 3329 1409 ‹‹
3353 1376 3518 1433 reges
3546 1362 3865 1431 Arabum,»

2206 1445 2261 1500 id
2296 1452 2387 1501 est
2417 1447 2517 1518 qui
2549 1447 2813 1502 dimissis
2835 1447 3079 1519 divitiis,
3101 1453 3159 1502 et
3178 1448 3424 1517 deliciis,
3450 1454 3508 1504 et
3527 1451 3868 1508 odoramen-

2206 1536 2283 1591 tis
2305 1536 2485 1608 hujus
2505 1536 2652 1604 vitaz,
2679 1537 2907 1609 seipsos
2930 1536 3210 1593 facientes
3233 1554 3421 1611 reges,
3448 1540 3706 1596 otl'crunt
3727 1543 3867 1615 seip-

2206 1642 2305 1680 sos
2336 1626 2450 1681 Deo
2481 1625 2538 1681 in
2573 1643 2855 1682 munera:
2884 1626 2968 1682 vel
3003 1626 3144 1699 quia
3190 1627 3403 1683 Arabia
3451 1627 3870 1702 interpretatur

2205 1716 2513 1787 humilitas,
2545 1718 2823 1772 succcnsio
2853 1716 3014 1785 Saba,
3048 1714 3435 1789 intelligimus
3465 1717 3751 1787 humiles,
3777 1722 3870 1792 qui

2205 1804 2266 1859 in
2299 1821 2360 1860 se
2393 1806 2761 1861 succendunt
2791 1805 2991 1861 omnia
3018 1804 3180 1875 vitia,
3212 1809 3270 1861 et
3299 1805 3383 1861 sic
3414 1806 3551 1863 facti
3582 1824 3782 1881 reges,
3816 1826 3871 1865 se

2206 1893 2321 1950 Deo
2352 1910 2599 1951 munera
2624 1896 2898 1951 offerunt.

2278 2007 2305 2032 «
2339 1984 2408 2039 Et
2440 2006 2467 2034 ››
2501 1988 2738 2057 propter
2785 1984 2897 2040 hoc
2927 2009 2953 2034 ‹‹
2989 2001 3124 2040 eum
3170 2007 3197 2033 ››
3244 2001 3439 2058 regem
3476 2007 3498 2034 ο
3534 1985 3872 2042 adorabunt

2206 2088 2410 2129 omnes
2459 2091 2625 2147 reges
2661 2098 2686 2122 ››
2720 2074 2820 2146 qui
2871 2072 3037 2147 prius
3091 2072 3356 2129 solebant
3398 2074 3655 2144 adorari,
3690 2075 3753 2130 id
3788 2082 3870 2131 est

2205 2162 2387 2235 aliqui
2433 2165 2505 2219 de
2554 2164 2712 2219 omni
2764 2180 2974 2237 genere
3024 2180 3251 2238 regum,
3281 2169 3340 2221 et
3387 2164 3563 2221 etiam
3597 2189 3627 2215 «
3664 2183 3869 2224 omnes

2205 2257 2408 2323 gentes
2443 2276 2469 2301 ››
2503 2269 2631 2326 qua:
2662 2254 2826 2326 prius
2875 2252 3145 2310 solebant
3183 2254 3397 2311 servire
3433 2255 3690 2312 terrenis
3723 2257 3871 2330 regi-

2206 2340 2337 2409 bus,
2360 2365 2388 2390 ‹‹
2422 2342 2677 2398 servient
2706 2343 2758 2398 ei
2784 2365 2812 2392 »
2834 2342 3054 2398 cmlesti
3086 2342 3230 2416 regi.

2278 2454 2303 2479 α
2332 2431 2594 2487 Servient
2620 2454 2639 2479 υ
2669 2432 2820 2497 dico,
2842 2436 2900 2487 et
2938 2432 3170 2501 merito,
3192 2456 3221 2482 ‹‹
3251 2432 3389 2504 quia
3425 2432 3551 2505 ipse
3595 2433 3866 2491 liberavit

2205 2535 2528 2591 pauperem
2564 2544 2577 2569 ›
2622 2538 2828 2577 verum
2850 2544 2879 2571 ‹‹
2913 2539 2948 2577 a
2978 2526 3232 2594 potente,
3259 2542 3283 2573 1
3310 2521 3369 2578 id
3399 2526 3490 2578 est
3532 2540 3566 2578 a
3607 2523 3860 2594 diabolo,

2205 2610 2378 2680 cujus
2398 2609 2718 2681 potentiam
2746 2611 3005 2666 ostendit
3029 2610 3126 2667 ille
3158 2611 3255 2683 qui
3279 2611 3420 2667 dicit
3444 2629 3492 2666 τι
3517 2612 3665 2667 Cum
3702 2614 3861 2670 fortis

2205 2702 2469 2753 armatus
2510 2700 2769 2755 custodit
2812 2699 3026 2755 atrium
3081 2717 3255 2756 suum
3279 2701 3430 2769 (Luc.
3454 2702 3571 2770 x1):
3600 2723 3629 2750 »ι
3655 2704 3717 2758 et
3750 2720 3857 2758 non

2204 2785 2332 2842 dico
2358 2808 2385 2840 α
2407 2804 2778 2860 pauperem,-
2805 2788 2904 2862 qui
2928 2788 3139 2844 habeat
3161 2788 3384 2862 aliquid
3407 2790 3678 2859 subsidii,
3697 2792 3758 2847 id
3778 2795 3860 2848 est

2205 2874 2648 2933 liberationem:
2675 2879 2776 2934 sed
2812 2877 2982 2934 illum
3004 2902 3031 2927 «
3066 2895 3404 2951 pauperem,
3447 2878 3538 2933 cui
3590 2896 3709 2935 non
3740 2885 3855 2936 erat

2203 2966 2490 3037 adjutor,»
2517 2966 2577 3022 id
2608 2971 2697 3023 est
2727 2969 2826 3041 qui
2861 2985 2977 3023 non
3010 2970 3236 3040 poterat
3264 2967 3519 3036 liberari,
3544 2968 3632 3023 vel
3665 2985 3772 3041 per
3798 2970 3855 3025 li-

2202 3054 2407 3110 berum
2457 3056 2900 3123 arbitrium,vel
2953 3056 3067 3113 alio
3118 3057 3310 3125 modo,
3346 3057 3457 3112 nisi
3506 3074 3610 3129 per
3656 3057 3854 3130 ipsum

2200 3143 2520 3200 Christum.
2546 3146 2709 3203 Unde
2756 3147 3013 3203 Joannes
3051 3145 3108 3201 in
3152 3145 3493 3220 Apocalypsi
3522 3163 3573 3202 τα
3594 3147 3722 3203 Non
3768 3152 3855 3204 est

2203 3232 2476 3291 inventus
2504 3235 2676 3305 alius,
2700 3236 2801 3309 qui
2847 3236 3062 3293 librum
3096 3236 3365 3309 aperiret,
3392 3235 3502 3291 nisi
3532 3254 3723 3310 agnus
3753 3238 3851 3310 qui

2201 3324 2430 3381 occisus
2461 3330 2551 3381 est
2579 3325 2760 3399 (Apoc.
2785 3329 2862 3396 v).
2885 3345 2912 3377 ο

2272 3414 2411 3470 Dico
2438 3438 2459 3464 α
2489 3433 2802 3488 pauperem
2839 3415 3162 3485 liberabit,»
3191 3419 3249 3471 et
3277 3414 3361 3470 illi
3387 3414 3651 3485 liberato,
3681 3440 3703 3466 α
3730 3434 3853 3489 par-
3912 3418 3913 3427 “

2199 3507 2309 3573 cet,
2340 3527 2360 3552 ι
2387 3503 2445 3559 id
2476 3508 2566 3560 est
2591 3522 2708 3560 non
2737 3505 2942 3577 puniet
2972 3505 3296 3560 secundum
3329 3504 3563 3577 singula
3592 3510 3848 3578 peccata,

2197 3591 2284 3647 vel
2314 3613 2336 3641 α
2370 3597 2571 3665 parcet
2601 3593 2843 3667 pauperi
2871 3618 2892 3644 ι»
2919 3594 3060 3667 quia
3102 3610 3217 3650 non
3267 3593 3518 3667 patietur
3554 3611 3691 3650 eum
3723 3598 3848 3651 ten-

2198 3680 2308 3736 tari
2350 3700 2532 3755 supra
2588 3683 2647 3737 id
2705 3684 2861 3756 quod
2922 3687 3114 3756 potest
3144 3686 3198 3753 (1
3221 3683 3341 3740 Car.
3363 3682 3419 3753 x)
3444 3699 3457 3738 :
3483 3706 3510 3733 ‹‹
3534 3688 3592 3738 et
3637 3682 3796 3756 inopi
3822 3708 3845 3732 υ

2197 3771 2373 3827 etiam
2410 3776 2688 3844 «parcet,
2715 3796 2742 3822 »
2776 3773 2859 3828 illi
2904 3772 2998 3829 cui
3049 3771 3279 3829 nullum
3328 3776 3419 3828 est
3466 3772 3842 3843 adjutorium,

2195 3860 2310 3917 nisi
2342 3861 2414 3917 ab
2446 3862 2573 3934 ipso
2598 3879 2611 3918 :
2638 3885 2667 3912 «
2699 3866 2757 3918 et
2788 3862 3017 3919 animas
3049 3878 3370 3936 pauperum
3404 3861 3592 3918 salvas
3621 3861 3837 3918 faciet»

2195 3950 2432 4006 tandem
2463 3950 2523 4007 in
2545 3952 2774 4023 judicio
2798 3956 2855 4007 et
2884 3957 3018 4025 post
3048 3955 3315 4007 mortem.

2264 4040 2335 4095 Et
2365 4057 2467 4113 per
2496 4040 2607 4097 hoc
2652 4041 2876 4097 scilicet
2923 4042 3077 4114 quod
3106 4064 3126 4090 ε
3156 4041 3402 4097 redimet
3430 4063 3456 4090 ››
3478 4041 3663 4113 pretio
3710 4058 3835 4098 san-

2192 4126 2391 4203 guinis
2422 4129 2511 4187 sui
2539 4146 2551 4184 :
2579 4134 2635 4186 et
2654 4129 2747 4185 hic
2772 4130 3079 4186 manifeste
3104 4134 3351 4186 mortem
3369 4128 3581 4185 Christi
3615 4147 3837 4186 annua.

2192 4217 2300 4274 tiat
2333 4235 2345 4274 :
2377 4240 2398 4266 ι
2434 4219 2666 4275 animas
2696 4236 2898 4274 eorum
2933 4236 2998 4275 ex
3040 4218 3257 4286 usuris,
3293 4241 3321 4267 »
3343 4218 3401 4274 id
3462 4222 3550 4274 est
3578 4235 3646 4274 ex
3674 4237 3836 4291 poma

2191 4325 2317 4380 qua:
2363 4325 2467 4380 pro
2509 4313 2744 4380 peccato
2785 4308 2961 4365 datur
2985 4326 2997 4364 :
3018 4312 3075 4365 et
3096 4332 3123 4358 «
3157 4307 3484 4380 iniquitate,
3512 4330 3539 4357 ››
3563 4307 3618 4363 id
3650 4312 3738 4364 est
3768 4309 3834 4364 ab

2187 4396 2315 4469 ipso
2347 4402 2641 4470 peccato,«
2668 4401 2725 4452 et
2747 4414 2959 4453 nomen
2981 4413 3182 4454 eorum
3210 4420 3237 4447 »
3260 4397 3483 4454 scilicet
3502 4397 3656 4469 quod
3677 4396 3833 4452 Chri-

2187 4485 2361 4543 stiani
2396 4490 2555 4556 sunt,
2586 4485 2725 4541 licet
2768 4490 2902 4542 ante
2940 4490 3205 4560 potentes
3246 4485 3425 4558 hujus
3466 4484 3669 4541 mundi
3700 4502 3832 4541 con-

2188 4578 2488 4630 temnatur
2516 4578 2583 4630 ut
2628 4574 2740 4630 vilc
2789 4574 3033 4647 aliquid,
3071 4580 3267 4630 tamen
3297 4575 3406 4630 erit
3439 4597 3467 4625 «
3498 4573 3831 4631 honorabile

1022 4670 1179 4727 rege,
1204 4679 1233 4706 ‹‹
1262 4659 1567 4729 procident
1614 4661 1931 4736 Ethiopes,
1955 4688 1982 4718 »
2020 4667 2074 4723 id
2106 4665 2155 4731 D
2188 4681 2384 4720 coram
2417 4662 2536 4731 illo,
2562 4686 2589 4714 ››
2623 4664 2681 4719 id
2713 4669 2802 4719 est
2833 4664 2890 4719 in
2924 4663 3288 4736 beneplacito
3320 4663 3497 4719 illius.

2252 4753 2803 4809 Commendationes
2826 4752 2983 4809 illius
3006 4752 3159 4826 regis
3181 4770 3231 4809 ;‹‹
3256 4757 3313 4808 et
3334 4753 3480 4809 vivet
3506 4774 3531 4800 ι)
3557 4752 3827 4809 ωιριιῐιιιιί-

2180 4841 2453 4909 ter.Vel,u
2474 4843 2677 4911 vivet,»
2701 4844 2759 4898 id
2782 4848 2871 4898 est
2892 4846 3161 4898 mortuus
3184 4847 3501 4915 resurget,«
3526 4847 3579 4898 et
3600 4842 3829 4898 dabitur

2180 4932 2230 4988 ci
2264 4933 2335 4987 de
2363 4948 2503 4987 auro
2524 4932 2803 4999 Arabiaz,»
2825 4932 2883 4988 id
2906 4935 2996 4988 est
3021 4932 3092 4987 de
3114 4931 3423 5005 praecipuis
3446 4930 3828 5003 sapientibus,

2179 5026 2244 5077 ut
2276 5021 2588 5092 Dionysius
2620 5026 2676 5076 et
2718 5021 2953 5077 Paulus.
2992 5021 3098 5076 Per
3140 5037 3351 5076 aurum
3396 5019 3641 5086 Arabiae,
3676 5022 3824 5092 quod

2178 5108 2415 5164 charius
2437 5113 2527 5163 est
2547 5108 2660 5164 alio
2684 5125 3047 5175 auro,unum
3073 5106 3421 5180 intelligitur
3438 5123 3647 5162 aurum
3675 5106 3826 5163 illius

2177 5202 2342 5253 terra:
2375 5215 2502 5253 esse
2533 5198 2845 5269 optimum,
2876 5195 3263 5269 intelligimus
3294 5195 3578 5268 pretiosos
3608 5196 3826 5267 sapien-

2176 5290 2282 5353 tes,
2305 5311 2329 5335 ‹‹
2361 5291 2419 5341 et
2450 5286 2777 5341 adorabunt
2806 5287 2876 5342 de
2906 5286 3031 5358 ipso
3062 5302 3312 5358 semper,
3334 5305 3360 5337 η
3386 5284 3443 5340 id
3475 5288 3565 5341 est
3594 5289 3826 5358 propter

2177 5375 2393 5448 ipsum,
2424 5379 2489 5432 ut
2517 5373 2779 5447 seipsum
2811 5376 2908 5430 det
2937 5375 3040 5445 eis,
3068 5374 3222 5430 sicut
3242 5373 3532 5430 diceretur
3563 5373 3635 5428 de
3667 5390 3822 5439 auro,

2177 5467 2399 5533 adorat,
2422 5464 2521 5537 qui
2554 5481 2765 5519 aurum
2798 5463 3192 5536 postulat.Vel
3216 5464 3285 5519 de
3306 5463 3455 5534 ipso,
3481 5461 3540 5517 id
3563 5466 3653 5518 est
3666 5464 3827 5535 juxta

2175 5556 2395 5627 ipsum,
2430 5555 2485 5608 id
2538 5558 2626 5608 est
2664 5555 2987 5608 secundum
3040 5554 3149 5609 hoc
3178 5553 3331 5625 quod
3390 5552 3513 5623 ipse
3573 5551 3825 5608 instituit

2175 5661 2360 5709 orare,
2393 5643 2634 5710 scilicet,
2677 5644 2998 5698 cantabunt
3035 5660 3047 5697 :
3095 5644 3261 5698 Pater
3304 5645 3527 5706 noster,
3559 5646 3619 5696 et
3654 5664 3682 5690 ‹‹
3712 5648 3824 5698 tota

2174 5732 2286 5800 die,
2317 5758 2336 5781 υ
2365 5732 2420 5787 id
2454 5737 2543 5787 est
2575 5733 2732 5788 omni
2762 5736 3025 5804 tempore
3051 5756 3076 5779 ‹‹
3110 5730 3451 5787 benedicent
3483 5729 3556 5786 ei.
3589 5754 3611 5780 ι
