3936 6398
169 511 285 575 437

1349 510 1845 575 EXPLANATIO
1889 510 1968 572 IN
2010 512 2393 578 PSALMOS.

3458 504 3579 587 438

239 649 367 721 Ipse
395 645 573 703 etiam
607 668 635 697 «
668 643 780 703 erit
807 646 1245 703 ﬁrmamentum
1274 646 1335 701 in
1367 647 1619 703 summis
1639 662 1812 702 mon-
1841 644 1898 713 Α
1927 638 3577 723 nalisJudaieipopuli,eomprobanthbctesiimoniaﬁde-

167 738 335 807 tium,
371 759 398 787 ››
430 736 489 792 id
537 740 628 792 est
676 735 1095 808 apostolorum,
1124 753 1240 808 quo
1290 738 1490 792 ﬁrmos
1536 735 1709 791 faciet
1755 738 1812 790 et

160 830 493 884 constantes
515 850 542 875 ‹‹
567 826 627 880 in
648 829 864 895 terra,»
890 826 988 880 ubi
1012 826 1180 897 pauci
1205 830 1455 898 possunt
1477 842 1605 880 esse
1631 824 1805 893 ﬁrmi,

159 919 215 974 et
242 917 339 972 ubi
374 914 626 971 maxime
647 931 797 987 opus
819 914 1263 971 conﬁrmatione
1286 912 1386 970 Dei
1413 933 1425 970 :
1452 919 1509 971 et
1530 938 1557 964 ‹‹
1583 915 1809 969 fruetus

159 1007 302 1079 ejus,
330 1028 357 1053 »
380 1004 436 1059 id
470 1006 562 1059 est
591 1004 747 1058 bona
773 1002 1051 1075 operatio,
1080 1021 1259 1075 quam
1292 1020 1393 1076 per
1421 1020 1555 1058 eum
1588 1002 1810 1058 iaciunt

161 1095 272 1163 sui,
296 1116 324 1144 ‹‹
348 1091 660 1148 extolletur
680 1108 857 1164 super
878 1090 1186 1160 Libanum,
1216 1116 1242 1140 ι»
1266 1092 1323 1147 id
1347 1095 1435 1148 est
1456 1091 1810 1147 candidatio—

164 1201 292 1241 nem
322 1183 505 1255 hujus
536 1180 765 1249 mundi,
797 1180 937 1254 quia
965 1180 1137 1253 longe
1167 1182 1437 1255 digniora
1467 1185 1607 1237 sunt
1635 1196 1811 1254 opera

154 1274 658 1345 justorum,quam
679 1271 756 1326 sit
776 1275 1234 1343 quantacunque
1254 1272 1515 1343 potentia
1535 1272 1714 1343 hujus
1728 1272 1809 1326 vi-

164 1367 232 1417 ta:
256 1379 269 1416 :
293 1366 351 1417 et
382 1359 464 1415 illi
495 1359 701 1416 remoti
725 1382 751 1407 ‹‹
781 1360 851 1415 de
886 1384 912 1407 ››
944 1360 1054 1416 hac
1086 1384 1112 1409 ‹‹
1148 1360 1379 1417 civitate
1415 1385 1440 1409 ››
1473 1364 1531 1416 et
1562 1360 1719 1416 ducti
1750 1360 1809 1415 in

163 1450 335 1507 aliam
367 1448 685 1514 civitatem,
716 1447 774 1503 id
813 1453 901 1503 est
947 1448 1006 1504 in
1060 1466 1375 1522 supernam
1422 1450 1809 1520 Hierusalem,

163 1564 189 1591 «
225 1539 515 1596 ﬂorebunt
538 1560 565 1586 ››
590 1537 723 1593 facti
754 1536 1116 1594 immortales
1147 1543 1206 1594 et
1234 1538 1654 1611 impassibiles,
1678 1564 1702 1587 ‹‹
1733 1539 1810 1594 si-

162 1632 257 1686 cut
283 1629 484 1685 fenum
515 1631 680 1683 terra:
707 1650 732 1675 υ
767 1628 924 1699 quod
954 1631 1044 1683 est
1073 1627 1254 1683 viride
1286 1632 1342 1682 et
1374 1628 1647 1683 ﬂoridum
1672 1644 1686 1683 :
1711 1646 1810 1683 ac-

162 1717 376 1791 cipitur
404 1740 433 1768 «
458 1716 659 1772 fenum
692 1739 720 1767 ››
754 1717 814 1771 in
845 1715 1004 1771 mala
1049 1716 1499 1789 signiﬁcatione,
1528 1717 1667 1789 quia
1696 1718 1810 1773 cito

164 1807 373 1864 arescit
401 1809 459 1862 et
488 1805 722 1874 transit,
756 1806 857 1861 sed
892 1823 1007 1862 non
1039 1805 1152 1861 hic.

227 1921 256 1947 ‹‹
290 1895 380 1953 Sit
399 1911 613 1952 nomen
635 1895 791 1965 ejus:
812 1918 838 1943 »
863 1895 1001 1951 Pars
1026 1894 1373 1961 tertia.Quia
1390 1896 1531 1951 facit
1551 1912 1691 1952 suos
1708 1896 1810 1952 ﬁo-

158 2002 302 2057 rere,
334 1988 392 2041 et
420 1984 541 2040 1]ωο
569 1982 769 2040 omnia
798 1983 953 2040 bona
982 1984 1207 2039 confert
1237 1983 1342 2055 eis,
1376 1984 1509 2041 ideo
1543 2008 1571 2034 «
1597 2002 1809 2042 nomen
1843 2017 1893 2082 B

158 2075 285 2146 ejus
314 2072 396 2131 sit
423 2071 822 2141 benedictum,
859 2094 886 2121 ››
918 2072 974 2127 id
1008 2076 1097 2129 est
1126 2072 1251 2144 ipse
1283 2072 1662 2129 nominabilis
1690 2098 1715 2124 «
1754 2074 1814 2129 in

158 2161 396 2233 saecula,
421 2184 449 2211 ››
470 2162 625 2235 quod
650 2184 677 2212 «
703 2177 915 2217 nomen
944 2184 971 2209 ››
995 2161 1165 2217 debet
1187 2160 1622 2234 benedici,quia
1642 2163 1814 2234 «ejus

157 2268 396 2324 nomen,
422 2274 449 2302 ››
470 2250 529 2308 id
552 2254 641 2308 est
657 2250 781 2324 ipse
806 2249 1184 2307 nominabilis
1208 2274 1235 2301 ιι
1261 2250 1319 2306 in
1347 2249 1609 2306 saecula»
1638 2274 1665 2300 ‹‹
1693 2268 1816 2323 per-

157 2344 360 2399 manet
386 2344 519 2398 ante
549 2338 755 2408 solem,
794 2362 822 2388 ››
854 2338 912 2396 id
945 2344 1036 2396 est
1082 2344 1216 2396 ante
1265 2340 1471 2396 mundi
1523 2340 1813 2396 constitu-

155 2430 400 2488 tionem.

223 2520 295 2578 Et
323 2537 444 2577 non
476 2519 667 2578 solum
694 2519 820 2592 ipse
852 2519 963 2575 erit
981 2520 1346 2588 benedictus,
1376 2520 1474 2576 sed
1496 2536 1701 2577 omnes
1723 2519 1814 2576 sui

153 2626 256 2683 per
283 2611 506 2683 ipsum,
532 2613 589 2665 et
616 2609 727 2665 hoc
758 2611 865 2677 est,
887 2632 914 2659 ‹‹
942 2613 999 2664 et
1021 2609 1443 2666 benedicentur
1461 2610 1521 2665 in
1542 2608 1670 2681 ipso
1693 2628 1815 2665 om-

153 2716 256 2756 nes
287 2699 484 2756 tribus
513 2703 700 2767 terrae,
726 2720 755 2746 »
789 2697 848 2752 id
880 2700 970 2753 est
998 2696 1181 2769 aliqui
1213 2698 1284 2753 de
1332 2698 1493 2753 omni
1541 2698 1724 2766 tribu,
1756 2702 1816 2753 et

155 2789 381 2862 perhoc
396 2812 425 2839 ‹‹
440 2804 645 2844 omnes
667 2790 871 2860 gentes
895 2786 1366 2859 magniﬁcabunt
1387 2786 1815 2859 eum.»thuia

158 2877 448 2950 Propheta
476 2874 757 2947 intelligit
787 2890 851 2930 se
881 2874 940 2928 in
973 2874 1099 2945 ipso
1138 2890 1267 2929 esse
1318 2874 1717 2943 benedictum,
1746 2892 1816 2931 ex

158 2970 326 3039 parte
358 2983 469 3022 sua
489 2962 781 3021 benedicit
800 2962 1320 3018 Deo.Continuatio
1344 2979 1357 3018 :
1384 2962 1577 3030 Dico,«
1603 2964 1663 3018 in
1685 2964 1813 3036 ipso

164 3055 590 3111 benedicentur
619 3067 822 3107 omnes
854 3050 1046 3106 tribus
1075 3054 1263 3119 terrae,
1289 3073 1316 3099 »
1340 3055 1395 3106 et
1424 3052 1551 3107 ideo
1582 3050 1707 3123 ipse
1738 3051 1816 3109 sit

157 3166 185 3193 ››
211 3140 562 3199 benedictus
587 3139 874 3196 Dominus
902 3138 1056 3194 Deus
1090 3138 1395 3211 Israel,qui
1415 3139 1552 3195 facit
1574 3139 1811 3196 mirabi-

156 3230 234 3289 lia
258 3246 538 3303 magna,»
561 3228 619 3284 id
651 3232 741 3284 est
769 3227 1196 3300 reparationem
1228 3228 1474 3284 humani
1499 3228 1815 3302 generis,et

155 3319 270 3377 alia
301 3337 316 3377 :
353 3343 381 3371 ‹‹
417 3317 578 3375 solus
612 3341 639 3367 »
672 3318 811 3390 quia
840 3316 1040 3372 nullus
1071 3316 1224 3373 alius
1246 3321 1437 3390 potest
1457 3317 1651 3375 ea.Vel
1675 3341 1703 3367 «
1728 3336 1815 3375 so-

1917 734 1992 791 lis
2022 736 2586 811 Synagogae,quibus
2618 739 2848 796 ﬁrmius
2879 740 3237 796 credendum
3267 746 3356 799 est
3388 759 3403 800 :
3437 744 3578 817 quia

1918 825 2083 897 prius
2111 826 2240 899 ipsa
2270 830 2575 901 Synagoga
2602 828 2939 885 laudaverat
2956 830 3142 886 Deum
3164 848 3269 903 pro
3291 832 3434 889 solis
3456 836 3572 892 ter-

1919 915 2074 970 renis
2101 932 2112 970 :
2139 920 2196 971 et
2224 916 2334 972 hoc
2365 917 2507 972 dicit
2536 918 2802 990 psalmus
2830 918 3123 991 Asaph,id
3145 923 3233 975 est
3252 920 3444 978 ﬁdelis
3466 923 3571 997 Sy-

1917 1020 2157 1077 nagogae
2189 1021 2203 1060 :
2235 1006 2431 1079 Asaph
2464 1005 2621 1062 enim
2653 1006 3076 1079 interpretatur
3104 1010 3497 1084 congregatio,
3515 1014 3574 1068 et

1917 1096 2007 1147 est
2024 1093 2210 1164 ipsius
2234 1094 2649 1166 prophetce,vel
2671 1095 2923 1166 alicujus
2937 1095 3128 1153 ﬁdelis
3149 1098 3220 1154 de
3242 1099 3569 1174 Synagoga.

1920 1181 2161 1237 Materia
2190 1188 2276 1239 est
2308 1183 2438 1255 ipsa
2460 1184 2649 1239 ﬁdelis
2673 1186 3000 1256 Synagoga.
3025 1187 3268 1256 Modus;
3294 1188 3357 1243 In
3378 1188 3572 1261 prima

1919 1273 2081 1340 parte
2095 1271 2350 1326 ostendit
2370 1290 2432 1326 se
2455 1271 2771 1344 aliquando
2794 1273 3177 1339 errasse,visa
3189 1276 3571 1349 prosperitate

1921 1359 2231 1415 malorum.
2252 1362 2313 1415 In
2339 1362 2598 1417 secunda
2618 1366 2802 1433 parte,
2819 1379 2945 1433 qua:
2968 1362 3210 1435 incipit:
3236 1388 3264 1416 «
3290 1367 3421 1422 Ideo
3443 1384 3576 1424 con-

1919 1452 2176 1504 vertctur
2204 1449 2457 1522 populus
2488 1468 2653 1505 meus
2684 1451 2778 1506 hic
2804 1472 2831 1500 »
2856 1451 3111 1507 ostendit
3138 1454 3574 1523 conversionem

1921 1555 2089 1593 suam
2122 1539 2195 1594 ab
2228 1539 2337 1595 hoc
2368 1556 2582 1605 errore,
2615 1543 2672 1594 et
2702 1539 2952 1595 aliorum
3001 1539 3400 1599 consimilium
3440 1543 3574 1600 sibi.

1922 1628 1987 1682 In
2020 1628 2189 1684 tertia
2219 1632 2404 1701 parte,
2428 1645 2554 1701 quae
2579 1628 2785 1701 incipit
2810 1645 2821 1684 :
2852 1651 2880 1680 «
2899 1629 3316 1687 Verumtamen
3340 1636 3579 1706 propter

1921 1716 2107 1783 dolos,
2127 1740 2154 1767 ››
2168 1718 2429 1773 ostendit
2449 1718 2604 1789 quod
2630 1734 2745 1773 non
2769 1721 2998 1774 tantum
3023 1735 3127 1791 per
3148 1719 3578 1779 novissimaho-

1922 1806 2100 1861 minis
2130 1806 2535 1879 prosperitatis
2564 1806 2744 1878 hujus
2767 1807 2963 1862 saeculi
2981 1823 3110 1864 esse
3132 1807 3288 1865 mala
3308 1809 3573 1866 conside-

1922 1899 2103 1961 ratur,
2134 1897 2236 1951 sed
2268 1895 2446 1952 etiam
2476 1911 2580 1968 per
2600 1896 2930 1967 praesentia,
2946 1896 3085 1968 quia
3106 1900 3161 1953 et
3182 1895 3342 1970 ipsos
3364 1897 3572 1955 divites

1923 1985 1983 2040 in
2017 1988 2250 2057 peccato
2281 1983 2665 2057 praecipitant,
2690 1988 2747 2040 et
2773 1983 2959 2042 bonos
2979 1984 3200 2041 invidia
3220 2001 3425 2043 eorum
3447 2004 3576 2061 pee-

1924 2089 2056 2129 care
2086 2072 2327 2129 faciunt.
2363 2073 2427 2129 In
2457 2076 2669 2146 quarta
2699 2076 2882 2146 parte,
2916 2089 3045 2146 quas
3075 2072 3280 2148 incipit
3313 2090 3327 2131 :
3361 2098 3391 2127 ‹‹
3422 2076 3572 2143 Quid

1924 2162 2081 2218 enim
2113 2160 2259 2217 mihi
2276 2165 2364 2217 est
2386 2161 2446 2217 in
2467 2160 2611 2217 coelo
2626 2160 2655 2217 ‘I
2674 2182 2702 2212 »
2728 2160 2986 2218 ostendit
3004 2178 3067 2219 se
3083 2177 3288 2219 verum
3309 2161 3572 2220 intellec-

1923 2255 2052 2307 tum
2064 2251 2298 2315 habere,
2314 2251 2509 2322 etjam
2529 2266 2647 2306 non
2667 2249 3033 2323 temporalia,
3048 2250 3149 2308 sed
3172 2248 3366 2308 solum
3388 2250 3574 2309 Deum

1923 2357 2202 2414 quaerere.
2251 2340 2503 2396 Intentio
2552 2343 2663 2407 est,
2712 2352 3079 2412 compescere
3129 2338 3451 2413 simplices,
3502 2351 3577 2399 ne

1924 2433 2298 2487 murmurent
2326 2430 2397 2486 de
2425 2427 2718 2486 malorum
2747 2426 3139 2504 prosperitate
3179 2432 3237 2487 et
3284 2427 3574 2489 bonorum

1925 2519 2297 2576 adversitate.

1991 2609 2210 2665 Videns
2241 2623 2377 2682 ergo
2407 2608 2695 2680 quosdam
2719 2606 3017 2681 simplices
3037 2606 3230 2665 adhuc
3254 2610 3579 2682 errare,ju-

1925 2699 2189 2754 dicantes
2219 2698 2405 2753 Deum
2437 2714 2797 2770 perversum,
2822 2697 2923 2771 qui
2956 2697 3129 2754 malis
3159 2715 3439 2772 prospera
3470 2699 3577 2755 tri-

1923 2787 2085 2851 buat,
2114 2791 2172 2841 et
2196 2785 2323 2842 suis
2349 2785 2506 2841 mala
2536 2787 2815 2853 conferat,
2848 2804 3228 2859 compescens
3252 2803 3456 2844 eorum
3484 2804 3576 2846 er-

1924 2890 2136 2940 rorem,
2161 2873 2338 2929 dicit:
2363 2873 2407 2928 0
2431 2895 2458 2922 ‹‹
2482 2877 2635 2929 Deus
2668 2874 2845 2930 Israel
2870 2896 2897 2924 »
2926 2874 3026 2947 qui
3057 2873 3164 2930 tibi
3192 2874 3425 2931 videtur
3442 2892 3575 2948 per-

1921 2979 2147 3028 versus,
2179 2978 2358 3034 quam
2389 2962 2580 3018 bonus
2614 2984 2642 3011 ››
2674 2966 2782 3029 est,
2806 2962 2864 3017 id
2889 2965 2979 3017 est
3006 2961 3234 3019 inﬁnite
3251 2963 3443 3019 bonus
3462 2968 3574 3021 est.

1921 3050 2046 3115 Vel,
2080 3073 2107 3100 ‹‹
2140 3050 2296 3106 Deus
2327 3048 2504 3106 Israel
2539 3072 2567 3098 ››
2600 3063 2778 3122 quam
2810 3050 3002 3106 bonus
3032 3054 3143 3118 est,
3176 3065 3304 3123 qua:
3342 3049 3576 3110 bonitas

1924 3156 2037 3195 non
2071 3142 2311 3212 apparet
2331 3138 2607 3195 omnibus
2626 3136 3101 3205 hominibus,sed
3128 3161 3157 3189 κ
3180 3138 3275 3195 his
3295 3139 3394 3213 qui
3417 3139 3575 3198 recte

1924 3232 2064 3285 sunt
2093 3228 2284 3294 corde,
2321 3250 2348 3276 ››
2379 3227 2440 3282 id
2469 3232 2558 3283 est
2586 3227 2686 3299 qui
2718 3230 2998 3300 reputant
3028 3226 3264 3285 utiliora
3307 3243 3438 3286 esse
3466 3230 3577 3286 ad-

1921 3335 2091 3375 versa
2118 3317 2179 3372 in
2208 3317 2317 3372 hac
2336 3316 2475 3383 vita,
2506 3334 2687 3389 quam
2718 3333 3019 3390 prospera.

154 3407 267 3478 lus,
294 3432 325 3459 ››
349 3408 491 3481 quia
514 3407 638 3479 ipse
660 3423 762 3479 per
784 3423 845 3461 se
870 3422 883 3461 :
909 3405 1007 3461 alii
1029 3423 1159 3462 vero
1184 3407 1232 3463 si
1256 3406 1481 3462 faciunt
1502 3406 1808 3476 miracula,
1842 3380 1887 3450 α
1997 3405 2099 3460 llic
2125 3404 2332 3476 incipit
2359 3421 2614 3461 errorem
2638 3422 2814 3461 suum
2836 3421 3140 3478 exponere.
3164 3406 3536 3465 Continuatio
3560 3423 3575 3465 :

152 3501 217 3553 ut
245 3499 455 3555 Petrus
483 3500 542 3552 et
573 3495 786 3564 cazteri,
818 3512 934 3551 non
967 3512 1069 3568 per
1098 3513 1159 3552 se
1189 3499 1444 3565 tantum,
1470 3498 1571 3552 sed
1595 3512 1663 3552 ex
1685 3497 1812 3569 ipso

150 3586 397 3645 faciunt.

222 3698 250 3725 ‹‹
282 3676 355 3732 Et
384 3691 599 3730 nomen
630 3674 961 3745 majestatis
1007 3675 1155 3745 ejus,
1192 3696 1220 3723 ››
1253 3675 1311 3729 id
1362 3678 1452 3730 est
1500 3675 1656 3747 quod
1707 3692 1817 3730 sua

153 3765 459 3837 majestas,
488 3763 548 3819 id
578 3766 668 3819 est
695 3762 823 3836 ipse
854 3779 1107 3836 magnus
1140 3764 1261 3831 dat,
1286 3763 1511 3819 scilicet
1531 3763 1815 3820 Christia-

155 3870 297 3909 num
319 3868 558 3920 nomen,
575 3851 689 3908 situ
708 3851 1079 3908 benedictum
1103 3873 1129 3901 »
1152 3868 1505 3925 permanens
1523 3876 1551 3902 «
1569 3852 1629 3908 in
1651 3857 1815 3909 aeter-

157 3958 322 4011 num,
342 3964 370 3992 »
393 3940 522 3997 ideo
543 3939 672 3996 dico
696 3964 723 3990 ‹‹
750 3957 965 3996 nomen
988 3941 1373 4013 majestatis,»
1398 3942 1537 4014 quia
1564 3964 1591 3993 ‹‹
1612 3942 1820 4014 majes-

156 4032 293 4099 tate,
321 4053 349 4081 ››
375 4029 434 4086 id
466 4033 557 4086 est
584 4027 891 4085 divinitate
915 4052 941 4077 ‹‹
969 4030 1098 4099 ejus
1121 4029 1444 4102 replebitur
1474 4029 1668 4086 omnis
1697 4034 1818 4086 ter-

159 4134 241 4186 ra,
260 4141 288 4169 n
301 4123 360 4175 et
383 4118 534 4174 hanc
558 4117 957 4191 operationem
982 4116 1331 4191 ingeminat,
1347 4118 1485 4190 quia
1507 4135 1628 4174 rem
1654 4118 1820 4175 valde

162 4206 609 4264 desiderabilem
641 4210 806 4280 optat
838 4223 973 4262 cum
1008 4206 1173 4276 dicit,
1198 4230 1225 4256 «
1260 4207 1363 4263 ﬁat
1395 4208 1513 4264 ﬁat.
1542 4228 1571 4255 »

630 4349 707 4405 IN
747 4335 1100 4405 PSALMUM
1146 4348 1358 4404 LXXII.

289 4457 567 4512 Trwws.
605 4457 936 4526 Defecerunt
966 4455 1154 4511 laudes
1174 4456 1367 4521 David,
1398 4457 1508 4527 ﬁlii
1534 4457 1696 4512 Iesse.

746 4528 1013 4583 Psalmus
1042 4527 1243 4599 Asaph.

236 4674 265 4701 «
297 4654 485 4717 Quam
518 4651 708 4707 bonus
739 4650 922 4707 Israel
957 4650 1133 4707 Deus.
1161 4673 1189 4699 »
1210 4650 1482 4707 Psalmus
1503 4651 1613 4707 iste
1634 4654 1826 4707 osten-

1923 3495 2094 3551 Modo
2121 3494 2402 3550 conﬁteor
2431 3498 2611 3549 Deum
2636 3493 2856 3550 bonum
2878 3510 3029 3561 esse,
3054 3495 3156 3552 sed
3183 3494 3325 3552 olim
3351 3517 3380 3547 ‹‹
3401 3496 3581 3570 pedes

1925 3582 2060 3649 mei,
2096 3604 2124 3631 ››
2156 3583 2214 3637 id
2246 3587 2337 3638 est
2365 3581 2702 3638 aﬁ‘ectiones
2733 3599 2897 3650 mete,
2931 3606 2959 3633 «
2994 3600 3140 3657 pene
3184 3583 3331 3641 moti
3379 3588 3520 3642 sunt
3546 3607 3577 3637 »

1925 3689 1961 3729 a
1989 3672 2105 3728 Deo
2140 3688 2153 3726 :
2189 3675 2246 3727 et
2275 3688 2390 3727 non
2420 3674 2654 3727 tantum
2684 3670 3037 3739 voluntates,
3062 3673 3163 3728 sed
3197 3673 3375 3730 etiam
3405 3688 3585 3748 opera

1925 3778 2071 3833 pene
2093 3764 2462 3816 recesserunt
2492 3776 2526 3814 a
2555 3760 2693 3825 Deo,
2724 3761 2795 3815 ad
2837 3760 3130 3816 culturam
3180 3759 3495 3829 idolorum,
3526 3765 3586 3819 et

1926 3852 2036 3908 hoc
2067 3855 2175 3916 est,
2212 3871 2241 3899 ‹‹
2271 3866 2513 3923 gressus
2542 3848 2679 3915 mei,
2713 3870 2741 3898 η
2775 3849 2834 3904 id
2865 3854 2956 3905 est
2987 3865 3164 3923 Opera
3189 3865 3339 3916 mea,
3374 3872 3404 3901 ‹‹
3436 3867 3584 3924 pene

1927 3944 2069 3997 sunt
2098 3938 2290 4005 effusi,
2328 3959 2355 3987 »
2386 3938 2444 3993 id
2476 3942 2567 3994 est
2598 3936 2962 4009 praecipitati.

2000 4029 2156 4092 Ideo,
2191 4050 2218 4077 ‹‹
2252 4026 2393 4096 quia
2421 4024 2599 4080 zelavi
2631 4040 2809 4096 super
2832 4024 3096 4096 iniquos,
3133 4046 3161 4074 ››
3193 4023 3253 4081 id
3293 4028 3383 4082 est
3429 4025 3583 4083 indi-

1928 4116 2264 4189 gnationem
2308 4113 2488 4169 habui
2520 4113 2592 4168 de
2622 4111 2862 4182 iniquis,
2897 4134 2926 4163 «
2954 4112 3159 4170 videns
3205 4128 3430 4186 pacem,
3464 4138 3494 4166 »
3525 4115 3585 4172 id

1929 4209 2022 4261 est
2050 4202 2541 4275 tranquillitatem
2574 4201 2811 4257 illorum
2843 4225 2871 4252 «
2904 4205 3298 4275 peccatorum.
3334 4223 3363 4254 »

2004 4294 2136 4349 Ideo
2162 4291 2461 4347 habebant
2500 4306 2726 4363 pacem,
2759 4314 2787 4340 «
2818 4290 2959 4364 quia
2993 4313 3020 4341 »
3051 4291 3112 4347 in
3142 4290 3261 4349 illis
3287 4315 3317 4343 ‹‹
3351 4309 3466 4349 non
3497 4295 3590 4349 est

1933 4385 2235 4453 respectus
2268 4379 2441 4436 morti
2463 4395 2689 4446 eorum,
2716 4402 2744 4430 ››
2768 4378 2826 4435 id
2846 4383 2937 4436 est
2958 4397 3073 4436 non
3098 4381 3408 4437 attendunt
3427 4396 3589 4436 mor-

1934 4475 2053 4527 tem
2085 4486 2276 4536 suam,
2311 4484 2489 4540 quam
2514 4467 2563 4524 si
2589 4467 2975 4534 attenderent,
2999 4471 3054 4525 et
3073 4467 3413 4541 unucuique
3432 4469 3590 4541 quod

1935 4561 2217 4616 reddatur
2246 4558 2307 4613 in
2338 4561 2524 4613 morte
2556 4572 2658 4629 pro
2680 4555 2928 4622 meritis,
2945 4572 3061 4611 non
3082 4554 3367 4613 haberent
3386 4573 3591 4631 pacem

1935 4653 1992 4705 et
2022 4647 2470 4723 prosperitatem
2501 4645 2682 4717 hujus
2709 4644 2861 4711 vitai,
2894 4644 2996 4701 sed
3038 4644 3325 4719 lugerent,
3358 4648 3418 4701 et
3460 4645 3592 4702 ideo

166 4738 251 4793 dit
274 4739 461 4796 Deum
485 4740 614 4811 jam
646 4756 762 4794 non
796 4739 939 4795 dare
969 4738 1296 4796 cultoribus
1346 4739 1492 4808 suis,
1524 4743 1590 4796 ut
1620 4739 1828 4796 solitus
1861 4752 1908 4819 ι)
1939 4757 2053 4795 non
2086 4737 2306 4794 habent
2337 4752 2539 4809 pacem
2561 4738 2618 4791 et
2639 4734 3265 4808 prosperitatem,quia
3286 4757 3314 4787 «
3339 4735 3398 4792 in
3422 4734 3597 4809 plaga

167 4826 605 4901 fuit,prospera,
640 4829 742 4883 sed
779 4829 1060 4885 adversa:
1084 4828 1242 4900 quod
1266 4826 1598 4900 intelligens
1619 4829 1833 4885 Esdras

171 4914 519 4989 Prophetam
537 4915 893 4973 intellexisse
910 4916 966 4972 in
984 4916 1094 4972 hoc
1116 4915 1365 4988 psalmo,
1382 4915 1466 4972 sic
1492 4916 1830 4987 intitulavit,

169 5003 376 5061 laudes
395 5005 676 5061 David.Et
701 5023 772 5062 ne
798 5023 901 5078 per
930 5005 1111 5061 David
1144 5003 1503 5077 accipiamus
1534 5004 1833 5061 Christum

170 5092 258 5148 vel
288 5093 632 5163 Ecclesiam,
665 5094 1024 5150 determinat
1054 5093 1490 5167 generationem
1542 5094 1835 5150 carnalem

174 5181 379 5251 David,
412 5200 547 5239 cum
578 5183 740 5253 dicit,
780 5183 886 5238 ﬁlii
917 5183 1102 5252 Jcsse,
1134 5187 1191 5240 et
1221 5200 1324 5255 per
1362 5181 1471 5238 hoc
1522 5185 1622 5239 dat
1668 5184 1838 5239 nobis

175 5269 503 5343 intelligere
522 5272 835 5328 Judaieum
866 5271 1164 5328 carnalem
1187 5271 1640 5345 populum,quia
1659 5272 1838 5329 David

174 5360 503 5416 secundum
526 5360 829 5417 carnalem
861 5360 1296 5434 generationem
1322 5378 1476 5416 unus
1498 5361 1610 5417 fuit
1630 5363 1701 5418 de
1723 5379 1842 5418 car-

176 5447 291 5503 nali
315 5448 560 5522 populo:
586 5451 759 5521 cujus
782 5450 1051 5521 David,id
1066 5454 1156 5507 est
1170 5449 1400 5507 Judaici
1419 5449 1619 5521 populi
1636 5450 1839 5506 laudes

174 5536 549 5594 defecerunt:
580 5538 719 5611 quia
755 5539 910 5594 Deus
931 5540 1059 5610 jam
1094 5555 1209 5593 non
1232 5538 1332 5593 dat
1353 5538 1476 5593 suis
1500 5539 1843 5610 temporalia

172 5623 571 5698 bona,quibus
597 5627 745 5684 solis
772 5625 1027 5683 carnalis
1048 5627 1331 5683 Judaicus
1359 5624 1612 5699 populus
1631 5626 1840 5684 lauda-

176 5710 507 5783 bateum,et
521 5715 741 5772 utcerti
759 5714 949 5771 simus
964 5715 1421 5788 quodjamDeus
1443 5733 1557 5771 non
1581 5716 1681 5771 dat
1702 5721 1845 5772 tem-

178 5800 405 5872 poralia
435 5804 608 5878 bona,
646 5803 867 5878 quibus
898 5804 1147 5877 negatis,
1182 5803 1386 5862 laudes
1417 5804 1695 5863 deﬁciunt
1717 5823 1842 5864 car-

1943 4844 2167 4893 eorum,
2202 4849 2230 4875 ››
2263 4826 2321 4881 id
2343 4828 2432 4881 est
2450 4824 2510 4879 in
2533 4822 2874 4880 vulneribus
2892 4823 3314 4891 vitiorum,non
3336 4825 3426 4882 est
3442 4846 3471 4874 «
3495 4823 3593 4879 ﬁr-

1944 4920 2332 4979 mamentum,
2368 4937 2397 4963 »
2424 4913 2562 4986 quia
2591 4911 2700 4970 etsi
2721 4913 2876 4970 Deus
2898 4910 3099 4984 aliqua
3117 4911 3459 4970 inﬁrmitate
3480 4929 3599 4967 mo-

1943 5009 2104 5062 verat
2129 5022 2227 5061 eos
2247 5006 2319 5061 ad
2343 5001 2876 5076 compunctionem,
2901 5019 3016 5058 non
3041 5003 3237 5059 tamen
3262 5002 3596 5068 ﬁrmantur,

1945 5094 2100 5165 quod
2125 5096 2362 5166 peccata
2379 5108 2581 5149 eorum
2602 5106 2844 5162 prorsus
2868 5092 3151 5146 sanentur
3170 5092 3228 5145 et
3247 5089 3599 5147 conﬁrmen-

1946 5182 2171 5240 tur.Vel
2193 5181 2502 5247 aliter,non
2525 5184 2651 5236 est«
2673 5182 2971 5250 respectus
2997 5200 3022 5230 ››
3047 5176 3255 5235 divinas
3277 5176 3602 5234 misericor-

1949 5271 2055 5327 dia:
2079 5296 2105 5321 «
2134 5270 2309 5341 morti
2330 5286 2554 5337 eorum,
2569 5290 2596 5319 ››
2616 5267 2671 5323 id
2697 5272 2784 5323 est
2803 5284 2919 5323 non
2942 5266 3042 5323 dat
3060 5266 3215 5322 Deus
3234 5266 3320 5324 eis
3339 5265 3600 5339 aliquam

1949 5359 2525 5430 tribulationem,per
2536 5374 2713 5430 quam
2728 5374 2761 5412 a
2774 5358 2960 5412 morte
2980 5354 3189 5411 animae
3212 5354 3600 5423 redimantur,

1947 5433 2036 5506 vel
2068 5449 2326 5521 aliquam
2360 5447 2540 5503 mittit
2571 5443 3132 5512 adversitatem,non
3155 5448 3353 5500 tamen
3374 5460 3600 5511 eorum,

1951 5541 2051 5598 sed
2086 5537 2272 5611 plagis
2303 5553 2528 5602 eorum,
2563 5535 2619 5589 id
2654 5538 2743 5590 est
2774 5551 2888 5589 non
2924 5534 3024 5589 dat
3052 5531 3231 5589 talem
3253 5551 3381 5607 quae
3410 5532 3606 5589 ﬁrmet

1950 5646 2048 5685 eos
2080 5627 2180 5693 ita,
2216 5630 2278 5680 ut
2307 5628 2545 5697 peccata
2584 5639 2824 5695 prorsus
2874 5621 3194 5689 deleantur,
3228 5626 3287 5677 et
3317 5621 3516 5677 anima
3542 5619 3605 5677 in

1951 5718 2161 5774 virtute
2184 5714 2420 5788 propria
2440 5712 2805 5768 restituatur.
2822 5710 3109 5782 Loquitur
3120 5711 3191 5767 de
3207 5715 3320 5766 Deo
3344 5710 3416 5766 ad
3440 5710 3605 5767 simi-

1951 5805 2262 5865 litudinem
2295 5802 2527 5870 medici,
2553 5800 2654 5874 qui
2685 5817 2820 5857 cum
2852 5799 3162 5873 praenoscit
3183 5803 3467 5873 aegrotum
3489 5816 3607 5858 non
