3936 6424
390 496 535 577 4³9.

816 501 1227 563 HAYMONIS
1259 500 1798 561 HALBERSTAT.
1832 498 2073 559 EPlSC.
2109 499 2280 559 OPP.
2314 499 2518 560 PARS
2549 500 2598 560 Ι.
2630 533 2707 542 ——
2738 498 3148 561 COMMENT.
3182 498 3377 560 BIBL.

3694 496 3826 560 ιω

389 644 566 702 posse
586 602 997 698 evadere,nihil
1020 629 1072 688 ei
1092 631 1389 705 prohibet:
1406 631 1493 688 sic
1512 632 1843 704 Deus,quos
1865 630 2039 686 morti
2069 627 2127 698 Α
2155 629 2311 687 Deus
2339 630 2597 702 injustus
2629 634 2719 687 est
2741 649 2753 687 :
2779 631 2879 688 sed
2903 630 3067 704 ponit
3086 630 3430 687 defectivum
3457 629 3813 699 orationem,

390 719 624 794 praeseit
646 718 1116 792 pradestinatos,
1139 721 1339 777 omnia
1366 721 1554 777 facere
1580 720 1865 786 concedit,
1891 719 2041 776 etab

384 809 563 871 istius
595 807 801 864 mundi
832 808 1221 881 prosperitate
1252 827 1364 866 non
1400 810 1667 868 retrahit.

417 956 420 960 ,
454 897 602 952 Vere
624 919 651 946 ‹‹
675 913 790 952 non
814 899 904 951 est
926 901 1226 969 respectus
1248 899 1420 954 morti
1443 897 1860 969 eorum,»quia
1881 896 2044 951 nulla

385 983 681 1041 medicina
709 982 1023 1041 adhibetur
1052 986 1174 1043 eis:
1200 1003 1336 1042 nam
1371 1010 1397 1036 ‹‹
1434 1004 1550 1042 non
1583 992 1723 1043 sunt
1755 987 1813 1041 in
1846 985 2044 1040 labore

384 1072 721 1151 hominum,
749 1094 777 1121 »
799 1072 857 1127 id
887 1078 977 1129 est
1006 1074 1469 1140 rationabilium,
1497 1080 1563 1131 ut
1581 1074 1842 1148 vigilent,
1860 1072 1947 1129 vel
1970 1072 2046 1126 vi—

384 1165 550 1226 vant,
573 1160 661 1216 vel
684 1160 907 1233 aliquid
930 1162 1046 1218 tale
1070 1162 1286 1219 iaciant
1309 1181 1321 1217 :
1347 1189 1373 1213 ‹‹
1399 1168 1456 1219 et
1479 1187 1505 1212 »
1530 1169 1838 1236 prOpterea
1858 1187 1885 1212 ‹‹
1909 1178 2043 1217 cum

386 1249 736 1306 hominibus
766 1267 883 1305 non
918 1251 1374 1324 ﬂagellabuntur
1402 1276 1423 1301 ι»
1460 1252 1652 1309 abillo
1677 1253 1777 1325 qui
1802 1277 1827 1301 ‹‹
1857 1250 2049 1324 ﬂagel-

386 1338 473 1401 lat
503 1353 740 1394 omnem
773 1338 960 1395 filium
993 1356 1170 1412 quem
1204 1342 1410 1414 recipit
1438 1343 1586 1415 (Ileb.
1620 1345 1742 1412 xu).
1780 1364 1806 1389 »

462 1428 537 1483 Et
565 1427 708 1499 quia
737 1444 841 1501 per
868 1445 931 1484 se
961 1446 1149 1501 neque
1178 1430 1425 1495 laborat,
1459 1448 1648 1503 neque
1678 1448 1711 1486 a
1738 1431 1853 1486 Deo
1887 1454 1913 1478 «
1946 1430 2046 1484 lla-

390 1515 901 1591 gellabuntur,»-et
918 1519 1184 1575 obtinent
1198 1521 1642 1593 prosperitatem
1665 1520 1766 1592 huj
1778 1538 1844 1576 us
1867 1536 2047 1574 saecu-

390 1594 458 1673 li,
491 1627 519 1654 ‹‹
553 1604 684 1661 ideo
716 1606 995 1678 superbia
1042 1607 1231 1662 tenuit
1276 1625 1375 1664 eas
1408 1631 1441 1657 ››Δ
1471 1608 1638 1681 quasi
1690 1609 2047 1680 quibusdam

392 1693 696 1762 manibus,
746 1710 821 1749 ne
877 1695 1094 1751 auferri
1149 1697 1423 1768 possint:
1458 1702 1516 1754 et
1571 1714 1645 1754 ne
1703 1697 2052 1771 resipiscant

394 1805 424 1835 α
457 1782 645 1856 operti
676 1787 838 1850 sunt,
873 1806 901 1833 »
932 1783 990 1840 id
1024 1789 1112 1840 est
1134 1783 1380 1841 involuti
1412 1810 1439 1835 ‹‹
1476 1785 1785 1858 iniquitate
1820 1808 1847 1835 »
1881 1786 2051 1860 quasi

390 1873 467 1929 ad
500 1871 858 1946 proximum,
889 1896 917 1921 «
950 1876 1010 1929 et
1038 1872 1339 1946 impietate
1369 1892 1498 1941 sua,
1534 1898 1560 1925 »
1590 1876 1646 1931 id
1670 1880 1760 1932 est
1780 1875 2050 1949 blasphe-

2152 718 2289 790 quia
2323 718 2500 773 nimis
2533 722 2735 791 aperta
2764 718 3064 775 calumnia
3091 722 3247 775 esset
3273 722 3480 774 contra
3524 717 3744 774 Deum.

2225 807 2357 862 Ideo
2390 807 2518 862 dico
2550 809 2707 880 quod
2740 808 2895 863 Deus
2922 807 3010 863 vel
3045 825 3158 864 non
3187 807 3481 880 disponat,
3504 806 3595 864 vel
3620 808 3814 880 injus-

2152 899 2251 951 tus
2283 895 2379 963 sit,
2402 895 2541 967 quia
2570 920 2598 946 ‹‹
2632 912 2763 952 ecce
2799 918 2825 944 »
2857 895 2917 951 in
2949 896 3258 952 manifesto
3283 899 3392 967 est,
3416 895 3582 967 «ipsi
3606 913 3817 969 pecca-

2152 988 2330 1051 tores,
2352 988 2408 1039 et
2434 985 2805 1040 abundantes
2836 984 2894 1039 in
2928 983 3140 1039 szeculo
3166 1008 3193 1034 »
3216 985 3372 1056 quod
3391 984 3627 1040 videtur
3643 983 3818 1039 valde

2154 1072 2469 1144 injustum,
2492 1074 2645 1145 quod
2677 1078 2736 1127 et
2761 1078 3094 1145 peccatores
3128 1073 3267 1141 sint,
3290 1076 3348 1128 et
3367 1077 3819 1146 prosperantur,

2155 1184 2184 1211 «
2220 1161 2605 1217 obtinuerunt
2635 1161 2892 1230 divitias,
2928 1184 2954 1211 »
2987 1162 3127 1234 quia
3156 1162 3202 1218 si
3237 1161 3452 1235 aliquis
3492 1161 3681 1217 voluit
3729 1164 3817 1217 eis

2156 1251 2404 1318 auferre,
2443 1269 2559 1306 non
2591 1252 2801 1324 potuit.

2233 1338 2316 1394 Illi
2349 1340 2641 1408 dixerunt,
2676 1365 2703 1390 ιι
2739 1344 2795 1396 et
2828 1364 2854 1389 »
2887 1357 2992 1413 ego
3038 1356 3245 1396 errans
3293 1339 3611 1412 aliquando
3660 1339 3819 1395 sicut

2158 1428 2296 1500 ipsi,
2324 1452 2345 1477 οι
2375 1429 2489 1483 dixi
2518 1429 3140 1501 )iquandoquidemita
3156 1433 3489 1502 peccatores
3506 1427 3822 1484 abundant

2158 1516 2399 1583 divitiis,
2433 1540 2461 1566 «
2494 1533 2630 1589 ergo
2666 1539 2692 1565 »
2733 1533 2839 1590 ego
2880 1540 2907 1566 ‹‹
2951 1518 3078 1573 sine
3128 1534 3306 1573 causa
3344 1516 3667 1589 justificavi
3720 1533 3819 1572 cor

2159 1622 2379 1674 meum,
2399 1629 2424 1654 »
2439 1606 2495 1660 id
2510 1610 2599 1661 est
2621 1605 2980 1663 voluntatem
3003 1623 3192 1662 meam
3210 1625 3222 1662 :
3238 1631 3263 1655 ‹‹
3282 1611 3338 1661 et
3358 1622 3569 1663 manus
3591 1622 3816 1676 meas,»

2159 1695 2217 1749 id
2250 1699 2340 1749 est
2369 1711 2544 1766 opera
2591 1711 2741 1763 mea,
2770 1717 2799 1744 ‹‹
2832 1694 2965 1765 lavi,
3002 1718 3030 1744 »
3062 1695 3121 1751 id
3161 1699 3251 1752 est
3295 1693 3558 1767 purgavi,
3598 1718 3625 1744 ‹‹
3662 1695 3819 1750 inter

2160 1785 2499 1840 innocentes
2536 1808 2561 1833 ))
2593 1790 2658 1839 ut
2689 1800 2882 1840 essem
2914 1785 2984 1840 d0
3012 1801 3257 1840 numero
3288 1800 3509 1840 eorum.

2233 1874 2302 1928 Et
2319 1872 2494 1929 etiam
2518 1872 2643 1930 sine
2664 1890 2847 1930 causa
2866 1897 2893 1923 ι(
2920 1873 3005 1929 fui
3026 1872 3358 1947 fiagellatus
3382 1896 3409 1922 »
3433 1889 3535 1946 per
3553 1872 3820 1946 discipli-

390 1961 517 2018 mia
545 1960 716 2034 quasi
746 1961 821 2017 ad
853 1961 1038 2019 Deum
1073 1979 1086 2018 :
1122 1986 1150 2011 ‹‹
1185 1980 1295 2019 sua
1328 1986 1355 2012 ››
1386 1963 1546 2031 dicit,
1581 1965 1720 2037 quia
1747 1982 1814 2022 ex
1843 1983 2051 2031 nemon
2081 1988 2134 2055 Β
2162 1979 2298 2018 nam
2330 1961 2431 2018 Dei
2464 1986 2491 2011 «
2526 1966 2645 2018 tota
2676 1962 2791 2030 die,
2828 1985 2855 2012 »
2888 1962 2945 2019 id
2978 1967 3067 2019 est
3098 1963 3355 2031 assidue,
3381 1986 3407 2012 ‹‹
3433 1966 3492 2018 et
3509 1962 3820 2035 castigatio

389 2067 464 2107 ex
492 2050 610 2107 Deo
641 2050 820 2107 habet
849 2050 1024 2107 homo
1057 2051 1404 2125 nequitiam.

466 2140 541 2196 Et
568 2155 685 2196 non
715 2139 937 2197 suﬁicit
965 2140 1051 2197 eis
1088 2157 1218 2197 esse
1266 2141 1453 2199 malos
1502 2141 1562 2198 in
1613 2159 1693 2210 se,
1731 2146 1830 2201 sed
1877 2145 2057 2201 etiam

393 2250 426 2278 α
460 2226 681 2300 prodiit
714 2248 742 2278 η
773 2226 833 2284 in
881 2233 1079 2301 aperto
1110 2252 1138 2279 α
1172 2228 1456 2304 iniquitas
1504 2248 1731 2298 eorum,
1773 2233 1942 2307 quasi
1990 2251 2059 2290 ex

396 2316 593 2388 adipe,
630 2337 658 2365 »
692 2314 750 2371 id
772 2321 861 2373 est
889 2334 959 2373 ex
989 2317 1395 2391 superfluitate
1423 2320 1762 2377 dtvitiarum
1786 2322 2057 2379 a'simili-

395 2404 608 2462 tudine
633 2404 874 2479 pinguis
904 2406 1199 2476 animalis,
1232 2407 1386 2465 sicut
1432 2410 1609 2476 tauri,
1643 2415 1708 2466 ut
1748 2412 1889 2467 dent
1928 2412 2060 2469 aliis

396 2492 735 2566 exemplum
779 2495 1181 2568 superbiendi,
1215 2501 1272 2553 et
1300 2498 1565 2571 deposito
1615 2499 1774 2556 omni
1828 2500 2059 2569 timore,

406 2604 440 2636 α
470 2581 833 2641 transierunt
864 2608 894 2635 »
923 2584 1255 2642 humanum
1306 2600 1551 2653 morem,
1601 2590 1908 2645 tendentes
1940 2614 1966 2640 ‹‹
2000 2591 2061 2647 in

403 2673 681 2730 affectum
712 2673 906 2730 cordis
940 2696 967 2722 »
996 2673 1238 2741 scilicet,
1262 2679 1326 2731 ut
1346 2675 1689 2748 impleretur
1709 2680 1863 2750 quod
1887 2682 2064 2738 corda

402 2777 609 2819 eorum
641 2761 1073 2819 desiderabant.

474 2848 545 2906 Et
573 2848 683 2907 hoc
713 2868 831 2909 non
861 2850 1033 2924 quasi
1064 2868 1133 2907 ex
1154 2851 1470 2926 improviso
1494 2855 1775 2922 fecerunt,
1800 2858 1901 2913 sed
1925 2874 2061 2914 cum

402 2955 622 3014 magna
640 2939 969 2998 attentione
984 2963 1012 2989 ‹‹
1029 2941 1430 3015 cogitaverunt
1452 2944 1836 3017 nequitiam,»
1850 2950 1907 3002 ct
1919 2949 2062 3005 adeo

401 3022 559 3085 bona
576 3028 704 3085 visa
728 3034 817 3087 est
835 3028 920 3086 eis
942 3030 1388 3105 nequitia,quod
1411 3055 1439 3081 ‹‹
1460 3033 1635 3090 etiam
1663 3033 1844 3091 locuti
1865 3040 2061 3103 sunt,»

400 3114 461 3173 id
493 3121 585 3183 est
615 3116 761 3174 alios
791 3119 1120 3175 docuerunt
1149 3118 1470 3191 nequitiam
1505 3138 1517 3177 :
1554 3126 1611 3177 et
1630 3120 1805 3178 etiam
1830 3146 1855 3171 «
1883 3122 2064 3179 locuti

401 3209 546 3260 sunt
574 3203 970 3277 iniquitatem,
999 3228 1026 3255 »
1051 3210 1109 3262 et
1132 3205 1285 3262 hanc
1311 3206 1686 3279 iniquitatem
1715 3208 2065 3266 determinat

401 3297 607 3364 postea
638 3315 666 3342 «
702 3292 763 3347 in
793 3292 1042 3359 excelso,
1078 3315 1105 3343 »
1139 3293 1198 3349 id
1230 3297 1319 3350 est
1346 3294 1405 3349 in
1429 3295 1707 3367 superbia
1735 3314 1862 3352 sua.

414 3437 421 3444 ,
472 3382 619 3436 Ecce
642 3379 1063 3451 «iniquitatem
1091 3404 1118 3430 »
1141 3399 1321 3453 quam
1343 3382 1571 3438 «locuti
1594 3388 1754 3450 sunt,
1774 3407 1800 3433 »
1814 3385 2056 3453 scilicet,

405 3466 435 3519 ἐς
466 3467 861 3539 posueruntin
876 3467 1088 3524 cmlum
1103 3487 1167 3524 os
1181 3486 1378 3535 suum,
1389 3492 1416 3519 »
1431 3470 1651 3525 scilicet
1664 3471 2062 3546 blasphemias

401 3557 608 3611 contra
627 3554 853 3611 Deum«
869 3554 1047 3611 locuti
1062 3557 1493 3631 sunt,etlingua
1517 3575 1719 3615 eorum
1745 3563 2058 3619 transivit»

403 3640 645 3699 modum
668 3642 1075 3712 humanitatis,
1099 3646 1369 3718 quamvis
1389 3645 1476 3701 illi
1502 3652 1699 3704 essent
1719 3672 1746 3698 ‹‹
1771 3649 1829 3705 in
1852 3654 2007 3707 terra
2029 3675 2057 3702 υ

401 3729 760 3798 habitantes,
775 3731 833 3788 in
859 3750 975 3807 quo
999 3738 1242 3807 apparet
1263 3735 1519 3791 maxima
1536 3753 1737 3793 eorum
1760 3741 2056 3811 superbia,

399 3822 466 3876 ut
489 3836 626 3876 cum
659 3820 719 3876 in
751 3824 906 3879 terra
926 3820 1065 3889 sint,
1086 3824 1158 3880 de
1180 3823 1296 3879 Deo
1319 3822 1609 3881 altissimo
1630 3824 1950 3899 loquantur
1965 3847 2059 3886 su-

397 3908 661 3982 perbiam
693 3926 885 3966 suam.
918 3910 1019 3967 Vel
1044 3934 1071 3961 α
1096 3910 1300 3985 lingua
1328 3929 1531 3969 eorum
1563 3914 1835 3973 transivit
1859 3938 1886 3965 »
1910 3917 2058 3976 alios

395 3997 620 4070 positos
638 3998 696 4054 in
710 4003 883 4066 terra,
897 3999 1160 4057 deterius
1181 4017 1361 4074 quam
1384 4001 1482 4059 alii
1504 4003 1718 4059 terreni
1740 4003 2052 4077 loquendo.

445 4110 495 4136 .‹‹
531 4086 663 4143 [deo
695 4092 1083 4146 convertatur.
1110 4112 1139 4140 »
1172 4089 1311 4147 Pars
1344 4092 1622 4148 secunda.
1650 4093 1765 4148 iloc
1787 4094 2052 4152 conside-

394 4180 541 4243 rato,
575 4175 717 4249 quia
745 4177 1106 4251 prosperitas
1135 4196 1337 4237 eorum
1377 4179 1541 4237 ducit
1584 4180 1645 4236 in
1690 4183 2050 4255 superbiam,

392 4264 534 4320 facit
554 4262 730 4320 etiam
753 4264 914 4338 loqui
938 4266 1336 4340 iniquitatem:
1356 4267 1527 4326 «ideo
1549 4271 1803 4343 populus
1824 4289 2051 4341 meus,»

391 4350 450 4408 id
483 4355 573 4407 est
600 4350 746 4417 mihi
780 4353 1127 4423 consimilis,
1153 4356 1224 4411 de
1245 4373 1361 4428 quo
1384 4373 1489 4431 ego
1512 4376 1668 4414 unus
1689 4377 1844 4428 sum,
1866 4384 1893 4410 «
1920 4379 2053 4418 con-

388 4443 647 4497 vertetur
675 4463 703 4491 ››
735 4442 807 4497 ab
839 4459 1053 4511 errore,
1087 4460 1159 4500 ne
1191 4449 1493 4501 moveatur
1521 4463 1661 4519 erga
1688 4446 1893 4505 divites
1924 4466 2049 4507 ma-

389 4522 899 4602 losvprospcritate
929 4531 1112 4603 hujus
1141 4531 1290 4600 vitae,
1323 4536 1390 4589 ut
1417 4534 1495 4590 sit
1526 4558 1553 4584 «
1587 4534 1702 4601 hic,
1729 4558 1758 4585 »
1790 4537 1847 4592 id
1879 4538 2048 4595 estin

388 4615 898 4702 hac,sententia,in
921 4636 1040 4692 qua
1059 4638 1165 4694 ego
1188 4640 1323 4679 sum
1340 4640 1353 4677 :
1369 4627 1426 4679 et
1445 4628 1760 4696 postquam
1783 4626 2043 4683 conversi

2165 2066 2297 2106 mea
2330 2074 2356 2100 »
2389 2067 2567 2123 quam
2608 2055 2811 2106 contra
2859 2050 3187 2123 libidinem,
3219 2056 3276 2108 et
3305 2050 3579 2108 similiter
3621 2055 3825 2107 contra

2167 2144 2375 2196 caetera
2404 2140 2544 2195 vitia
2584 2141 2953 2211 refrenanda,
2988 2140 3225 2197 exhibui
3258 2164 3286 2191 ‹‹
3319 2140 3378 2197 in
3429 2140 3767 2208 matutinis,
3798 2163 3823 2187 ιι

2166 2227 2226 2283 id
2257 2234 2346 2284 est
2375 2228 2639 2285 studiose
2672 2246 2684 2284 :
2716 2228 2856 2302 quia
2886 2246 3010 2286 rem
3043 2246 3220 2302 quam
3253 2228 3513 2287 studiose
3546 2228 3826 2297 facimus,

2167 2315 2227 2372 in
2261 2334 2432 2374 mane
2462 2317 2780 2390 incipimus
2805 2335 2818 2373 :
2843 2316 2955 2373 fuit
2983 2319 3173 2375 «.sine
3202 2335 3401 2385 causa,
3428 2339 3456 2367 »
3487 2316 3545 2374 id
3576 2321 3669 2375 est
3700 2319 3827 2376 sine

2170 2405 2441 2461 utilitate.
2478 2407 2674 2462 Potest
2704 2406 2880 2462 etiam
2914 2406 3035 2462 haec
3066 2406 3260 2463 littera
3288 2406 3402 2481 legi
3434 2406 3779 2479 suspensive
3807 2426 3821 2464 2

2170 2495 2253 2552 ita
2278 2511 2415 2568 ergo
2449 2518 2476 2543 ‹‹
2508 2484 2823 2567 justiﬁcavi
2855 2512 2954 2552 cor
2985 2512 3184 2552 meum
3215 2496 3341 2554 sine
3371 2512 3573 2568 causa,
3601 2518 3628 2544 »
3661 2499 3723 2552 et
3746 2497 3819 2552 si-

2171 2582 2391 2639 militer
2419 2588 2645 2640 caetera.

2246 2673 2414 2729 Prius
2443 2672 2553 2729 hoc
2585 2672 2724 2741 dixi,
2750 2673 2851 2730 sed
2878 2678 3081 2747 postea
3109 2688 3469 2747 cognoscens
3495 2674 3823 2743 veritatem,

2173 2787 2199 2812 ‹‹
2235 2761 2523 2829 dicebam,
2540 2762 2588 2818 si
2615 2763 2864 2819 narrabo
2888 2763 2970 2819 sic
2988 2787 3015 2813 »
3030 2764 3185 2837 quod
3210 2786 3237 2813 «
3264 2762 3389 2819 sine
3410 2779 3588 2819 causa
3609 2762 3821 2819 »homo

2173 2874 2200 2901 ‹‹
2236 2868 2333 2907 cor
2368 2872 2394 2899 »
2429 2869 2602 2907 suum
2629 2850 2934 2924 justiﬁeet,
2958 2856 3016 2907 et
3045 2868 3219 2925 opera
3250 2852 3512 2920 mandet,
3535 2854 3595 2906 et
3618 2856 3822 2907 caetera

2172 2957 2300 3014 quas
2333 2939 2488 2996 dicta
2510 2944 2667 3008 sunt,
2694 2965 2719 2990 α
2747 2940 2874 2997 sine
2896 2958 3075 2996 causa
3094 2963 3120 2989 »
3143 2941 3336 3008 faciat,
3351 2940 3461 2997 hoc
3473 2939 3820 2996 conveniens

2174 3030 2461 3102 sequitur,
2492 3029 2717 3085 scilicet
2748 3053 2773 3079 ‹‹
2809 3046 2941 3086 ecce
2970 3029 3231 3103 probavi,
3260 3053 3285 3078 »
3310 3030 3365 3085 id
3400 3033 3488 3086 est
3515 3029 3819 3102 reprobam

2164 3118 2541 3193 judicavi,vel
2567 3136 2601 3173 a
2623 3135 2716 3174 me
2749 3118 3013 3191 separavi
3036 3142 3062 3170 ‹‹
3089 3119 3385 3175 nationem
3417 3118 3672 3174 ﬁliorum
3696 3123 3820 3173 tuo-

2173 3210 2368 3265 rum‘»
2399 3207 2715 3277 Abraham,
2752 3209 2934 3275 Isaac,
2977 3212 3036 3263 et
3083 3208 3284 3277 Jacob,
3316 3211 3376 3263 et
3421 3205 3692 3263 aliorum.
3721 3206 3819 3262 Vel

2174 3296 2363 3365 aliter,
2395 3296 2686 3366 dixerunt,
2721 3301 2825 3352 aut
2852 3296 3008 3352 Deus
3040 3297 3228 3351 nescit
3273 3296 3396 3352 llch
3442 3299 3692 3363 terrena,
3722 3300 3823 3355 aut

2173 3384 2222 3441 si
2255 3385 2389 3453 scit,
2421 3386 2476 3440 in
2477 3386 2681 3458 justus
2711 3388 2819 3455 est,
2843 3389 2901 3440 et
2923 3385 2993 3440 ad
3017 3384 3437 3441 confutandam
3464 3401 3669 3440 eorum
3690 3402 3819 3440 sen-

2170 3474 2414 3529 tentiam
2446 3491 2552 3546 ego
2582 3472 2697 3529 dixi
2723 3491 2735 3529 :
2761 3474 2821 3530 Si
2854 3474 3007 3529 Deus
3037 3477 3127 3529 est
3150 3472 3374 3530 inscius
3402 3472 3488 3529 vel
3539 3473 3818 3545 injustas,

2173 3567 2238 3617 ut
2267 3580 2369 3617 vos
2400 3562 2618 3620 dicitis.
2643 3567 2782 3618 tunc
2814 3578 2919 3635 ego
2949 3566 3006 3619 et
3036 3561 3283 3635 quilibet
3309 3561 3408 3618 alii
3441 3562 3576 3618 boni
3606 3562 3819 3619 frustm

2169 3650 2392 3707 fuimus
2424 3651 2841 3707 correctionem
2874 3651 2975 3708 Dei
3001 3650 3380 3718 sustinentes,
3407 3651 3544 3723 quia
3566 3651 3717 3707 sicut
3737 3651 3817 3707 di-

2168 3740 2250 3796 cit
2276 3740 2592 3813 Apostolus
2616 3741 2661 3812 (l
2692 3740 2814 3796 Cor.
2846 3743 2943 3810 xv(
2966 3757 2979 3796 :
3005 3762 3033 3789 «
3059 3739 3510 3796 Miserabiliores
3541 3739 3813 3795 omnibus

2167 3828 2510 3885 hominibus
2541 3846 2770 3898 sumus,
2808 3851 2834 3879 »
2861 3827 2909 3885 si
2940 3828 3094 3885 Deus
3138 3829 3398 3901 injustas
3439 3828 3710 3885 creditur.
3744 3827 3813 3883 Et

2166 3922 2375 3992 praeter
2403 3917 2511 3974 hoc
2543 3917 2980 3987 inconveniens,
3015 3917 3173 3974 aliud
3222 3917 3635 3974 inconveniens
3676 3917 3810 3973 inde
3859 3931 3865 3936 '

2165 4007 2568 4076 ostendobam,
2603 4005 2743 4080 quia
2772 4006 3037 4063 dicebam
3065 4022 3078 4061 :
3106 4006 3218 4063 «Si
3259 4006 3505 4063 narrabo
3554 4005 3659 4074 sic,
3694 4028 3721 4054 »
3750 4005 3808 4062 id

2162 4100 2253 4152 est
2282 4096 2467 4152 Deum
2499 4095 2788 4169 injustum
2829 4095 2916 4152 vel
2963 4095 3241 4163 inscium,
3275 4118 3302 4145 ‹‹
3336 4111 3468 4151 ecce
3516 4094 3805 4150 nationem

2162 4185 2419 4241 ﬁliorum
2436 4185 2760 4257 reprobavi,
2784 4205 2811 4233 »
2829 4188 2895 4239 ut
2912 4182 3260 4257 supra,quia
3275 4183 3505 4240 scilicet
3514 4182 3801 4239 Abraham

2160 4279 2218 4329 et
2246 4272 2391 4329 alios
2421 4273 2638 4329 credidi
2674 4290 2787 4327 non
2821 4290 2949 4328 esse
2980 4275 3400 4340 remuneratus,
3432 4270 3519 4327 vel
3552 4295 3580 4321 ‹‹
3614 4288 3801 4344 repro-

2160 4362 2311 4430 bavi,
2347 4384 2375 4412 »
2410 4362 2466 4417 id
2499 4366 2587 4418 est
2617 4361 2774 4417 sensi
2809 4365 3014 4417 contra
3042 4377 3248 4417 omnes
3282 4360 3431 4416 ﬁlios
3461 4360 3581 4415 Dei.

2231 4450 2584 4505 Etvidebam
2605 4449 2716 4506 hoc
2735 4449 3154 4506 inconveniens
3174 4466 3245 4506 ex
3264 4449 3551 4505 sententia
3565 4448 3665 4503 illa
3679 4466 3802 4520 pro-

2157 4539 2372 4605 venire,
2404 4538 2533 4593 ideo
2566 4562 2593 4589 «
2624 4537 3059 4609 existimabam,
3093 4560 3120 4587 »
3153 4537 3211 4594 id
3242 4542 3332 4595 est
3360 4538 3795 4611 cognoscebam,

2156 4628 2312 4698 quod
2330 4626 2507 4682 habet
2524 4626 2639 4682 alia
2658 4626 2987 4698 translatio,
3006 4650 3034 4677 υ
3055 4631 3121 4682 ut
3141 4642 3547 4699 cognoscerem
3573 4649 3600 4674 »
3622 4644 3796 4697 quare

386 4705 622 4781 fuerint,
654 4730 681 4756 ‹‹
718 4707 1093 4765 inveniantur
1124 4710 1183 4766 in
1214 4710 1299 4767 eis
1328 4711 1484 4784 pleni
1519 4711 1644 4769 dies
1679 4736 1705 4762 »
1738 4712 1842 4786 per
1871 4717 2041 4771 elfec-
2074 4726 2122 4791 D
2154 4715 2354 4787 impiis
2384 4716 2762 4788 prosperitas,
2796 4720 2852 4771 et
2882 4716 3049 4772 bonis
3080 4717 3251 4787 detur
3271 4734 3304 4771 a
3325 4716 3438 4771 Deo
3460 4714 3791 4781 adversitas,

386 4797 513 4850 tum
543 4797 889 4870 suum,quia
918 4799 1028 4853 erit
1056 4798 1113 4854 in
1149 4800 1234 4856 eis
1263 4799 1559 4873 hoc,quod
1581 4802 1852 4858 effectum
1872 4804 2041 4860 estin

383 4885 645 4956 tempore
693 4886 914 4958 gratiae,
949 4887 1006 4941 id
1041 4892 1130 4943 est
1161 4893 1534 4961 contemptus
1565 4894 1952 4959 terrenarum,
1985 4898 2042 4950 et

383 4972 679 5046 appetitus
709 4973 1164 5032 cmlestium.Vel
1189 5000 1216 5026 ‹‹
1252 4978 1379 5033 dies
1410 4977 1588 5051 pleni,
1614 5003 1641 5028 »
1665 4980 1723 5033 id
1753 4984 1843 5035 est
1874 4985 2036 5038 ister-

382 5060 463 5127 ni,
496 5060 871 5117 invenientur
899 5061 959 5118 in
1007 5062 1111 5131 eis,
1147 5069 1203 5121 et
1251 5066 1299 5121 si
1348 5067 1521 5123 modo
1572 5084 1687 5123 non
1736 5075 2032 5142 appareat,

380 5147 623 5217 scilicet,
655 5151 797 5223 quia
826 5151 1131 5208 habebunt
1162 5155 1567 5211 mternitatem.

380 5248 385 5253 ’
450 5236 619 5293 Ponit
645 5238 801 5294 unde
841 5246 1254 5297 convertantur
1284 5260 1296 5298 :
1331 5242 1499 5311 illud,
1531 5249 1588 5299 et
1617 5244 1909 5313 dixerunt,
1939 5265 2031 5304 re-

379 5326 553 5399 ‘spicit
583 5326 656 5381 ad
689 5342 962 5397 sequens,
988 5328 1086 5383 ubi
1112 5329 1316 5396 dicit,«
1342 5336 1399 5386 et
1419 5330 1596 5387 dixi.»
1618 5331 1989 5390 Continuatio
2015 5352 2027 5391 :

376 5411 517 5469 Dico
550 5436 577 5462 ‹‹
613 5418 1003 5483 convertetur,
1043 5440 1069 5465 »
1095 5422 1152 5473 et
1182 5436 1420 5475 necesse
1452 5424 1541 5476 est
1571 5421 1676 5488 eis,
1711 5421 1851 5493 quia
1897 5427 2032 5479 ante

375 5502 814 5558 conversionem
848 5525 876 5554 «
911 5503 1182 5561 dixerunt
1214 5524 1226 5562 :
1263 5509 1557 5580 quomodo
1588 5509 1698 5566 scit
1726 5509 1882 5566 Deus
1914 5533 1942 5560 »
1974 5514 2033 5567 et

373 5588 667 5662 quomodo
687 5594 877 5659 potest
892 5608 1019 5646 esse
1040 5598 1422 5668 verum,qu0d
1438 5598 1590 5653 Deus
1614 5599 1887 5670 disponat
1907 5598 2029 5655 haec

370 5674 645 5758 terrena?
674 5675 917 5738 scilicet,
952 5695 1062 5733 non
1114 5682 1373 5755 disponit
1406 5702 1417 5739 ε
1454 5708 1479 5733 ‹‹
1516 5690 1572 5740 et
1607 5708 1632 5732 »
1665 5687 1710 5741 si
1745 5687 2024 5758 disponit,

370 5756 481 5815 hoc
514 5764 602 5814 est
626 5776 638 5814 :
664 5783 689 5806 ‹‹
716 5761 764 5816 si
795 5766 885 5816 est
908 5764 1151 5824 scientia
1181 5770 1239 5825 in
1272 5772 1541 5829 excelso?
1574 5796 1601 5821 »
1633 5756 1858 5831 scilicet
1886 5780 2024 5830 tunc

2152 4809 2211 4860 et
2243 4828 2269 4854 ‹‹
2303 4805 2412 4861 hoc
2447 4827 2474 4854 »
2504 4821 2873 4877 cognoscere,
2900 4828 2927 4854 ‹‹
2947 4809 3036 4860 est
3056 4805 3222 4860 labor
3240 4808 3372 4861 ante
3395 4821 3507 4869 me,
3532 4826 3559 4852 »
3580 4802 3795 4859 scilicet

2151 4892 2418 4965 superior
2448 4910 2561 4949 me.
2594 4892 2696 4948 Vel
2729 4916 2755 4943 ‹‹
2791 4897 2924 4948 ante
2975 4910 3086 4958 me,
3125 4916 3151 4941 ››
3184 4892 3240 4948 id
3272 4896 3361 4948 est
3408 4896 3688 4964 quantum
3722 4894 3791 4948 ad

2149 4982 2270 5038 haec
2302 4980 2633 5054 praesentia.

2219 5094 2245 5120 «
2277 5071 2468 5127 Labor
2500 5094 2526 5119 »
2559 5071 2708 5135 dico,
2742 5094 2769 5121 α
2803 5070 2985 5127 donec
3014 5069 3230 5126 intrem
3254 5091 3281 5119 ››
3304 5068 3562 5143 agilitate
3581 5070 3791 5125 mentis

2146 5183 2173 5209 ‹‹
2208 5160 2268 5215 in
2300 5159 2705 5215 sanctuarium
2737 5159 2860 5227 Dei,
2899 5182 2925 5208 »
2957 5158 3011 5214 id
3043 5158 3217 5215 estin
3249 5157 3553 5215 consilium
3588 5157 3710 5225 Dei,
3733 5157 3789 5214 id

2142 5252 2231 5303 est
2260 5247 2443 5303 donec
2476 5263 2580 5319 ego
2602 5246 2966 5303 considerem
2990 5264 3108 5320 qua
3128 5246 3492 5319 providentia
3512 5245 3669 5301 Deus
3686 5245 3791 5301 hoc

2141 5335 2318 5391 faciat
2349 5334 2543 5402 malis,
2578 5340 2636 5391 et
2666 5335 2775 5391 hoc
2802 5335 3226 5405 bonis,scilicet
3256 5335 3410 5409 quod
3442 5333 3642 5407 impiis
3660 5351 3786 5407 pro-

2140 5438 2311 5495 spera
2326 5422 2612 5492 dat,justo
2622 5422 2848 5492 judicio
2871 5423 3077 5491 su0,ad
3102 5439 3309 5479 eorum
3326 5421 3783 5491 excaecatinnem,

2139 5511 2309 5567 bonis
2337 5528 2472 5567 vero
2504 5511 2681 5577 mala,
2704 5512 2776 5567 ad
2808 5528 3010 5566 eorum
3038 5512 3465 5584 purgationem.
3485 5508 3587 5566 Vel
3610 5510 3786 5566 donec

2139 5624 2167 5650 «
2202 5601 2258 5654 in
2291 5600 2695 5655 sanetuarium
2726 5600 2887 5667 Dei,»
2911 5601 2968 5655 id
2993 5605 3082 5656 est
3100 5601 3157 5655 in
3181 5604 3415 5655 sanctas
3435 5598 3781 5671 Scripturas,

2137 5706 2264 5760 quae
2296 5690 2366 5743 de
2393 5688 2486 5743 his
2519 5689 2795 5744 omnibus
2826 5689 3079 5745 rationes
3111 5689 3380 5763 reddunt,
3416 5712 3443 5736 ‹‹
3468 5691 3527 5743 et
3552 5711 3579 5734 »
3611 5687 3780 5743 etiam

2137 5777 2339 5832 tandiu
2363 5777 2575 5833 «labor
2595 5782 2742 5848 est,»
2761 5778 2945 5833 donec
2967 5801 2993 5828 «
3021 5776 3343 5849 intelligam
3369 5799 3395 5824 »
3419 5774 3613 5832 mente
3636 5777 3782 5850 posi-
