3936 6426
373 486 496 550 443

802 489 1207 551 HAYMONIS
1239 482 1781 550 HALBERSTAT.
1813 480 2060 546 EPISC.
2094 481 2266 545 OPP.
2299 484 2502 549 PARS
2532 487 2581 549 Ι.
2613 519 2694 534 -—
2720 487 3127 551 COMMENT.
3158 488 3360 553 BIBL.
3647 491 3736 553 4M

374 621 750 682 tur.lntentio
766 624 875 690 est,
892 622 1107 677 hortari
1133 625 1196 677 ut
1216 620 1646 693 compatiamur
1676 618 1849 675 malis
1879 618 2021 675 alio-
2051 618 2107 684 Α
2137 641 2165 669 ‹‹
2195 618 2425 692 gloriati
2467 621 2527 675 in
2576 621 2769 677 medio
2826 621 3218 679 solemnitatis
3268 606 3405 692 tua),
3436 604 3462 675 λ»
3496 622 3552 679 id
3580 627 3673 691 est,
3695 625 3736 681 in

377 733 531 783 rum,
564 714 704 785 quia
734 713 826 767 hic
858 717 947 767 est
975 711 1215 783 quidam
1249 712 1471 784 gradus
1502 710 1831 765 charitatis.
1865 710 2029 765 Unde

373 802 685 878 Apostolus
717 802 799 856 ait
830 819 843 856 :
894 825 921 850 ‹‹
956 802 1212 856 Gaudete
1260 817 1395 856 cum
1446 800 1861 873 gaudentibus,
1899 800 2029 854 ﬂete

375 910 509 950 cum
541 892 815 947 ﬂentibus
845 893 1018 959 (Rom.
1047 891 1172 960 xu).
1209 912 1237 939 ››

443 984 512 1037 Et
532 980 697 1053 ponit
728 981 1205 1052 conquestionem
1240 979 1343 1047 sic,
1366 980 1604 1035 dicens:
1630 979 1673 1034 Ο
1707 978 1907 1032 «Deus
1941 995 2027 1032 re-

371 1069 573 1145 pulisti
600 1092 621 1119 »
660 1074 885 1142 partem
918 1074 1081 1124 tuam
1119 1093 1140 1119 α
1164 1069 1225 1124 in
1259 1070 1499 1133 tinem,»
1537 1067 1829 1124 seilicetin
1850 1068 2026 1121 ﬁnem

371 1158 763 1232 repulsionis:
799 1158 938 1230 quia
967 1176 1102 1213 cum
1134 1159 1447 1230 aliquando
1481 1157 1795 1229 repulisses
1825 1174 1923 1211 eos
1954 1156 2025 1210 ad

368 1254 604 1320 tempus
628 1248 686 1302 in
714 1247 844 1303 aliis
875 1247 1465 1319 captivitatibus,hzec
1497 1246 1754 1318 repulsio
1786 1246 2030 1300 estirre-

366 1336 891 1410 cuperabilis,quia
911 1353 1215 1407 nunquam
1236 1338 1292 1390 in
1311 1336 1561 1391 locoisto
1576 1334 1761 1390 Judaei
1781 1334 2027 1389 ulterius

365 1428 969 1492 dominabuntur,nec
1001 1426 1249 1481 ulterius
1280 1426 1731 1496 reparabuntur,
1754 1439 1941 1495 usque
1966 1422 2025 1477 in

364 1518 546 1572 ﬁnem
569 1514 1032 1587 smeulillepulit
1054 1534 1153 1571 eos
1175 1516 1599 1586 Deus,quando
1622 1532 1737 1569 non
1768 1513 2029 1568 defendit

364 1625 468 1663 eos
489 1607 645 1662 sicut
674 1605 983 1671 solebat,et
1013 1603 1281 1677 permisit
1311 1604 1533 1659 destrui
1566 1620 1601 1659 a
1632 1601 1931 1657 Romanis.
1962 1602 2026 1657 In

364 1695 826 1767 interrogatione
858 1697 1023 1748 notat
1051 1691 1735 1765 conquestionem,quasi
1768 1691 2022 1746 diceret:

365 1785 544 1842 Doleo
566 1785 637 1840 de
657 1782 894 1839 illorum
919 1786 1083 1837 tanta
1114 1781 1528 1848 destructione,
1555 1802 1582 1829 ‹‹
1598 1784 1661 1835 ut
1678 1779 1817 1851 quid
1840 1779 2027 1834 iratus

364 1879 458 1931 est
479 1875 640 1929 furor
664 1877 804 1928 tuus
824 1873 853 1928 Ὺ
877 1894 903 1922 ››
930 1872 987 1926 id
1013 1874 1101 1926 est
1123 1886 1307 1943 quare
1335 1871 1521 1925 iratus
1551 1886 1613 1924 es
1646 1885 1831 1941 usque
1849 1868 1918 1923 ad
1937 1869 2025 1923 fu-

365 1980 559 2020 rorem
581 1963 609 2018 ?
627 1961 850 2019 scilicet
879 1964 945 2016 ut
974 1959 1355 2033 gravissimas
1385 1958 1697 2014 diuturnas
1722 1975 1925 2029 pcenas
1942 1957 2027 2012 eis
2054 1986 2105 2053 Β

365 2052 587 2109 inferas
619 2074 647 2102 ‹‹
676 2067 854 2123 super
882 2066 1016 2106 oves
1047 2065 1278 2121 pascuae
1309 2053 1444 2116 tute,
1464 2070 1492 2097 »
1524 2048 1581 2103 id
1614 2051 1705 2103 est
1734 2063 1912 2118 super
1931 2063 2027 2118 po-

366 2141 574 2216 pulum
604 2144 797 2207 tuum,
830 2155 1007 2212 quem
1061 2138 1364 2194 reﬁciebas
1395 2137 1520 2210 lege
1550 2141 1670 2205 tua,
1705 2136 1861 2192 sicut
1890 2152 2025 2192 oves

368 2230 718 2287 reﬁciuntur
737 2226 796 2284 in
819 2226 1056 2299 pascuis
1072 2243 1085 2281 :
1101 2231 1157 2282 et
1174 2225 1270 2283 hic
1292 2242 1396 2299 per
1416 2226 1701 2282 beneficia
1724 2242 1851 2298 quae
1870 2225 2026 2281 Deus

369 2318 458 2374 eis
510 2314 778 2384 contulit,
811 2314 1021 2388 incipit
1078 2318 1311 2388 captare
1367 2313 1829 2371 benevolentiam
1889 2329 2028 2387 erga

371 2405 526 2462 illos.

444 2494 596 2562 Noli,
620 2494 887 2559 Domine,
911 2492 1210 2565 repellere,
1236 2494 1335 2548 sed
1374 2492 1570 2564 potius
1606 2515 1634 2543 «
1657 2507 1884 2548 memor
1902 2496 2028 2547 esto

372 2581 845 2657 congregationis
868 2586 983 2637 tute
1003 2602 1030 2632 »
1064 2598 1241 2654 quam
1265 2580 1631 2654 congregasti
1655 2580 1716 2636 in
1737 2581 1978 2653 Egypto
2010 2596 2023 2634 :

376 2696 404 2725 ιι
436 2690 617 2746 quam
651 2702 675 2727 υ
709 2672 1221 2744 congregationem
1253 2673 1313 2725 tu
1351 2698 1378 2729 α
1409 2671 1723 2743 possedisti
1754 2691 1777 2714 »
1810 2671 1915 2725 tibi
1950 2671 2029 2725 fa-

371 2762 700 2819 mulantem
735 2777 759 2803 α
792 2761 865 2816 ab
897 2759 1086 2826 initio,
1118 2780 1141 2804 η
1173 2759 1231 2815 id
1265 2764 1352 2815 est
1380 2777 1414 2815 a
1451 2764 1711 2832 tempore
1756 2760 2024 2828 Abrahae,

370 2852 511 2921 Noe,
545 2855 604 2907 et
635 2850 791 2918 Adae,
827 2854 885 2906 et
912 2848 1188 2906 aliorum.

446 2943 590 2996 item
625 2942 954 2995 commovet
976 2937 1161 2994 Deum
1194 2940 1263 2995 ad
1298 2938 1761 2995 misericordiam
1794 2956 1896 3011 per
1915 2937 2031 2993 alia

370 3028 920 3100 beneficia.Propter
948 3027 1059 3083 hoc
1089 3044 1322 3100 quoque
1343 3028 1520 3084 debes
1545 3043 1971 3093 esseumemor,
2000 3048 2022 3075 ι

374 3118 514 3193 quia
541 3123 606 3175 tu
638 3145 666 3177 α
696 3117 1016 3183 redemisti,
1050 3136 1074 3162 υ
1107 3116 1167 3172 id
1199 3122 1288 3172 est
1326 3116 1586 3173 liberasti
1619 3118 1690 3173 de
1721 3134 1900 3173 manu
1932 3117 2028 3171 ΙΕ-

374 3206 823 3283 εγρῑὶοινιιιῐι,ὀι
851 3208 922 3263 de
952 3206 1085 3262 aliis
1129 3206 1568 3279 captivitatibus
1601 3227 1623 3251 ‹‹
1656 3206 1879 3281 virgam
1910 3205 2028 3261 haz-

375 3297 640 3355 reditatis
669 3300 806 3363 tute,
836 3327 860 3352 η
894 3296 953 3351 id
984 3299 1074 3350 est
1102 3294 1503 3351 hereditatem
1560 3299 1746 3363 tuam,
1780 3295 2025 3360 scilicet,

374 3385 662 3460 populum
692 3356 1270 3455 Judaicum,propter
1298 3400 1475 3455 quem
1505 3384 1689 3440 fecisti
1720 3356 1909 3440 multa
1927 3356 2030 3439 mi-
2060 3356 2105 3425 C-

376 3473 606 3539 rabilia,
640 3472 797 3528 sicut
839 3487 943 3542 per
985 3472 1211 3544 virgam
1259 3472 1472 3527 Aaron.
1504 3472 1607 3528 Vel
1658 3490 1761 3544 per
1806 3473 2033 3545 virgam

377 3564 679 3633 sceptrum
711 3558 875 3631 regni
901 3575 1222 3630 possumus
1253 3560 1608 3631 accipere,ut
1628 3561 1713 3616 sic
1743 3561 2031 3617 dicamus:

380 3677 405 3702 σι
427 3647 751 3705 Redemisti
771 3646 997 3720 virgam
1019 3647 1379 3704 hereditatis
1399 3652 1533 3717 tum,
1550 3648 1606 3704 id
1631 3650 2035 3722 est‘populum

377 3754 555 3811 quem
585 3740 650 3792 tu
682 3735 838 3809 regis
869 3734 929 3791 in
959 3736 1143 3809 virga,
1177 3735 1234 3791 id
1263 3741 1351 3792 est
1382 3738 1441 3792 in
1474 3742 1703 3811 sceptro
1742 3738 1900 3811 regio
1932 3756 1945 3795 :
1980 3744 2039 3796 et

376 3831 587 3901 praeter
614 3829 821 3882 caatera
840 3824 1213 3892 beneﬁcia,tu
1234 3825 1360 3897 ipse
1381 3827 1761 3899 corporaliter
1786 3827 2035 3885 visitasti

375 3933 475 3973 eos
495 3920 553 3972 et
572 3912 854 3971 habitasti
887 3912 1040 3969 inter
1068 3930 1168 3969 eos
1204 3929 1216 3968 :
1252 3913 1440 3970 ethoc
1470 3919 1561 3970 est
1589 3930 1601 3969 :
1639 3933 1663 3959 α
1695 3933 1866 3972 mons
1897 3916 2035 3973 Sion

375 4005 434 4061 in
459 4022 575 4078 quo
598 4002 879 4060 habitasti
902 4026 926 4052 η
953 4003 1026 4058 ad
1049 4001 1305 4059 litteram
1340 4019 1352 4058 :
1388 4003 1528 4075 quia
1556 4003 1824 4061 Christus
1842 4022 2039 4078 corpo-

375 4094 575 4152 raliter
610 4092 896 4149 habitavit
923 4091 982 4147 in
1020 4114 1044 4140 u
1067 4092 1228 4161 Sion,
1252 4111 1277 4137 ι»
1311 4092 1369 4148 id
1400 4096 1490 4149 est
1519 4092 1575 4147 in
1608 4093 1833 4161 Judaea,
1865 4095 2037 4167 cujus

374 4187 553 4256 caput
580 4185 670 4238 est
699 4181 1147 4239 Sionzlizebrzea
1166 4182 1380 4237 veritas
1414 4199 1529 4238 non
1559 4182 1736 4239 habet
1756 4184 1858 4239 «in
1890 4200 1978 4240 eo.
2007 4207 2058 4245 ››,

375 4274 571 4330 Potest
600 4276 799 4328 tamen
831 4271 917 4327 sic
947 4270 1090 4343 legi:
1118 4271 1444 4328 «Habitasti
1471 4272 1529 4327 in
1552 4273 1712 4342 Sion,
1737 4297 1762 4321 υ
1789 4293 1903 4330 non
1935 4293 2038 4347 per

373 4379 572 4419 servos
588 4364 821 4417 tantum
837 4360 910 4416 ad
924 4359 1151 4416 vineam
1172 4361 1407 4430 missos,
1424 4363 1523 4417 sed
1540 4362 2039 4435 prepriapersona

378 4473 400 4499 ι
434 4448 717 4506 habitasti
748 4447 808 4504 in
840 4464 928 4504 eo.
960 4468 987 4495 ιι

446 4539 763 4610 Postquam
798 4536 1052 4610 captavit
1099 4537 1563 4594 benevolentiam
1612 4556 1715 4611 per
1752 4540 2036 4597 beneficia

374 4645 502 4700 qua:
527 4626 661 4682 fecit
680 4626 837 4682 Deus
860 4626 1095 4699 populo,
1120 4631 1317 4700 captat
1343 4627 1808 4686 benevolentiam
1841 4646 1875 4685 a
1906 4647 2035 4702 per-

2139 710 2332 764 medio
2355 709 2557 782 templi
2590 711 2763 777 tui,in
2787 728 2903 783 quo
2925 715 3029 767 tua
3050 711 3391 768 solemnitas
3412 712 3625 769 solebat
3637 714 3741 771 cete

2138 798 2316 853 brari.

2213 907 2236 930 ‹‹
2262 888 2587 944 Posuerunt
2607 918 2633 947 ι)
2666 890 2845 945 etiam
2871 920 2893 944 ιι
2919 890 3088 963 signa
3122 908 3251 957 sua,
3277 923 3301 947 ιδ
3335 890 3393 947 id
3424 895 3534 959 est,
3563 893 3742 965 aquilas

2138 996 2300 1043 suas,
2328 998 2351 1021 «ι
2380 978 2548 1051 signa
2570 1010 2594 1035 η
2617 979 2871 1035 victoria:
2896 998 3036 1045 sum,
3061 1004 3088 1034 α
3110 985 3168 1035 et
3198 997 3312 1036 non
3345 988 3705 1054 cognoverunt
3727 1004 3741 1026 ι

2136 1068 2463 1133 veritatem,
2496 1069 2718 1124 scilicet
2771 1071 2925 1141 quod
2976 1069 3077 1124 illa
3104 1070 3345 1127 victoria
3376 1071 3455 1126 sit
3484 1088 3551 1126 ex
3578 1075 3645 1136 te,
3672 1073 3741 1126 sed

2139 1156 2249 1212 sibi
2273 1156 2697 1212 attribuerunt:
2722 1180 2743 1202 ‹‹
2770 1162 3139 1229 posuerunt»
3161 1158 3309 1225 dico,
3343 1178 3367 1201 «ι
3391 1159 3573 1215 sicut»
3588 1159 3742 1215 solent

2138 1246 2271 1316 poni
2297 1245 2466 1318 signa
2488 1266 2510 1288 α
2537 1264 2714 1318 super
2744 1264 3108 1313 summum,»
3141 1246 3198 1302 id
3230 1252 3339 1314 est,
3373 1265 3548 1320 super
3568 1249 3739 1319 januas

2136 1334 2443 1388 domorum
2470 1333 2555 1389 vel
2588 1334 2941 1405 templorum
2977 1361 2999 1384 α
3024 1334 3081 1389 in
3114 1336 3325 1401 exitu,»
3355 1336 3416 1389 id
3446 1337 3610 1400 est,in
3626 1353 3743 1391 com-

2136 1423 2277 1493 pito.
2307 1424 2518 1494 Tangit
2547 1424 3056 1489 consuetudinem,
3091 1426 3247 1496 quod
3293 1424 3540 1481 victores
3593 1425 3742 1481 solent

2137 1526 2350 1579 ponere
2377 1526 2554 1581 super
2584 1513 2811 1580 portam
2839 1510 2925 1565 vel
2947 1528 3122 1582 super
3151 1510 3359 1567 turrim
3391 1512 3557 1585 signa
3583 1529 3689 1568 sua.

2207 1599 2533 1669 Exaggerat
2560 1615 2761 1653 eorum
2797 1600 3122 1671 nequitiam
3153 1616 3168 1656 :
3204 1605 3261 1656 et
3290 1601 3469 1656 etiam
3503 1621 3526 1646 α
3556 1602 3742 1657 excide-

2138 1706 2163 1764 «g
2186 1688 2556 1758 ruutjanuas
2579 1689 2709 1759 eius
2734 1708 2757 1732 »ι
2782 1689 3007 1761 templi,
3023 1690 3327 1746 tendentes
3349 1715 3373 1739 «ι
3398 1690 3457 1746 in
3481 1690 3740 1763 idipsum,-

2138 1775 2193 1829 id
2217 1775 2391 1841 est,in
2414 1777 2680 1831 eamdem
2703 1777 3063 1833 voluntatem
3089 1779 3529 1848 destructionis,
3555 1779 3744 1852 aquasi-

2135 1868 2333 1920 essent
2380 1886 2403 1910 «
2429 1865 2487 1920 in
2512 1865 2677 1933 silva,
2704 1887 2728 1911 υ
2762 1883 2876 1921 non
2910 1882 3037 1938 quae
3073 1866 3499 1933 observaretur,
3531 1869 3622 1924 sed
3649 1885 3745 1940 qua

2135 1971 2336 2010 eorum
2358 1954 2642 2010 voluntati
2665 1958 2819 2011 esset
2840 1955 3103 2028 exposita
3125 1957 3197 2012 ad
3232 1956 3499 2014 facienda
3525 1957 3685 2031 ligna,
3709 1964 3747 2012 cl

2135 2045 2246 2100 hoc
2294 2044 2436 2099 dicit
2481 2072 2510 2102 α
2540 2043 2857 2117 lignorum,
2892 2070 2917 2095 η
2965 2050 3022 2101 et
3073 2060 3101 2091 α
3131 2047 3492 2117 dejecerunt,
3522 2066 3545 2091 υ
3576 2046 3629 2102 id
3665 2050 3747 2113 est,

2135 2135 2554 2190 destruxerunt
2580 2150 2740 2190 «eam
2759 2155 2784 2182 η
2811 2134 3102 2191 civitatem
3131 2156 3159 2184 ‹‹
3182 2135 3241 2191 in
3273 2136 3465 2192 securi
3486 2139 3543 2193 et
3568 2135 3747 2191 ascia.-

2134 2222 2305 2279 Ascia
2332 2226 2423 2279 est
2446 2222 2869 2280 ferramentum
2900 2223 2972 2280 ad
3006 2222 3293 2281 dolandas
3323 2224 3580 2284 minutas
3600 2223 3752 2296 sculp-

2135 2316 2300 2369 turas
2330 2311 2730 2385 aptissimum.

2212 2421 2236 2446 α
2260 2402 2651 2458 Incenderunt
2674 2428 2698 2453 η
2732 2400 2909 2459 etiam
2942 2422 2966 2448 «ι
2990 2402 3394 2460 sanctuarium
3415 2405 3585 2461 tuum
3607 2402 3752 2478 ἰδυίῃ

2137 2492 2193 2547 id
2225 2496 2313 2548 est
2342 2491 2630 2563 templum
2662 2495 2856 2559 tuum,
2889 2492 3232 2565 dejicientes
3259 2492 3541 2561 culmina,
3573 2510 3684 2567 quae
3707 2490 3749 2546 in

2138 2580 2325 2637 altum
2349 2581 2419 2636 ad
2442 2580 2723 2636 honorem
2746 2585 2919 2637 tuum
2945 2586 3113 2638 erant
3136 2583 3438 2648 aedificata,
3475 2603 3500 2629 α
3523 2580 3580 2638 in
3599 2586 3752 2638 terra»

2137 2670 2219 2727 ita
2249 2675 2313 2725 ut
2342 2687 2457 2725 non
2491 2675 2822 2727 remaneret
2849 2670 3003 2742 lapis
3035 2688 3213 2744 super
3239 2670 3522 2744 lapidem,
3542 2670 3759 2745 «pollue-

2140 2764 2326 2816 «runt
2354 2759 2801 2816 tabernaculum
2835 2760 3094 2817 nominis
3124 2760 3262 2827 tui,»
3296 2760 3354 2815 id
3382 2763 3475 2817 est
3505 2759 3751 2833 templum

2137 2848 2197 2905 in
2228 2866 2343 2922 quo
2374 2849 2707 2906 invocatum
2739 2849 2927 2906 fuerat
2956 2865 3168 2907 nomen
3199 2854 3388 2917 tuum,
3421 2849 3675 2907 faciendo
3693 2846 3754 2904 ibi

2138 2938 2329 2995 multa
2350 2938 2595 3011 polluta.

2210 3053 2238 3084 α
2269 3029 2598 3085 Dixerunt»
2630 3028 2806 3084 etiam
2840 3051 2863 3075 «
2894 3028 2953 3084 in
2981 3029 3154 3085 corde
3184 3045 3330 3085 suo»
3360 3031 3417 3085 et
3447 3045 3563 3085 non
3592 3025 3752 3101 pauci,

2139 3120 2240 3176 sed
2278 3117 2589 3191 «cognatio
2619 3134 2820 3173 eorum
2853 3117 3029 3173 simul
3054 3138 3077 3161 ιν
3112 3134 3247 3174 cum
3277 3116 3416 3185 illis,
3442 3138 3472 3168 α
3493 3117 3753 3191 quiescere

2140 3208 2425 3265 faciamus
2480 3225 2684 3265 omnes
2744 3207 2871 3264 dies
2927 3208 3104 3263 festos
3161 3207 3259 3263 Dei
3288 3224 3323 3263 a
3349 3211 3528 3275 terra,
3559 3232 3583 3256 η
3615 3205 3665 3261 id
3688 3206 3761 3259 est

2139 3299 2515 3354 destruamus
2536 3297 2835 3363 omnia,ne
2864 3296 2989 3353 dies
3015 3295 3144 3354 festi
3175 3296 3500 3371 aganturin
3518 3301 3660 3353 terra
3672 3293 3763 3349 ista

2144 3387 2414 3444 ulterius.

2217 3477 2395 3533 Istam
2426 3476 2887 3532 destructionem
2920 3474 3188 3548 permisit
3218 3474 3387 3531 nobis
3416 3473 3572 3531 Deus
3588 3471 3698 3529 ﬁeri
3715 3485 3768 3525 ex

2145 3566 2354 3622 merito
2388 3569 2610 3633 nostro,
2646 3565 2785 3637 quia
2808 3581 2916 3621 nos
2947 3581 3104 3620 «non
3132 3563 3443 3631 vidimus,»
3464 3563 3524 3619 id
3554 3566 3655 3625 est,
3674 3575 3767 3615 non

2145 3653 2561 3720 intelleximus,
2608 3672 2632 3697 α
2659 3653 2829 3726 signa
2854 3658 3077 3721 nostra,
3106 3674 3131 3699 »
3167 3653 3225 3708 id
3257 3656 3366 3722 est,
3395 3651 3566 3708 nobis
3594 3663 3773 3723 propo-

2146 3743 2594 3811 sitam,sci1icet,
2613 3742 3030 3809 visitationem,
3063 3758 3241 3813 quam
3266 3739 3436 3797 nobis
3467 3739 3598 3796 fecit
3619 3738 3767 3793 Deus.

2144 3831 2216 3886 Et
2245 3829 2340 3885 hic
2371 3829 2536 3902 ponit
2564 3845 2625 3884 se
2658 3830 2967 3903 Synagoga
2993 3829 3053 3884 in
3096 3845 3339 3885 numero
3369 3828 3770 3884 destructorum

2146 3918 2403 3985 illorum,
2428 3935 2563 3973 cum
2577 3918 2739 3987 dicit,
2759 3939 2784 3965 α
2797 3935 2912 3975 non
2925 3918 3182 3974 vidimus
3196 3948 3219 3971 η
3236 3916 3358 3973 hzec
3375 3939 3397 3962 α
3410 3915 3628 3991 signa,»
3657 3911 3770 3987 quia

2146 4032 2175 4064 α
2199 4008 2325 4078 jam
2351 4024 2467 4063 non
2504 4011 2594 4063 est
2612 4007 2894 4080 propheta
2911 4033 2935 4057 η
2959 4007 3115 4079 apud
3145 4024 3272 4073 nos,
3306 4022 3483 4079 quem
3512 4002 3772 4061 consulta-

2146 4113 2301 4162 mus,
2336 4095 2489 4151 sicut
2518 4095 2682 4169 prius
2725 4095 3112 4153 habebamus.
3147 4095 3292 4152 Cum
3321 4093 3475 4151 enim
3504 4091 3771 4166 propheta:

2146 4189 2464 4251 cessarent,
2496 4185 2733 4257 signum
2787 4185 2899 4240 fuit
2946 4186 3229 4241 adventus
3257 4182 3437 4251 illius,
3469 4180 3571 4255 qui
3602 4179 3703 4237 fuit
3725 4179 3772 4232 et

2147 4274 2283 4331 finis
2310 4278 2368 4330 et
2405 4272 2715 4346 completio
2768 4273 3184 4346 prophetarum
3217 4289 3232 4328 :
3269 4291 3293 4319 α
3322 4276 3380 4327 et
3410 4269 3659 4343 amplius
3686 4282 3772 4323 nos

2146 4380 2261 4419 non
2294 4367 2606 4435 cognoscet
2636 4387 2660 4412 ι»
2696 4362 2870 4428 Deus,
2905 4362 3195 4418 visitando
3244 4378 3346 4434 per
3385 4359 3639 4431 aliquem
3667 4372 3775 4430 pro-

2147 4452 2406 4524 phetam.
2436 4451 2540 4507 Vel
2597 4451 2678 4507 ita
2737 4455 2928 4523 potest
2966 4450 3079 4524 legi
3111 4450 3443 4525 praecedens
3473 4464 3687 4512 versus,
3714 4444 3774 4499 dc

2146 4541 2321 4613 culpa
2350 4539 3116 4597 Judaaorum.Continuatio.
3145 4539 3299 4595 Licet
3328 4539 3483 4595 Deus
3511 4539 3671 4593 tanta
3696 4534 3775 4587 be-

2144 4630 2354 4685 neﬁcia
2381 4629 2633 4687 Judaico
2660 4629 2876 4702 populo
2926 4628 3291 4691 contulisset,
3324 4631 3519 4683 tamen
3549 4641 3660 4681 non
3682 4620 3777 4678 erit

375 4733 521 4772 sena
560 4715 1049 4782 adversariorum,
1083 4716 1352 4787 ponendo
1407 4717 1744 4789 superbiam
1805 4735 2030 4775 eorum.
2060 4722 2112 4789 D
2143 4718 2204 4773 in
2230 4716 2546 4772 clementia
2576 4716 2787 4789 ipsius,
2820 4716 2869 4773 si
2905 4716 3206 4789 permittat
3251 4732 3350 4772 eos
3379 4712 3620 4780 destrui,
3651 4708 3777 4783 quia

374 4803 769 4860 Continuatio.
803 4802 951 4870 Quia
979 4803 1102 4858 haec
1132 4803 1415 4860 beneficia
1445 4805 1632 4861 fecisti
1661 4807 1875 4879 populo
1904 4810 2027 4875 tuo,

374 4893 564 4958 ideo,o
590 4892 769 4960 Deus,
791 4911 817 4937 α
834 4890 963 4948 leva
983 4908 1197 4947 manus
1221 4896 1372 4959 tuas,
1399 4914 1422 4938 »
1453 4892 1513 4949 id
1546 4898 1635 4950 est
1663 4896 2030 4968 operationes

376 4984 509 5037 tuas
530 4998 658 5052 qua:
681 4980 922 5036 fuerunt
947 4980 1227 5049 remissa),
1261 4998 1396 5036 cum
1428 4998 1527 5039 eos
1559 4984 1925 5055 permitteres
1954 4987 2032 5042 fa-

376 5085 505 5124 cere
526 5069 598 5123 de
620 5068 850 5124 civitate
874 5072 975 5124 tua
996 5069 1149 5140 quod
1188 5069 1487 5127 volebant:
1532 5093 1555 5118 ‹‹
1580 5071 1704 5127 leva
1722 5086 1750 5117 ι)
1772 5073 1902 5128 dico
1926 5094 1950 5120 α
1972 5075 2031 5129 in

377 5179 403 5206 ‹‹
440 5157 750 5229 superbiae
779 5175 1005 5224 eorum,
1038 5178 1063 5203 π
1097 5159 1153 5213 id
1185 5163 1273 5214 est
1322 5164 1526 5215 contra
1570 5161 1896 5232 superbias,
1932 5163 2031 5235 qui

377 5246 669 5301 civitatem
696 5248 1031 5315 destruunt,
1065 5252 1122 5303 et
1152 5247 1261 5303 hoc
1294 5248 1470 5304 facies
1505 5272 1531 5296 α
1564 5250 1620 5303 in
1652 5252 1828 5305 ﬁnem
1864 5277 1887 5299 »
1916 5268 2035 5307 om-

380 5334 634 5399 nimode,
653 5334 713 5389 id
735 5340 844 5401 est,
868 5336 948 5392 ita
977 5335 1220 5406 scilicet,
1243 5338 1397 5409 quod
1430 5343 1861 5406 convertantur,
1895 5343 2035 5412 quia

381 5426 653 5494 «quanta
674 5427 763 5478 est
782 5423 1194 5495 malignatus,»
1220 5426 1276 5481 id
1300 5430 1409 5492 est,
1426 5431 1645 5497 quanto
1668 5427 1822 5483 malo
1839 5430 2036 5485 animo

379 5510 516 5566 fecit
542 5510 859 5567 «inimicus
880 5537 902 5561 ››
927 5514 1023 5568 ille
1048 5515 1347 5569 Romanus
1370 5515 1621 5587 populus
1646 5538 1669 5560 «
1693 5517 1747 5571 in
1774 5524 1976 5575 sancto
2008 5543 2036 5573 »

380 5595 527 5663 loco,
558 5596 615 5652 id
651 5605 760 5667 est,
787 5600 845 5654 in
878 5601 1097 5673 templo
1129 5605 1248 5657 tuo.

450 5686 523 5739 Et
553 5702 688 5739 cum
721 5688 817 5741 alii
850 5688 1142 5753 homines,
1176 5690 1272 5760 qui
1308 5691 1460 5747 mala
1490 5692 1679 5749 solent
1710 5696 1918 5763 facere,
1951 5715 2039 5752 so-

382 5767 541 5826 leant
560 5778 873 5847 compungi
898 5782 954 5830 et
976 5776 1299 5841 dolere,isti
1327 5800 1349 5821 ‹‹
1373 5782 1474 5851 qui
1510 5786 1562 5837 te
1594 5784 1860 5856 oderunt,
1897 5791 2039 5843 sunt

2139 4805 2254 4879 ipsi
2278 4806 2555 4861 dixerunt
2572 4805 2761 4862 Judaei
2784 4805 2843 4861 in
2877 4806 3049 4862 corde
3082 4822 3209 4871 suo,
3243 4804 3301 4860 id
3325 4807 3432 4872 est,
3467 4802 3618 4859 sicut
3645 4797 3778 4854 dixe.

2142 4898 2300 4961 runt,
2327 4895 2409 4951 ita
2439 4895 2498 4950 in
2529 4896 2703 4952 corde
2735 4895 3090 4963 habuerunt,
3124 4898 3181 4950 et
3213 4910 3326 4950 non
3358 4891 3525 4966 pauci
3557 4891 3625 4945 de
3654 4884 3774 4951 illis,

2142 4984 2261 5040 imo
2279 4984 2548 5057 cognatio
2578 4982 2813 5040 illorum
2833 4987 2956 5039 tota
2973 4982 3150 5039 simul
3167 5000 3180 5038 :
3197 4982 3495 5055 quiescere
3516 4979 3777 5035 faciamus

2142 5089 2347 5130 omnes
2394 5074 2519 5129 dies
2570 5074 2748 5129 festos
2790 5071 2893 5129 Dei
2925 5090 2961 5129 a
2989 5076 3163 5139 terra,
3197 5071 3438 5142 scilicet,
3471 5073 3535 5126 ut
3564 5065 3773 5123 nullum

2144 5164 2359 5218 festum
2384 5162 2749 5218 celebremus
2775 5162 2847 5217 ei.
2875 5162 2991 5217 Nec
3013 5161 3297 5217 debemus
3330 5159 3633 5222 celebrare,
3654 5168 3775 5226 quo-

2145 5252 2305 5307 niam
2330 5268 2484 5305 «non
2504 5250 2762 5306 vidimus
2784 5250 2955 5323 signa
2978 5255 3213 5306 nostra»
3235 5267 3361 5322 qua:
3395 5247 3558 5304 nobis
3579 5239 3775 5318 promi-

2148 5344 2307 5397 serat
2328 5340 2503 5405 Deus,
2536 5339 2593 5395 id
2628 5346 2717 5395 est
2747 5356 2862 5395 non
2895 5339 3152 5395 ostendit
3183 5338 3353 5393 nobis
3385 5336 3577 5407 aliqua
3605 5331 3773 5403 signa.

2149 5447 2250 5503 per
2279 5447 2405 5501 quae
2455 5445 2765 5484 caveamus
2818 5429 2891 5484 ab
2938 5427 3228 5495 hostibus,
3262 5425 3415 5482 sicut
3445 5422 3661 5480 solebat
3689 5435 3701 5471 :
3730 5419 3778 5469 et

2148 5520 2325 5575 etiam
2361 5521 2519 5589 «jam
2540 5536 2651 5573 non
2672 5522 2761 5573 est
2780 5517 3099 5589 propheta»
3117 5515 3217 5587 qui
3244 5514 3574 5571 consoletur
3603 5506 3779 5575 nos,et

2148 5612 2354 5663 caetera
2385 5609 2610 5663 eodem.
3684 5645 3692 5652 .

2224 5697 2339 5769 Ipsi
2390 5698 2471 5752 ita
2520 5699 2924 5769 peccaverunt,
2960 5696 3083 5760 sed,
3117 5711 3150 5750 ο
3184 5716 3207 5740 ‹‹
3240 5694 3393 5749 Deus
3442 5700 3732 5764 usquequo
3757 5708 3779 5732 ι

2150 5786 2388 5859 patieris
2445 5785 2579 5843 illos
2640 5801 2981 5857 permanere
3033 5785 3093 5840 in
3136 5783 3408 5857 peccatis,
3442 5781 3633 5840 ethoc
3661 5776 3783 5831 est:
