3936 6398
226 458 354 519 445

1420 454 1917 517 EXPLANATIO
1959 454 2041 516 IN
2083 455 2338 521 PSALM
2348 457 2465 519 OS.

3528 460 3647 523 446

229 614 261 642 ‹‹
286 606 598 665 usquequo
648 587 1071 663 improperabit
1104 612 1130 638 ››
1181 588 1288 644 tibi
1340 614 1367 638 «
1411 588 1706 654 inimicus,
1745 611 1772 638 »
1823 588 1881 643 id
1912 586 1969 656 Α
1997 590 3646 667 quasimmittitdiabolus,tuncdisrumpitDeus,quando

228 685 344 747 est,
377 678 660 737 Judaicus
693 678 948 752 populus
984 695 997 735 :
1030 683 1087 734 et
1117 695 1423 751 usquequo
1456 703 1483 728 ‹‹
1517 679 1730 743 irritat,
1769 703 1794 727 ››
1828 679 1884 735 id

228 775 344 837 est,
376 773 651 842 provocat
680 769 754 823 ad
788 768 957 835 iram,
991 792 1017 817 ‹‹
1053 767 1443 834 adversarius,
1483 792 1508 816 υ
1543 769 1598 823 id
1639 774 1748 835 est,
1779 769 1886 824 Ju-

231 859 440 915 daicus
474 857 752 931 populus,
787 880 815 907 ‹‹
850 875 1063 913 nomen
1096 862 1287 922 tuum,
1326 880 1352 906 »
1386 857 1584 923 id'est,
1620 862 1677 913 te
1708 858 1889 913 nomi-

227 946 539 1004 nubilem?
569 946 681 1002 erit
703 948 812 1002 hoc
843 970 870 995 ‹‹
905 946 965 1002 in
997 948 1174 1001 ﬁnem
1211 965 1223 1001 :
1265 970 1290 995 ››
1325 947 1380 1001 id
1415 952 1523 1013 est,
1553 948 1664 1002 erit
1694 947 1887 1003 omni-

228 1038 424 1093 mode.
456 1035 561 1092 Vel
592 1053 781 1108 usque
815 1059 843 1085 «
877 1035 937 1090 in
972 1038 1146 1090 ﬁnem
1179 1060 1206 1086 ››
1243 1036 1460 1102 saeculi,
1495 1036 1729 1107 quando
1762 1036 1889 1091 reli-

228 1126 386 1199 quite
416 1127 756 1182 Judazorum
790 1124 962 1180 salva)
996 1127 1155 1180 ﬁent.

301 1216 374 1270 Et
405 1237 435 1265 «
468 1218 533 1269 ut
565 1215 779 1286 quid,»
809 1214 1303 1277 Domine,avertis
1328 1236 1353 1263 ››
1375 1216 1446 1269 ab
1477 1214 1560 1269 eis
1584 1239 1609 1263 u
1646 1211 1887 1269 manum

229 1310 420 1372 tuam,
450 1328 477 1353 n
526 1304 585 1359 id
637 1308 727 1359 est
779 1304 1177 1376 operationem
1228 1309 1391 1359 tuam
1437 1321 1555 1375 qua
1584 1309 1887 1359 convertas

225 1411 330 1450 eos
352 1395 424 1449 ad
459 1397 553 1462 te;
587 1393 704 1449 alia
724 1380 1046 1448 translatio
1097 1394 1293 1457 habet,
1331 1394 1536 1448 faciem
1588 1398 1747 1447 tuam
1782 1410 1795 1447 :
1831 1398 1889 1447 et

226 1508 253 1533 ‹‹
291 1488 361 1539 ut
387 1483 528 1556 quid
551 1482 764 1538 avertis
786 1483 1083 1537 dexteram
1118 1487 1347 1548 tuam,»
1378 1482 1435 1537 id
1468 1481 1886 1537 estJudaieum

225 1572 654 1646 populum,qui
685 1571 814 1627 ideo
846 1570 1075 1626 Domini
1111 1573 1345 1627 dextera
1371 1571 1606 1635 dicitur,
1626 1571 1766 1644 quia
1787 1589 1889 1643 per

224 1680 329 1719 eos
364 1661 499 1718 fecit
527 1662 680 1717 Deus
727 1661 918 1717 multa
971 1661 1311 1717 mirabilia:
1362 1662 1517 1717 sicut
1562 1677 1664 1733 per
1706 1660 1886 1716 David

224 1751 457 1809 Goliam
489 1749 805 1817 interemit,
837 1753 974 1817 etc.,
1008 1774 1035 1800 ‹‹
1072 1751 1143 1806 de
1184 1749 1376 1805 medio
1426 1749 1561 1824 sinu
1612 1754 1734 1815 tuo,
1772 1771 1798 1797 ››
1826 1748 1886 1804 id

223 1844 319 1897 est
346 1840 417 1896 de
448 1839 716 1895 ubertate
749 1837 1184 1904 misericordim,
1219 1837 1360 1911 quia
1405 1838 1507 1910 qui
1556 1842 1888 1894 removetur

225 1946 262 1985 a
292 1929 435 1995 Deo,
467 1944 583 1984 non
615 1932 706 1984 est
737 1927 797 1982 in
830 1926 1235 1983 misericordia
1264 1926 1527 1982 Dei.Erit
1555 1927 1664 1982 hoc
1696 1943 1885 1998 usque
1910 1958 1964 2023 Β

226 2042 255 2069 α
290 2018 355 2074 in
386 2018 584 2084 ﬁnem,
615 2038 643 2068 »
676 2017 788 2073 erit
819 2016 1022 2089 utique
1066 2016 1126 2072 in
1175 2016 1372 2081 ﬁnem,
1408 2016 1670 2088 quando'
1696 2016 1885 2071 Judaei

224 2110 646 2163 convertentur
692 2106 765 2162 ad
816 2104 1526 2176 Christum,,recipientur
1572 2104 1632 2159 in
1685 2104 1886 2161 sinum

226 2195 357 2251 Dei.
390 2195 521 2251 Haec
551 2195 742 2269 ﬁgura
769 2193 881 2251 fuit
910 2193 971 2249 in
1002 2192 1336 2267 Moyse,qui
1368 2194 1614 2250 extraxit
1645 2210 1887 2249 manum

226 2284 302 2340 de
335 2282 491 2350 sinu,
522 2288 582 2340 et
608 2281 903 2357 leprosam
933 2281 1177 2348 invenit,
1210 2286 1268 2337 et
1306 2298 1442 2338 cum
1492 2278 1724 2338 iterum‘
1757 2298 1888 2339 eam

225 2372 290 2429 in
324 2371 525 2449 sinum
556 2370 934 2446 reposuisset,
970 2372 1195 2428 munda
1225 2370 1357 2437 fuit,
1391 2376 1448 2427 et
1477 2371 1586 2428 hoc
1630 2376 1721 2428 est
1769 2371 1886 2427 im-

229 2460 461 2534 pletum
491 2461 552 2517 in
576 2460 793 2534 populo
823 2459 1302 2533 Judaeorum,qui
1337 2478 1470 2516 cum
1494 2466 1890 2517 removeretur

230 2568 267 2607 a
298 2550 436 2607 sinu
468 2550 591 2617 Dei,
622 2550 682 2607 id
713 2553 803 2606 est
836 2567 871 2606 a
898 2549 1154 2615 Christo,
1190 2551 1380 2606 factus
1410 2555 1500 2606 est
1530 2550 1798 2622 leprosus
1828 2550 1888 2605 in

233 2640 491 2712 peccatis
517 2658 531 2708 ;
565 2657 701 2695 cum
732 2644 932 2695 autem
962 2640 1315 2695 converterit
1349 2657 1411 2695 se
1440 2641 1513 2695 ad
1564 2640 1888 2706 Christum,

236 2727 630 2784 mundabitur
657 2746 691 2785 a
709 2728 870 2800 lepra
894 2732 1293 2800 peccatorum.

313 2841 342 2867 ‹‹
395 2817 551 2872 Deus
608 2821 826 2873 autem.
883 2838 911 2865 ι»
960 2816 1101 2871 Pars
1150 2817 1427 2871 secunda.
1483 2816 1637 2872 Deus
1683 2816 1895 2872 avertit

238 2907 418 2962 modo
451 2921 693 2961 manum
723 2921 914 2970 suam,
947 2903 1193 2969 scilicet,
1227 2905 1352 2976 ipse
1383 2927 1411 2954 «
1436 2905 1592 2960 Deus
1623 2923 1722 2961 rex
1752 2922 1892 2959 nos-

239 3000 333 3051 ter
365 3017 395 3044 »
424 2994 681 3050 existens
731 3015 759 3043 «
811 2996 945 3048 ante
996 2992 1230 3059 smcula,
1271 2998 1546 3065 operatus
1594 2998 1684 3048 est
1730 2993 1893 3049 salu-

240 3088 388 3148 tem,
425 3103 453 3131 »
476 3080 534 3135 id
566 3085 675 3146 est,
706 3080 1205 3146 liberationem,et
1233 3086 1368 3137 ante
1400 3082 1714 3137 adventum
1747 3087 1804 3137 et
1834 3082 1893 3136 in

238 3172 376 3244 ipso
401 3170 651 3226 adventu
683 3169 899 3225 Christi
931 3192 958 3219 «
994 3169 1054 3224 in
1107 3170 1298 3227 medio
1331 3174 1516 3237 terris,
1552 3193 1579 3218 n
1612 3171 1671 3225 id
1716 3176 1806 3227 est
1834 3171 1895 3226 in

240 3259 548 3319 communi
580 3259 845 3315 omnium
877 3258 1207 3315 hominum.

1997 681 2229 737 alleviat
2262 686 2516 754 peccata,
2550 686 2608 737 et
2657 681 2705 735 si
2738 699 2851 737 non
2886 681 3122 753 penitus
3171 684 3483 750 condonet,
3507 686 3647 739 tunc

1998 772 2179 826 siccat
2212 796 2231 822 ι
2268 772 2475 827 ﬂuvios
2506 773 2714 837 Ethan,
2750 796 2772 823 1
2809 771 2866 826 id
2899 777 3009 838 est,
3036 773 3449 828 inundantium
3474 773 3646 829 vitio-

1999 878 2152 925 rum,
2205 862 2440 933 quando
2484 861 2718 933 penitus
2765 863 3060 917 condonat
3106 866 3363 933 peccata.
3409 862 3513 918 Vel
3561 863 3646 918 sic

2002 971 2025 999 α
2061 951 2367 1022 disrupisti
2400 952 2608 1015 fontes,
2643 970 2674 1003 ι
2706 952 2944 1022 quando
2975 951 3035 1005 in
3087 952 3316 1007 deserto
3362 952 3432 1006 de
3481 956 3647 1024 petra

1999 1056 2213 1112 aquam
2262 1040 2535 1105 eduxisti,
2569 1043 2628 1095 et
2675 1044 2983 1108 torrentes,
3015 1040 3169 1109 sicut
3216 1056 3432 1111 aquam
3480 1040 3645 1096 illam

1999 1145 2126 1199 qua)
2150 1129 2505 1200 sequebatur
2526 1145 2624 1183 eos
2657 1145 2759 1199 per
2780 1129 3098 1184 desertum.
3119 1129 3219 1184 Vel
3244 1129 3351 1185 hos
3379 1131 3569 1185 fontes
3591 1134 3648 1185 et

1998 1221 2287 1272 torrentes
2316 1216 2701 1289 intelligimus
2739 1219 3283 1290 praedicatores,qui
3318 1219 3648 1275 refecerunt

2000 1310 2189 1361 totum
2224 1308 2513 1361 mundum
2546 1306 2955 1378 praedicatione
2984 1307 3302 1379 Evangelii,
3334 1311 3393 1362 et
3432 1324 3535 1380 per
3566 1309 3648 1363 is-

2001 1399 2089 1449 tos
2118 1395 2525 1466 prcedicatores
2562 1418 2581 1443 ιι
2611 1399 2674 1450 tu
2706 1395 2937 1450 siccasti
2962 1396 3168 1449 ﬂuvios
3201 1396 3411 1460 Ethan,
3431 1415 3450 1443 ι
3476 1396 3648 1452 inun-

1999 1484 2259 1538 dantiam
2292 1486 2685 1555 peccatorum,
2719 1500 2897 1555 quam
2921 1483 3275 1538 immittebat
3293 1484 3583 1539 diabolus.

2074 1595 2101 1621 ‹‹
2134 1574 2298 1627 Tuus
2328 1578 2418 1627 est
2448 1572 2593 1639 dies,
2626 1577 2737 1628 etc.
2774 1595 2795 1623 ι
2833 1574 3046 1628 Totum
3078 1573 3150 1627 ad
3181 1571 3457 1627 litteram.
3492 1572 3650 1628 Alle-

1998 1661 2193 1733 goriee
2239 1666 2434 1717 autem
2484 1679 2588 1734 per
2616 1663 2772 1718 diem
2805 1662 3128 1734 accipimus
3169 1660 3514 1733 sapientem,
3548 1662 3649 1733 qui

1996 1755 2087 1806 est
2108 1750 2477 1807 illuminatus
2500 1751 2833 1823 cognitione
2862 1751 2985 1806 Dei.
3002 1751 3110 1806 Per
3129 1754 3359 1806 noctem
3382 1753 3652 1822 peccator

1997 1839 2303 1910 accipitur,
2336 1839 2436 1911 qui
2467 1844 2556 1895 est
2585 1840 2645 1895 in
2678 1838 2954 1906 tenebris,
2980 1855 3083 1912 per
3112 1838 3505 1912 ignorantiam
3526 1839 3646 1895 veri

1997 1928 2155 1996 boni,
2189 1928 2289 2001 qui
2321 1933 2592 2001 peccator
2637 1933 2727 1985 est
2752 1934 2913 1995 tuus,
2945 1945 2979 1984 o
3008 1928 3186 1995 Deus,
3220 1928 3360 2000 quia
3406 1944 3542 1984 eum
3573 1929 3648 1985 ad

1995 2022 2052 2073 te
2082 2018 2391 2073 convertis.
2432 2037 2453 2065 ι
2488 2019 2576 2074 Tu
2602 2018 2921 2074 fabricatus
2950 2033 3013 2074 es
3044 2033 3338 2083 auroram,
3369 2035 3397 2068 ι
3444 2017 3503 2073 id
3533 2021 3647 2084 est,

1996 2105 2350 2179 principium
2389 2106 2804 2173 conversionis,
2857 2106 3080 2163 scilicet
3135 2105 3269 2162 illos
3324 2106 3426 2179 qui
3474 2108 3648 2162 modo

1997 2195 2222 2251 noviter
2250 2199 2687 2263 convertuntur,
2726 2219 2747 2246 ι
2782 2200 2841 2252 et
2866 2193 3071 2260 solem,
3107 2217 3130 2245 ι
3163 2196 3222 2251 id
3271 2198 3381 2261 est,
3415 2195 3646 2266 perfec-

1995 2283 2259 2340 tissimos
2290 2284 2607 2355 sapientes,
2635 2284 2736 2357 qui
2758 2284 2905 2341 alios
2927 2287 3177 2357 possunt
3206 2282 3562 2340 illuminare.

2076 2393 2098 2425 ι
2132 2374 2222 2429 Tu
2254 2393 2277 2422 ι
2312 2373 2488 2429 etiam
2527 2391 2550 2421 α
2585 2372 2770 2429 fecisti
2811 2388 3018 2429 omnes
3066 2370 3351 2428 terminos
3397 2375 3585 2437 terrm,
3620 2393 3648 2421 ››

2000 2462 2058 2517 id
2079 2466 2303 2529 est,eos
2332 2462 2431 2534 qui
2466 2479 2528 2518 se
2546 2461 2769 2518 faciunt
2798 2460 3082 2519 terminos
3112 2464 3170 2518 et
3197 2461 3532 2517 defensores
3551 2461 3651 2515 Ec-

1999 2549 2211 2617 clesiae,
2243 2556 2448 2607 contra
2487 2551 2787 2607 diabolum
2837 2555 2896 2607 et
2945 2551 3247 2607 ministros
3294 2550 3444 2622 ejus,
3496 2548 3651 2605 sicut

2000 2643 2141 2696 sunt
2169 2641 2357 2695 sancti
2389 2641 2645 2713 episcopi
2676 2645 2734 2696 et
2763 2639 2861 2696 alii
2884 2639 3029 2695 boni
3058 2644 3322 2712 pastores
3348 2657 3362 2708 ;
3408 2660 3437 2690 α
3470 2642 3651 2694 ecsta-

2001 2733 2143 2794 tem,
2181 2751 2202 2778 ι
2238 2729 2295 2784 id
2347 2734 2439 2785 est
2484 2729 2617 2785 illos
2666 2730 2766 2801 qui
2821 2734 2963 2784 sunt
3011 2727 3449 2793 ferventissimi,
3496 2726 3653 2782 sicut

2002 2820 2309 2889 martyres,
2349 2841 2370 2867 cz
2396 2804 2455 2873 et
2482 2835 2582 2874 ver
2615 2839 2638 2868 ι
2674 2817 2850 2874 etiam
2882 2820 2946 2872 tu
2976 2816 3187 2883 fecisti,
3218 2816 3279 2871 id
3311 2819 3421 2882 est,
3436 2818 3653 2886 tempe-

2002 2908 2181 2970 ratos,
2214 2905 2367 2960 sicut
2395 2910 2535 2960 sunt
2565 2904 2703 2961 boni
2733 2906 3116 2970 confessores,
3149 2908 3208 2959 et
3241 2921 3264 2951 α
3296 2920 3364 2959 ea
3392 2906 3456 2958 tu
3488 2901 3652 2974 plas-

2004 2992 2202 3059 masti,
2236 3016 2259 3045 ι
2298 2992 2356 3047 id
2387 2997 2495 3060 est,
2528 2992 2880 3065 principium
2927 3009 3130 3048 eorum
3177 2996 3241 3046 tu
3291 2990 3478 3057 fuisti,
3512 2988 3653 3062 quia

2005 3081 2205 3136 nullus
2236 3081 2295 3137 in
2327 3081 2412 3137 eis
2443 3082 2767 3154 quidquam
2811 3081 2966 3148 fecit,
3001 3080 3114 3137 nisi
3164 3084 3229 3135 tu
3273 3078 3456 3136 solus.
3490 3078 3651 3134 Plas-

2006 3168 2186 3225 matio
2216 3170 2373 3225 enim
2403 3174 2493 3226 est
2516 3171 2707 3243 prima
2735 3169 2972 3226 creatio.

2085 3277 2108 3306 ι
2141 3260 2384 3315 Memor.
2421 3283 2443 3312 ι
2480 3261 2552 3315 Et
2579 3263 2646 3315 tu
2676 3260 2852 3325 Deus,
2876 3259 2978 3331 qui
3011 3259 3133 3314 haec
3166 3254 3459 3313 mirabilia
3490 3255 3652 3313 fecis-

314 3373 345 3401 «
381 3351 471 3404 Tu
500 3348 882 3404 conﬁrmasti.
917 3371 946 3398 ››
977 3347 1116 3404 Dico
1150 3369 1179 3399 ‹‹
1209 3353 1485 3421 operatus
1520 3371 1546 3398 ››
1578 3366 1641 3406 es
1672 3372 1699 3399 ‹‹
1735 3350 1894 3405 salu-
1924 3325 1969 3392 C
2008 3349 2074 3417 ti,
2113 3369 2135 3397 ι
2172 3366 2398 3405 memor
2427 3354 2551 3405 esto
2581 3350 2781 3421 hujus,
2819 3371 2840 3398 ιι
2876 3348 2934 3404 id
2964 3353 3076 3415 est,
3109 3345 3507 3403 conversionis
3539 3347 3650 3402 Ju-

242 3444 388 3506 tem,
422 3438 563 3512 quia
611 3460 641 3489 «
686 3442 752 3493 tu
787 3459 815 3487 ››
842 3438 997 3493 Deus
1029 3460 1056 3487 «
1103 3438 1470 3494 conﬁrmasti
1501 3456 1661 3494 mare
1713 3462 1740 3489 ››
1772 3439 1896 3495 Ru--

241 3530 441 3596 brum,
475 3527 739 3584 faciendo
771 3526 918 3583 illud
949 3525 1166 3600 populo
1198 3528 1525 3583 transeunti
1562 3527 1806 3594 siccum,
1839 3531 1899 3584 et

240 3635 313 3674 ex
343 3617 505 3674 omni
538 3620 705 3689 parte
732 3615 903 3688 quasi
936 3633 1173 3671 murnm
1204 3634 1218 3672 :
1254 3621 1313 3671 et
1356 3617 1465 3672 hoc
1514 3640 1542 3666 «
1575 3617 1635 3671 in
1682 3616 1897 3672 virtute

242 3712 370 3773 tua,
406 3729 434 3756 ››
464 3706 524 3761 id
556 3708 647 3762 est
672 3704 733 3760 in
765 3705 924 3761 omni
972 3706 1236 3777 potentia
1284 3709 1405 3761 tua.
1440 3706 1635 3761 Posita
1683 3707 1893 3780 ﬁgura,

241 3796 414 3870 ponit
439 3793 837 3868 signiﬁcatum
867 3793 1056 3866 ipsius
1087 3795 1310 3868 ﬁguras,
1343 3811 1477 3850 cum
1510 3795 1654 3851 dicit
1686 3812 1699 3850 :
1735 3819 1763 3845 α
1797 3795 1900 3851 Ca-

242 3886 371 3959 pita
400 3885 743 3949 draconum,
778 3905 807 3933 ››
856 3882 916 3939 id
965 3886 1055 3939 est
1099 3884 1393 3956 potentias
1438 3888 1497 3939 et
1547 3883 1896 3941 elevationes

242 3975 579 4029 daemonum
615 3993 645 4023 ‹‹
671 3971 1103 4038 contribulasti,
1142 3996 1168 4022 ››
1199 3973 1258 4027 id
1287 3978 1398 4039 est,
1426 3975 1500 4029 ad
1530 3973 1782 4029 nihilum
1813 3991 1894 4029 re-

243 4062 486 4129 duxisti,
536 4086 564 4113 ‹‹
599 4062 661 4117 in
709 4060 879 4134 aquis
924 4084 952 4111 »
997 4062 1326 4134 baptismi:
1369 4064 1509 4136 quia
1554 4080 1659 4135 per
1710 4079 1895 4134 aquas

224 4150 523 4225 ‘baptismi
553 4150 728 4206 homo
761 4149 879 4206 exit
902 4167 937 4205 a
967 4149 1185 4206 diaboli
1216 4155 1526 4224 potestate.

312 4243 385 4298 Et
430 4263 460 4291 ‹‹
501 4243 566 4295 tu
617 4262 647 4289 »
684 4239 864 4295 etiam
904 4262 931 4289 «
965 4239 1303 4313 confregisti
1336 4240 1531 4312 capita
1559 4240 1831 4295 draconis
1863 4263 1886 4293 ι

243 4329 585 4404 superioris,
634 4333 693 4384 et
744 4351 773 4378 ‹‹
808 4327 1042 4401 populis
1085 4328 1445 4400 Ethiopum,
1481 4351 1510 4378 »
1563 4329 1622 4383 id
1654 4333 1745 4385 est
1775 4328 1893 4386 illis

242 4421 347 4492 qui
378 4418 543 4492 prius
564 4418 804 4475 fuerunt
833 4416 986 4490 nigri
1016 4415 1076 4471 in
1107 4416 1383 4490 peccatis,
1418 4440 1447 4468 ‹‹
1468 4416 1681 4474 dedisti
1703 4435 1837 4474 eum
1864 4441 1892 4468 ››

244 4505 545 4563 diabolum
576 4529 605 4557 ‹‹
639 4522 857 4573 escam,
885 4527 912 4555 »
943 4504 1003 4560 id
1033 4510 1125 4562 est
1154 4506 1562 4562 refectionem:
1588 4506 1728 4580 quia
1758 4508 1892 4563 sub-

242 4596 532 4652 trahenda
555 4593 786 4650 diabolo
811 4611 921 4650 sua
948 4595 1234 4661 membra,
1267 4594 1352 4650 eis
1384 4596 1890 4663 reﬁciuntur,cum

2007 3439 2286 3503 (imorum,
2319 3439 2477 3509 quod
2515 3438 2627 3494 iste
2666 3438 2810 3493 dicit
2856 3436 3145 3503 absolute,
3183 3457 3210 3488 σι
3238 3435 3421 3506 hujus
3457 3456 3478 3484 ιι
3538 3433 3655 3490 alia

2005 3526 2315 3583 translatio
2346 3526 2543 3593 habet,
2575 3527 2756 3600 hujus
2786 3526 3166 3598 operationis,
3199 3528 3259 3582 et
3294 3540 3534 3581 necesse
3563 3527 3656 3579 est

2004 3620 2073 3672 ut
2102 3616 2186 3672 sis
2235 3640 2257 3666 α
2294 3632 2540 3683 memor,
2575 3637 2603 3666 »
2648 3614 2790 3686 quia
2843 3635 2865 3665 α
2899 3614 3197 3681 inimicus,
3231 3636 3260 3665 ››
3309 3613 3369 3670 id
3413 3616 3523 3680 est,
3556 3611 3655 3668 ille

2003 3706 2288 3763 Judaicus
2318 3704 2574 3778 populus
2603 3725 2636 3757 ε
2665 3704 3099 3777 improperavit,
3138 3728 3160 3754 ι
3196 3703 3254 3758 id
3294 3706 3404 3769 est,
3436 3718 3652 3775 oppro-

2005 3795 2136 3850 bria
2164 3795 2312 3849 dixit
2346 3814 2367 3843 ι
2401 3795 2649 3850 Domino
2684 3816 2706 3843 ι
2741 3798 2801 3850 et
2828 3793 2941 3849 hoc
2984 3810 3088 3865 per
3133 3791 3560 3864 insipientiam,
3597 3794 3656 3848 et

2004 3884 2114 3940 hoc
2144 3887 2233 3939 est
2269 3904 2291 3932 α
2324 3886 2382 3938 et
2419 3882 2672 3955 populus
2702 3882 2989 3954 incipiens
3026 3902 3055 3931 ››
3087 3879 3455 3936 exacerbavit
3488 3905 3510 3932 ι
3544 3896 3652 3935 no-

2004 3990 2139 4029 men
2173 3977 2364 4037 tuum,
2396 3990 2422 4022 n
2452 3972 2511 4025 id
2542 3975 2653 4035 est,
2687 3968 3015 4042 provocavit
3043 3972 3100 4024 te
3129 3969 3202 4023 ad
3232 3966 3381 4023 iram
3415 3967 3655 4023 nobina—

2003 4061 2182 4117 bilem
2212 4059 2361 4133 (sic).
2395 4059 2541 4115 Cum
2572 4058 2716 4115 dicit
2743 4055 3261 4130 perinsipientiam
3290 4071 3391 4111 eos
3421 4071 3652 4127 peccas-

2004 4166 2086 4217 se,
2119 4146 2360 4205 excusat
2389 4165 2489 4204 eos
2519 4152 2576 4203 et
2606 4146 2814 4220 dignos
2845 4144 3104 4202 ostendit
3134 4143 3527 4201 miseratione.

2079 4264 2099 4293 ι
2133 4239 2215 4294 Ne
2245 4238 2463 4293 tradas.
2502 4260 2522 4288 ιο
2548 4236 2747 4292 Tertia
2775 4252 2930 4307 pars.
2965 4233 3244 4290 Inimicus
3284 4232 3537 4305 populus
3569 4233 3653 4289 ita

2000 4328 2419 4401 improperavit
2447 4326 2716 4391 Domino,
2751 4326 2875 4391 sed,
2908 4342 2942 4380 o
2973 4322 3238 4388 Domine,
3260 4320 3549 4395 quidquid
3572 4322 3653 4377 fa-

2002 4418 2123 4474 cias
2154 4418 2224 4472 de
2254 4416 2385 4471 aliis
2423 4434 2445 4463 α
2480 4432 2552 4471 ne
2584 4415 2783 4470 tradas
2814 4412 3041 4481 bestiis,
3070 4437 3091 4467 ι
3129 4411 3188 4467 id
3219 4415 3309 4468 est
3337 4410 3569 4467 diabolo
3594 4414 3653 4466 et

2002 4506 2293 4563 ministris
2323 4506 2473 4576 ejus,
2513 4527 2533 4554 ιι
2582 4502 2841 4559 animam
2891 4502 3266 4559 conﬁtentem
3316 4503 3375 4557 et
3421 4499 3651 4555 animas

2000 4611 2325 4667 pauperum
2350 4598 2587 4649 tuorum
2619 4577 3081 4657 ne‘vobliviscaris
3110 4589 3170 4646 in
3202 4590 3399 4656 ﬁnem,
3426 4610 3448 4638 ι
3481 4587 3541 4644 id
3562 4592 3653 4644 est

241 4701 340 4741 eos
369 4684 484 4741 sibi
513 4684 891 4756 incorporant
924 4699 936 4738 :
970 4682 1058 4738 vel
1088 4683 1236 4755 ipsis
1288 4684 1771 4742 tribulationibus
1799 4703 1886 4744 re-
1923 4692 1970 4758 D
2001 4682 2357 4747 omnimodo,
2391 4682 2627 4755 quando
2658 4697 2998 4737 remuneres
3027 4697 3148 4747 eos,
3180 4678 3320 4752 quia
3363 4678 3649 4734 conﬁten-

243 4773 542 4840 ﬁciuntur,
577 4790 726 4845 quas
754 4771 1026 4827 immittit
1054 4771 1139 4827 eis
1170 4772 1461 4829 diabolus.

312 4862 584 4919 Ostendit
610 4862 787 4918 etiam
836 4860 983 4917 alias
1028 4860 1270 4927 salutes,
1306 4879 1453 4934 quas
1484 4863 1619 4919 fecit
1646 4864 1801 4920 Deus
1831 4864 1890 4920 in

244 4953 633 5018 mundo,eum
666 4950 879 5007 dicit:«
911 4954 974 5006 tu
1000 4973 1027 4999 ››
1051 4950 1225 5006 etiam
1253 4973 1280 4999 «
1308 4951 1616 5024 disrupisti
1632 4953 1841 5019 fontes,
1862 4976 1890 5003 »

241 5037 300 5094 id
330 5044 440 5106 est,
476 5040 525 5096 si
558 5038 774 5111 aliquis
805 5039 936 5095 fons
965 5037 1323 5110 impediebat
1351 5056 1554 5095 eorum
1586 5040 1715 5106 iter,
1730 5044 1792 5095 tu
1813 5042 1896 5096 di-

241 5127 450 5196 visisti,
484 5133 549 5184 ut
578 5127 747 5184 facile
784 5128 1231 5201 pertransirent,
1273 5150 1300 5178 ‹‹
1340 5132 1398 5182 et
1432 5132 1745 5195 torrentes,
1774 5149 1800 5181 η
1833 5129 1889 5185 id

243 5221 348 5285 est,
365 5217 416 5273 si
447 5216 996 5291 aliquaimpotuosa
1020 5233 1175 5288 aqua
1196 5216 1553 5288 impediebat
1572 5218 1892 5273 transitum

243 5321 464 5375 eorum,
480 5310 541 5362 tu
581 5305 990 5378 «disrupisti,»
1012 5305 1070 5361 id
1093 5310 1201 5373 est,
1218 5322 1321 5378 per
1350 5306 1629 5363 minimos
1649 5307 1889 5377 rivulos,

248 5418 268 5446 ι
302 5401 365 5452 tu
397 5415 419 5445 ι
455 5395 635 5454 etiam
672 5420 692 5447 ι
719 5395 953 5453 siccasti
985 5396 1194 5452 ﬂuvios
1225 5395 1414 5452 Ethan
1451 5419 1472 5446 ι
1512 5401 1676 5452 terra:
1705 5396 1888 5465 illius,

243 5487 305 5539 ut
318 5485 656 5553 Jordanem,
672 5501 849 5558 quem
863 5484 1017 5541 sicco
1035 5485 1182 5558 pede
1205 5485 1588 5541 transierunt.
1612 5509 1633 5534 ι
1650 5485 1839 5541 Ethan
1863 5508 1884 5535 ι

239 5570 658 5647 interpretatur
672 5575 1051 5646 robustus,per
1062 5575 1218 5646 quod
1231 5573 1584 5647 intelligitur
1596 5574 1887 5645 diabolus;

241 5676 555 5732 possumus
585 5664 767 5720 ethoc
799 5662 1121 5735 intelligere
1134 5663 1204 5719 ad
1220 5661 1558 5735 allegoriam
1584 5662 1683 5728 ita,
1701 5664 1889 5720 fontes

242 5754 298 5806 et
324 5756 611 5810 torrentes
629 5752 875 5817 «Ethan,
904 5773 925 5802 »
953 5751 1012 5807 id
1045 5757 1133 5808 est
1164 5751 1883 5822 inundationesvitiornm,

2003 4776 2092 4828 tes
2125 4774 2266 4827 sunt
2292 4788 2599 4843 pauperes,
2632 4774 2691 4825 et
2721 4768 2851 4825 ideo
2883 4770 3062 4825 debes
3094 4784 3488 4826 remunerare.

2074 4860 2315 4932 Propter
2343 4859 2452 4914 hoc
2483 4876 2597 4913 non
2634 4860 2810 4915 debes
2843 4857 3129 4924 oblivisci,
3162 4857 3304 4930 quia
3333 4861 3397 4913 tu
3431 4855 3652 4930 promi-

2004 4948 2133 5004 sisti
2188 4947 2651 5003 misericordiam
2697 4945 3114 5002 conﬁtentibus
3162 4950 3239 5012 te,
3272 4950 3330 5001 et
3375 4946 3484 5001 hoc
3514 4948 3649 5000 est:

2010 5057 2032 5085 α
2068 5036 2311 5109 Respice
2342 5035 2401 5089 in
2434 5038 2852 5090 testamentum
2886 5038 3076 5100 tuum,
3108 5053 3135 5085 η
3172 5033 3228 5087 id
3260 5036 3350 5089 est
3380 5036 3652 5088 sanctum

2002 5124 2400 5199 Evangelium,
2449 5127 2507 5178 et
2554 5140 2701 5194 opus
2753 5126 2843 5187 est
2892 5125 2955 5177 ut
3007 5119 3287 5192 respicias
3336 5119 3650 5192 promissa,

2002 5215 2142 5288 quia
2171 5218 2409 5288 propter
2439 5212 2650 5267 merita
2678 5227 2879 5266 eorum
2905 5227 3019 5266 non
3053 5208 3252 5274 facies,
3283 5228 3305 5255 ε
3340 5206 3478 5280 quia
3502 5230 3523 5254 υ
3552 5207 3651 5262 isti

2008 5327 2029 5355 α
2065 5304 2268 5377 repleti
2300 5306 2439 5359 sunt
2472 5327 2493 5354 ι
2532 5300 2844 5372 iniquitate
2880 5322 2900 5350 α
2937 5297 3037 5370 qui
3079 5296 3375 5352 obscurati
3424 5299 3585 5359 sunt,
3622 5318 3649 5344 ››

2001 5392 2060 5449 id
2091 5398 2200 5459 est,
2235 5390 2501 5449 excaecati
2542 5393 2682 5444 sunt
2728 5387 2801 5443 ab
2853 5404 2966 5442 usu
3017 5383 3283 5449 rationis,
3320 5409 3341 5437 ι
3377 5381 3651 5440 domibus

2001 5486 2189 5549 terrae,
2218 5504 2238 5532 ι
2277 5482 2334 5537 id
2365 5484 2456 5536 est
2485 5476 2771 5550 corporali
2794 5474 3246 5539 habitatione,et
3276 5474 3385 5530 hoc
3414 5470 3653 5528 excusat

1999 5590 2098 5630 eos
2131 5574 2203 5627 de
2234 5588 2342 5626 sua
2373 5568 2651 5625 czecitate.

2068 5662 2158 5723 Et,
2174 5678 2205 5715 o
2229 5659 2492 5723 Domine,
2514 5675 2536 5703 ι
2559 5673 2631 5711 ne
2652 5658 2947 5711 avertatur
2969 5651 3208 5708 humilis
3235 5676 3255 5703 ιι
3280 5652 3381 5726 qui
3397 5651 3500 5708 tibi
3519 5667 3652 5723 sup-

1999 5751 2198 5824 plicat,
2240 5769 2261 5798 α
2296 5748 2483 5804 factus
2509 5744 2789 5801 confusus
2828 5768 2847 5793 η
2884 5743 2932 5799 si
2963 5759 3095 5799 eum
3129 5759 3163 5797 a
3210 5747 3267 5799 te
3317 5740 3649 5808 removeris,
