3936 6408
306 438 425 498 ΜΠ

730 437 1145 502 HAYMONIS
1177 438 1724 501 HALBERSTAT.
1759 436 2003 499 EPlSC.
2038 437 2209 499 OPP.
2244 440 2446 503 PARS
2478 441 2527 503 Ι.
2558 476 2636 487 -
2665 442 3072 505 COMMENT.
3106 443 3304 505 BlBL.

3603 446 3722 511 448

311 588 421 629 nec
444 572 621 628 debes
652 570 800 628 tales
828 589 862 626 a
889 576 947 628 te
976 588 1290 638 removere,
1326 572 1466 645 quia
1493 593 1516 624 α
1550 588 1774 646 pauper
1802 593 1826 624 ι
1863 587 1963 627 ve-
1990 570 2050 638 λ
2078 574 2361 644 procedit,
2392 574 2531 648 quia
2565 575 2659 648 qui
2693 593 2810 632 non
2842 576 3091 642 invocat,
3123 576 3300 649 digne
3341 594 3582 635 narrare
3609 597 3723 637 non

318 678 421 717 rus
451 682 473 714 ι
508 666 565 718 et
592 661 762 735 iuops
798 681 820 712 ι
856 660 953 734 qui
987 662 1131 716 nihil
1165 663 1236 717 de
1267 680 1328 717 se
1361 661 1683 734 przesumit,
1716 662 1815 717 sed
1848 676 1969 716 om-

314 754 415 811 nia
447 759 558 809 Deo
588 755 843 825 reputat,
876 750 1101 807 scilicet
1130 749 1413 819 humilis;
1443 750 1541 806 isti
1593 750 1740 807 tales
1775 773 1796 801 ο
1834 751 1965 806 lau-

303 845 530 901 dabunt
563 858 778 899 nomen
810 845 1002 896 tuum.
1042 862 1064 889 ι

376 935 445 988 Εῖ
476 935 714 1004 propter
743 931 853 986 hoc
886 931 1063 985 debes
1095 946 1426 1001 exsurgere,
1457 935 1516 986 ct
1553 932 1729 986 etiam
1782 948 1960 1002 prop-

298 1028 386 1078 ter
444 1023 573 1087 hoc,
624 1020 765 1093 quia
821 1037 1002 1076 cansa
1062 1023 1165 1074 tua
1223 1020 1442 1089 agitur,
1496 1023 1553 1074 et
1611 1020 1721 1075 hoc
1767 1022 1875 1085 est,
1924 1037 1957 1075 ο

301 1135 329 1162 ιι
362 1113 537 1175 Deus,
571 1133 592 1161 ο
629 1109 729 1183 qui
760 1110 1045 1165 hactenus
1076 1108 1289 1163 videris
1322 1109 1629 1173 dormisse,
1666 1110 1803 1164 dum
1833 1126 1955 1179 per-

296 1202 483 1257 mittis
511 1200 887 1255 inconversos
907 1198 1161 1261 Judams,
1195 1216 1352 1251 nunc
1389 1217 1411 1246 α
1455 1215 1721 1269 exsurge,
1749 1199 1956 1267 judice.

293 1308 536 1347 causam
568 1293 755 1344 tuam.
784 1307 810 1336 υ
843 1287 1034 1342 Causa
1063 1286 1219 1341 enim
1252 1286 1448 1355 agitur
1488 1290 1693 1341 contra
1740 1287 1949 1349 Deum,

292 1379 529 1451 quando
575 1376 763 1433 Judaei
814 1375 1217 1447 improperant
1262 1374 1379 1429 Deo
1415 1390 1426 1429 :
1464 1375 1615 1429 hanc
1659 1374 1953 1444 judicabit

292 1469 367 1524 ad
399 1466 776 1523 commodum
807 1481 983 1518 suum
1015 1463 1191 1528 Deus,
1225 1464 1271 1517 si
1329 1464 1399 1518 de
1450 1462 1811 1535 blasphemis
1861 1465 1950 1520 fa-

282 1557 409 1613 ciat
435 1555 806 1611 laudatores:
843 1573 870 1603 α
893 1553 1098 1623 judica
1130 1571 1152 1596 υ
1185 1551 1316 1608 dico
1363 1576 1386 1601 «
1421 1569 1683 1618 causam,
1707 1580 1731 1606 ιο
1785 1552 1949 1608 scili-

286 1650 401 1712 cet,
434 1667 463 1700 α
492 1660 719 1700 memor
746 1646 870 1698 esto
900 1641 1391 1714 imprOperiorum
1423 1645 1698 1698 tuorum»
1727 1641 1951 1698 scilicet

290 1752 420 1808 quis
479 1732 589 1790 tibi
647 1731 936 1803 objiciunt
1004 1730 1214 1795 Judaei,
1273 1735 1331 1785 et
1381 1731 1490 1786 hoc
1568 1730 1806 1802 quidem
1860 1731 1949 1788 fa-

286 1823 453 1879 ciunt
500 1839 604 1895 per
650 1819 1101 1893 insipientiam:
1155 1824 1213 1875 et
1265 1820 1374 1876 hoc
1425 1819 1646 1887 subdit,
1682 1837 1706 1862 «
1738 1837 1946 1876 eorum

2074 668 2288 733 potest.

2148 751 2313 808 Unde
2345 753 2608 809 dicitur:
2664 779 2688 805 «ι
2717 755 2843 811 Non
2895 759 2986 811 est
3034 755 3300 827 speciosa
3346 753 3476 813 laus
3521 757 3581 813 in
3632 777 3725 817 ore

2079 841 2424 912 peccatoris.
2457 867 2481 892 υ
2517 843 2620 898 Hic
2652 847 2888 898 notatur
2926 843 2985 899 in
3034 844 3129 899 his
3174 844 3369 900 verbis
3412 845 3725 922 Synagoga

2070 930 2264 984 omnis
2295 930 2519 1002 religio.
2556 955 2579 979 ‹‹
2612 936 2754 988 Cum
2786 950 3061 1005 accepero
3106 937 3368 1005 tempus.
3398 954 3422 977 η
3454 935 3592 991 Pars
3640 956 3724 994 se-

2052 1021 2281 1075 cunda.
2314 1021 2385 1075 Et
2414 1021 2494 1077 ita
2520 1022 2822 1094 respondit
2853 1022 3436 1079 Christusinvocanti
3470 1025 3722 1098 Synago—

2065 1125 2151 1180 gae
2186 1127 2198 1163 :
2233 1112 2320 1165 Tu
2354 1110 2521 1177 dicis,
2556 1128 2579 1153 (ι
2613 1112 3046 1179 conﬁtebimur,
3080 1130 3105 1157 ι
3137 1116 3196 1167 θῖ
3226 1116 3382 1168 certe
3414 1113 3565 1169 bono
3596 1118 3715 1180 tuo,

2064 1202 2207 1269 puta
2238 1216 2371 1254 cum
2404 1217 2510 1271 ego
2536 1218 2811 1272 accepero
2843 1206 3101 1274 tempus,
3135 1201 3195 1256 id
3229 1206 3340 1267 est,
3370 1204 3715 1274 opportuni-

2064 1290 2241 1341 tatem
2266 1288 2595 1359 judicandi,
2618 1311 2639 1336 «
2666 1290 2948 1361 judicabo
2970 1290 3243 1361 justitias
3277 1310 3298 1338 ι
3335 1292 3582 1347 reddens
3612 1293 3714 1349 tibi

2062 1390 2167 1446 pro
2199 1377 2407 1431 merito
2437 1381 2559 1443 tuo,
2592 1382 2651 1433 et
2679 1378 2811 1433 aliis
2843 1378 3135 1435 similiter.

2133 1463 2271 1520 Dico
2304 1485 2327 1509 ‹‹
2360 1483 2493 1522 cum
2526 1484 2800 1539 accepero
2831 1473 3087 1542 tempus,
3120 1483 3147 1514 ι
3178 1469 3319 1540 quia
3349 1485 3499 1540 opus
3528 1474 3617 1525 est
3646 1473 3711 1525 ut

2059 1552 2346 1621 differam,
2362 1555 2502 1627 quia
2533 1555 2801 1613 homines
2814 1557 3247 1629 suntcorrupti,
3263 1561 3322 1612 et
3334 1561 3565 1630 oportet
3578 1574 3713 1631 prte-

2056 1641 2237 1698 scitos
2272 1660 2375 1716 per
2405 1643 2869 1701 misericordiam
2903 1662 3267 1718 prteparare:
3301 1650 3360 1702 et
3385 1646 3709 1719 corruptio-

2056 1748 2189 1787 nem
2244 1732 2551 1789 hominum
2600 1734 2859 1790 ostendit
2906 1735 3150 1791 dicens:
3185 1763 3213 1794 α
3247 1734 3589 1808 Liquefacta
3618 1739 3709 1791 est

2056 1824 2270 1886 terra,»
2303 1820 2363 1878 id
2395 1822 2715 1895 est,ipsum
2746 1822 3106 1880 elementum
3130 1828 3221 1880 est
3239 1823 3625 1896 liquefactum
3655 1827 3716 1879 et

284 1910 777 2007 improperiorum
809 1932 834 1957 η
869 1908 1020 2007 dico,
1053 1936 1079 1962 ‹‹
1104 1926 1233 1982 quae
1264 1912 1404 1965 sunt
1434 1930 1459 1955 ιν
1491 1908 1598 1964 tibi
1632 1939 1656 1964 α
1687 1913 1812 1966 tota
1852 1910 1945 1966 die
1969 1938 2023 2007 Β
2055 1915 2421 1983 corruptum,
2456 1935 2480 1961 α
2503 1917 2562 1968 θῖ
2593 1929 2800 1969 omnes
2830 1931 2857 1957 ν»
2890 1911 3159 1969 homines
3188 1911 3489 1984 liquefacti
3519 1916 3579 1969 et
3594 1928 3715 1968 cor-

281 2002 360 2058 ab
389 1999 708 2072 insipiente
738 2018 765 2044 ιι
791 1997 1029 2071 populo.

355 2092 427 2147 Et
455 2112 479 2136 «
512 2105 585 2146 ne
615 2087 981 2145 obliviscaris
1007 2104 1178 2145 voces
1207 2086 1588 2145 inimicorum
1620 2092 1883 2153 tuorum,
1906 2110 1936 2140 ιο

283 2178 343 2235 id
373 2182 483 2244 est,
504 2191 677 2233 voces
708 2180 768 2233 et
791 2193 994 2249 preces
1019 2193 1170 2248 quas
1201 2177 1460 2233 fundunt
1507 2176 1595 2232 llli
1622 2178 1695 2232 ad
1727 2181 1804 2243 te,
1838 2176 1939 2250 qui

283 2267 585 2340 quondam
616 2265 854 2321 fuerunt
881 2264 1107 2321 inimici
1156 2264 1266 2321 tui.
1298 2264 1427 2321 Alia
1470 2264 1779 2322 translatio
1829 2265 1938 2321 ha-

280 2357 400 2422 bet,
431 2352 822 2428 quaerentium
869 2357 947 2418 te,
986 2357 1047 2409 et
1092 2370 1208 2409 non
1256 2354 1429 2409 debet
1472 2352 1759 2420 oblivisci,
1808 2356 1936 2409 tum

282 2447 608 2521 propterea,
642 2441 782 2515 quia
811 2441 908 2497 isti
939 2440 1167 2497 inimici
1197 2442 1333 2498 facti
1370 2440 1843 2507 amici,clamant
1863 2443 1934 2498 ad

280 2537 360 2600 to,
392 2536 521 2587 tum
552 2529 729 2587 etiam
761 2534 1000 2603 propter
1028 2529 1159 2596 hoc,
1192 2530 1333 2602 quia
1361 2529 1586 2585 inimici
1634 2529 1741 2593 tui,
1774 2529 1936 2586 scili-

278 2625 374 2679 eet
418 2619 689 2685 Romani,
744 2619 997 2691 superbe
1044 2622 1228 2691 agunt
1276 2622 1479 2675 contra
1525 2618 1679 2683 illos,
1730 2622 1790 2673 et
1826 2618 1936 2675 hoc

272 2716 416 2768 est:
470 2733 495 2759 ι
544 2708 824 2782 superbia
867 2725 1070 2765 eorum
1118 2707 1216 2781 qui
1266 2711 1321 2763 te
1370 2708 1639 2773 oderunt,
1672 2709 1937 2765 ascendit

283 2816 519 2872 semper
548 2816 573 2842 η
605 2798 921 2854 crescendo
951 2795 1141 2869 magis
1172 2799 1229 2853 et
1258 2796 1469 2869 magis.

738 2995 812 3051 IN
852 2993 1206 3051 PSALMUM
1248 2992 1483 3049 LXXIV.

457 3105 732 3160 Trruws.
767 3102 830 3157 In
858 3102 1029 3173 ﬁnem
1052 3116 1122 3155 ne
1140 3117 1478 3173 corrumpas,
1506 3101 1754 3173 psalmus

884 3174 1087 3229 cantici
1122 3172 1322 3246 Asaph.

2050 1999 2209 2070 rupti
2232 2015 2336 2071 per
2354 2006 2615 2073 peccata,
2634 2019 2657 2045 α
2675 2001 2775 2074 qui
2797 2000 3070 2058 habitant
3096 1999 3158 2057 in
3182 2017 3269 2066 ea,
3285 2020 3310 2045 »
3343 2000 3486 2071 quia
3509 2017 3718 2058 secun-

2049 2087 2194 2144 dum
2225 2090 2662 2162 corruptionem
2690 2089 3021 2156 hominum,
3052 2088 3183 2161 ipsa
3226 2087 3537 2153 elementa,
3579 2104 3716 2159 quas

2048 2174 2197 2249 ipsis
2228 2178 2513 2245 serviunt,
2546 2182 3030 2252 corrumpuntur.
3063 2179 3244 2235 Terra
3270 2174 3429 2233 enim
3463 2175 3717 2233 fertilior

2045 2268 2106 2321 et
2135 2281 2236 2320 aer
2282 2266 2577 2324 salubrior
2603 2267 2717 2324 fuit
2765 2267 2825 2324 in
2857 2271 3120 2340 tempore
3156 2265 3418 2340 priorum
3449 2268 3711 2337 patrum,

2046 2354 2203 2424 quod
2233 2370 2303 2410 ex
2334 2355 2726 2414 diuturnitate
2753 2358 2885 2415 vita:
2907 2373 3110 2414 eorum
3146 2359 3341 2429 potest
3369 2354 3711 2426 comproba-

2046 2441 2097 2497 ri
2128 2457 2142 2497 :
2178 2443 2446 2500 homines
2477 2445 2703 2503 scilicet
2730 2445 3027 2519 liquefacti
3061 2448 3220 2511 sunt,
3236 2443 3338 2499 sed
3365 2462 3389 2488 η
3420 2458 3528 2515 ego
3554 2469 3579 2494 υ
3604 2459 3709 2515 pm

2044 2530 2509 2590 misericordiam
2562 2536 2660 2591 Dei
2704 2554 2729 2579 «ι
2762 2534 3103 2591 confirmavi
3154 2532 3463 2589 columnas
3515 2531 3641 2602 ejus
3677 2553 3705 2581 »

2044 2623 2234 2685 terrae,
2267 2621 2324 2677 id
2357 2627 2447 2679 est
2477 2629 2714 2681 sanctos
2746 2622 3185 2698 apostolos,qui
3217 2621 3401 2678 totius
3431 2618 3704 2676 Ecclesia

2045 2714 2186 2764 sunt
2216 2713 2714 2775 sustentaculum.
2748 2719 2806 2769 et
2838 2730 2941 2785 per
2969 2712 3104 2768 illos
3136 2710 3518 2783 acquirentur
3544 2708 3704 2764 mul-

2043 2797 2110 2862 ti,
2145 2798 2247 2870 qui
2281 2800 2444 2874 digni
2474 2808 2649 2858 erunt
2678 2803 2736 2857 in
2763 2802 2988 2874 judicio
3019 2798 3511 2856 remuneratione.

2066 2930 2077 2941 .
2118 2916 2141 2941 α
2173 2887 2524 2946 Conﬁrmavi
2554 2891 2882 2956 columnas,
2917 2910 2941 2933 ν»
2975 2894 3034 2946 θῖ
3063 2907 3167 2963 per
3195 2888 3331 2945 illas
3362 2909 3386 2934 α
3418 2886 3535 2943 dixi
3583 2886 3702 2941 ini-

2042 2974 2203 3046 quis:
2222 2977 2409 3035 Nolite
2439 2979 2640 3053 inique
2669 2984 2944 3053 agere;et
2965 2976 3483 3051 delinquentibus»
3496 2979 3702 3031 contra

2040 3071 2333 3139 praecepta
2363 3085 2494 3125 mea
2520 3069 2637 3125 dixi
2667 3069 2788 3124 haac
2823 3086 2836 3124 :
2873 3087 2896 3110 ιι
2930 3068 3122 3124 Nolite
3148 3065 3404 3125 exaltare
3442 3081 3643 3128 cornu,
3663 3087 3692 3115 »ι

2042 3150 2100 3206 id
2132 3159 2243 3221 est,
2278 3179 2303 3204 ‹‹
2336 3157 2517 3214 nolite
2549 3177 2573 3201 ι›
2606 3175 2885 3214 excusare
2914 3174 3016 3212 vos
3047 3157 3119 3212 de
3150 3154 3407 3228 peccatis
3436 3152 3646 3210 vestris
3678 3169 3693 3207 :

2043 3262 2072 3289 «
2105 3260 2287 3301 cornu
2319 3265 2347 3296 υ
2379 3246 2557 3313 enim,
2591 3248 2649 3302 id
2684 3251 2793 3312 est,
2827 3244 3123 3319 superbia,
3147 3244 3385 3309 exaltat,
3408 3243 3507 3315 qui
3536 3259 3597 3299 se
3625 3242 3700 3298 de

350 3359 378 3388 α
406 3337 893 3395 Confitebimur.»
928 3335 1199 3392 Psalmus
1223 3334 1334 3391 istc
1363 3339 1453 3391 est
1482 3332 1692 3389 cantici
1714 3332 1931 3404 Asaph,
1966 3310 2010 3378 δ
2050 3339 2288 3407 peccato
2322 3353 2430 3392 suo
2462 3310 2855 3393 excusabilem
2888 3310 3187 3392 existimat
3216 3339 3275 3391 et
3295 3310 3545 3405 judicat.

279 3428 338 3484 id
370 3431 480 3490 est,
514 3424 706 3481 ﬁdelis
737 3426 1056 3498 Synagogae
1087 3441 1214 3496 quae
1246 3424 1307 3479 in
1338 3421 1935 3495 hoc'psalmoiloqui-

278 3520 398 3583 tur,
428 3531 679 3571 monens
710 3539 735 3564 α
770 3532 841 3570 ne
872 3530 1237 3585 corrumpas,
1268 3538 1296 3569 η
1328 3513 1388 3569 id
1416 3517 1524 3579 est,
1558 3512 1604 3569 si
1651 3513 1832 3568 habes
1861 3512 1935 3566 fi-

279 3606 413 3662 dem
445 3604 533 3660 vel
563 3602 800 3676 aliquod
831 3603 1073 3669 bonum,
1109 3620 1181 3658 nc
1212 3620 1554 3674 corrumpas
1588 3601 1819 3667 illud,et
1835 3618 1937 3672 per

276 3695 391 3751 hoc
421 3693 682 3765 dirigens
711 3692 773 3748 in
804 3692 1078 3759 ﬁnem,id
1108 3697 1217 3759 est,
1238 3692 1299 3748 in
1330 3690 1935 3748 Christum.Psalmus

278 3783 515 3849 cantici,
548 3782 681 3839 ideo
704 3781 971 3855 psalmus
1023 3781 1135 3838 iste
1185 3781 1420 3847 dieitur,
1468 3780 1610 3852 quia
1656 3797 1933 3853 magnam

278 3871 450 3929 nobis
480 3870 1256 3945 proponit-exsultationem,
1281 3870 1421 3944 quia
1439 3869 1737 3925 Christum
1769 3869 1938 3925 indu-

279 3962 361 4019 cit
382 3960 812 4034 judicaturum,
843 3963 901 4017 et
930 3959 1144 4033 impios
1176 3960 1618 4025 damnaturum,
1649 3962 1708 4014 et
1736 3958 1934 4030 justos

270 4053 816 4116 remuneraturum,
849 4048 950 4105 ubi
981 4048 1125 4105 dicit
1151 4052 1210 4104 et
1237 4048 1437 4104 omnia
1465 4063 1687 4103 cornua
1726 4062 1934 4119 pecca-

278 4146 473 4198 torum
532 4138 922 4211 confringam,
972 4143 1083 4195 etc.
1137 4137 1385 4194 Materia
1429 4140 1520 4194 est
1564 4135 1836 4192 Christus
1877 4139 1937 4191 et

278 4229 476 4292 homo,
500 4228 684 4300 judex
710 4227 999 4283 omnium.
1034 4227 1245 4282 Modus
1275 4242 1290 4280 :
1323 4226 1384 4281 in
1416 4224 1608 4298 prima
1656 4229 1820 4297 parte
1845 4224 1933 4279 lo-

279 4317 485 4391 quitur
512 4317 563 4374 ei
597 4317 926 4389 Synagoga,
958 4316 1274 4372 ostendens
1305 4332 1440 4371 eum
1471 4314 1651 4370 talem
1678 4314 1773 4369 cui
1803 4329 1934 4369 om-

279 4407 373 4464 nis
402 4405 607 4480 religio
637 4405 846 4461 debeat
873 4404 1153 4460 exhiberi.
1183 4406 1248 4460 In
1279 4404 1538 4460 secunda
1563 4406 1727 4475 parte
1756 4401 1935 4457 indu-

218 4482 225 4487 .
276 4497 432 4554 citur
459 4495 733 4551 Christus
759 4493 1031 4567 loquens,
1072 4497 1130 4549 et
1178 4494 1542 4566 respondens
1589 4493 1932 4564 Synagoga,

274 4591 337 4643 et
362 4585 423 4641 in
453 4584 648 4640 verbis
678 4583 804 4640 suis
835 4600 1154 4656 possumus
1186 4572 1535 4655 intelligere,
1567 4597 1703 4637 eum
1748 4579 1934 4636 Deum

2116 3424 2187 3479 Et
2216 3444 2243 3475 α
2275 3424 2455 3481 nolite
2486 3442 2667 3481 cornu
2696 3430 2982 3491 vestrum,
3001 3444 3025 3469 η
3059 3424 3119 3479 id
3149 3428 3240 3481 est
3260 3423 3697 3481 excusationem

2040 3518 2361 3579 vesti-anna
2394 3514 2669 3570 extollere
2700 3514 2761 3570 in
2792 3513 3041 3583 altum,»
3063 3513 3123 3570 id
3144 3516 3475 3579 est,contra
3490 3510 3700 3575 Deum,
3806 3542 3822 3554 -

2044 3607 2112 3657 ut
2141 3602 2351 3659 dicatis
2381 3621 2483 3659 vos
2514 3603 2691 3676 culpa
2719 3602 3006 3659 Creatoris
3036 3619 3166 3658 esse
3215 3605 3567 3674 peceatores,
3598 3598 3702 3671 qui

2044 3691 2192 3747 tales
2220 3709 2336 3747 non
2369 3693 2611 3747 creavit:
2631 3696 2691 3748 et
2715 3693 2855 3764 quid
2873 3691 3510 3764 intelligatperﬁcornu
3523 3688 3701 3745 cxtol-

2042 3780 2161 3837 lere
2194 3781 2253 3837 in
2276 3780 2525 3847 altum,»
2559 3780 2685 3853 ipse
2715 3779 2973 3854 exponit,
2988 3796 3125 3841 cum
3156 3778 3299 3835 dicit
3323 3794 3337 3833 :
3361 3794 3389 3825 α
3411 3776 3599 3835 Nolite
3622 3777 3703 3835 lo-

2042 3869 2145 3942 qui
2177 3870 2457 3926 adversus
2488 3870 2674 3925 Deum
2706 3869 3101 3942 iniquitatem.
3134 3866 3325 3926 Nolite
3355 3886 3380 3912 »
3409 3864 3702 3939 dico,ipse

2042 3957 2199 4015 enim
2231 3957 2532 4032 cognoscit
2552 3957 2841 4031 quidquid
2860 3975 2963 4015 vos
2987 3957 3199 4023 facitis,
3223 3955 3365 4029 quia
3385 3954 3547 4012 nullo
3569 3954 3697 4011 loco

2042 4048 2245 4117 deest;
2278 4052 2338 4103 et
2368 4048 2478 4105 hoc
2508 4052 2600 4105 est
2632 4063 2644 4103 :
2682 4074 2707 4100 ι
2756 4046 2897 4119 quia
2934 4069 2959 4094 ιι
2991 4046 3118 4119 ipse
3165 4062 3281 4102 non
3327 4044 3514 4111 deest,
3546 4063 3572 4088 κ
3602 4060 3700 4100 ne-

2043 4152 2158 4209 que
2188 4137 2260 4192 ab
2291 4136 2536 4203 oriente,
2569 4152 2759 4209 neque
2787 4136 2861 4191 ab
2902 4133 3225 4201 occidente,
3274 4149 3463 4207 nequc
3509 4149 3545 4188 a
3588 4132 3697 4188 de-

2043 4225 2217 4282 sertis
2251 4226 2554 4283 montibus
2583 4244 2613 4276 »
2657 4226 2730 4282 ad
2782 4223 3065 4281 litteram.
3108 4221 3212 4280 Vel
3260 4239 3364 4296 per
3410 4221 3697 4277 orientem

2043 4314 2353 4387 allegorice
2384 4314 2679 4387 sapientes
2709 4318 2769 4370 et
2816 4329 3083 4369 summos
3131 4312 3309 4377 viros,
3342 4310 3560 4383 quibus
3606 4314 3699 4366 est

2043 4408 2211 4460 ortus
2249 4402 2337 4460 sol
2373 4402 2647 4476 justitia»,
2679 4402 2979 4475 possimus
3029 4401 3328 4474 accipere;
3365 4402 3699 4473 peccatores

2045 4510 2148 4565 per
2176 4492 2560 4558 occidentem,
2592 4491 2810 4563 quibus
2840 4491 2997 4547 idem
3046 4489 3135 4547 sol
3165 4488 3377 4547 occidit
3400 4506 3415 4558 ;
3442 4505 3545 4562 per
3592 4489 3699 4544 de-

2044 4586 2233 4638 sertos
2260 4585 2492 4638 montes
2521 4580 2847 4647 haereticos,
2880 4581 2982 4652 qui
3025 4596 3162 4636 cum
3212 4582 3440 4635 montes
3488 4593 3551 4633 se
3596 4594 3698 4633 os-

277 4679 338 4732 et
384 4672 708 4738 hominem,
732 4672 999 4744 judicem
1046 4672 1357 4738 omnium.;
1403 4674 1461 4726 et
1511 4669 1629 4725 ista
1676 4667 1936 4725 secunda
1965 4681 2012 4749 ο
2040 4672 2319 4735 tendunt,
2347 4674 2545 4726 tamen
2576 4686 2612 4725 θ.
2637 4670 2883 4726 veritate
2915 4668 3124 4725 remoti
3155 4671 3298 4725 sunt
3326 4671 3386 4723 et
3429 4664 3642 4723 deserti
3679 4682 3693 4720 :

278 4780 415 4837 pars
440 4761 648 4835 incipit
676 4760 880 4817 statim
912 4760 1013 4816 ubi
1047 4759 1221 4815 dicit:
1249 4775 1277 4807 α
1306 4759 1453 4815 Cum
1486 4774 1761 4829 accepero
1792 4760 1935 4812 tem-

278 4869 392 4926 pus
420 4874 448 4905 p
480 4849 729 4907 intentio
759 4853 849 4905 est
878 4849 1195 4904 admonere
1225 4869 1252 4899 α
1284 4864 1358 4904 ne
1386 4863 1752 4919 corrumpas.
1784 4875 1808 4899 υ

349 4943 420 4997 Et
448 4940 591 4996 dicit
610 4938 998 5013 Synagoga,0
1032 4955 1061 4987 α
1093 4939 1242 4993 Deus
1271 4959 1300 4991 ι)
1327 4954 1433 4992 nos
1466 4956 1490 4980 «
1520 4935 1934 4992 confitebimur

279 5031 387 5088 tibi
417 5047 445 5078 π
477 5032 716 5104 peccata
743 5031 946 5084 nostra
977 5045 992 5083 :
1026 5030 1086 5082 ct
1115 5025 1255 5097 quia
1283 5042 1559 5082 securum
1592 5042 1655 5081 se
1683 5023 1935 5080 credidit

277 5124 345 5175 ut
373 5119 743 5191 permaneret
770 5115 831 5171 in
862 5114 1247 5180 confessione,
1281 5113 1608 5187 ingeminat
1639 5130 1653 5169 :
1689 5141 1715 5167 α
1745 5113 1933 5169 conﬂ-

278 5207 538 5265 tebimur
564 5226 589 5250 η
624 5208 1083 5278 perseveranter,
1117 5224 1140 5248 «ι
1174 5208 1232 5260 θῖ
1262 5229 1286 5255 ι
1320 5207 1453 5275 post
1479 5201 1931 5267 confessionem,

280 5317 309 5347 ί
336 5295 742 5353 invocabimus
773 5311 985 5349 nomen
1016 5297 1208 5360 tuum,
1230 5309 1258 5340 ι
1291 5298 1356 5348 ut
1384 5291 1554 5348 nobis
1584 5297 1823 5364 peccata
1842 5309 1933 5349 re-

280 5385 458 5450 laxes,
491 5389 550 5441 et
576 5383 638 5439 iu
669 5384 840 5439 nobis
884 5382 1111 5439 habites
1144 5400 1158 5436 :
1194 5384 1349 5440 recto
1396 5380 1599 5438 ordine
1650 5382 1930 5452 procedit,

279 5474 419 5545 quia
450 5472 550 5527 ubi
584 5488 701 5526 non
730 5470 979 5535 invocat,
1014 5470 1189 5542 digne
1222 5488 1456 5526 narrare
1488 5487 1604 5525 non
1636 5474 1849 5542 potest.

350 5563 421 5616 Et
433 5564 748 5632 postquam
762 5558 1245 5623 invocaverimus,
1264 5585 1291 5615 α
1306 5558 1679 5615 narrabimus
1700 5561 1933 5618 mirabi-

281 5645 361 5701 lia
388 5653 511 5709 tua,
533 5674 556 5697 ι)
590 5646 811 5701 scilicet
831 5647 901 5702 de
919 5646 1212 5703 creatione
1229 5648 1459 5713 mundi,
1475 5649 1547 5703 de
1570 5650 1934 5720 reparatione

236 5786 239 5789 .
285 5733 513 5803 generis
544 5733 788 5789 humani
825 5752 837 5786 :
875 5741 931 5791 et
958 5752 1094 5823 cum
1125 5736 1233 5792 hoc
1264 5738 1477 5795 iterum
1527 5742 1681 5795 recto
1731 5739 1933 5797 ordine

2044 4760 2173 4816 ideo
2206 4758 2348 4814 dicit
2373 4759 2530 4830 quod
2560 4774 2596 4814 a
2616 4756 2780 4814 nullo
2812 4758 2996 4821 deest,
3031 4775 3056 4800 α
3088 4755 3369 4828 quoniam
3413 4754 3567 4810 Deus
3588 4753 3694 4823 ju-

2042 4849 2153 4904 dex
2180 4853 2290 4913 est,
2326 4873 2349 4897 η
2382 4846 2481 4903 ille
2512 4848 2585 4903 de
2610 4862 2726 4919 quo
2758 4862 2886 4918 ego,
2920 4844 3074 4900 Deus
3113 4849 3224 4913 est,
3255 4848 3312 4900 et
3361 4840 3511 4915 qnia'
3541 4841 3695 4897 Deus

2043 4940 2154 5002 est,
2182 4952 2321 5008 ergo
2350 4933 2571 5006 ubique
2601 4938 2710 4990 est.

2113 5026 2184 5081 Et
2215 5024 2355 5096 quia
2386 5045 2411 5071 α
2433 5024 2617 5096 judex
2646 5029 2736 5080 est
2765 5053 2790 5077 η
2825 5027 2882 5078 θῖ
2902 5023 3131 5093 justus,
3165 5021 3406 5089 scilicet,
3421 5019 3521 5076 ubi
3541 5018 3696 5083 dicet

2033 5115 2301 5189 judicem
2335 5112 2569 5186 preprie
2597 5113 2905 5184 etjustum
2924 5110 3224 5185 intelligit,
3239 5110 3369 5167 ideo
3384 5139 3408 5163 α
3422 5107 3693 5164 humiliat

2042 5204 2193 5261 hanc
2220 5220 2249 5251 ιο
2282 5203 2626 5275 superbum,
2657 5201 2835 5258 etiam
2865 5200 2925 5256 in
2957 5201 3087 5268 hac,
3129 5205 3186 5257 et
3216 5199 3453 5256 tandem
3487 5197 3546 5253 in
3578 5196 3693 5252 alia

2041 5293 2182 5360 vita,
2218 5321 2242 5345 «ι
2265 5297 2322 5348 θῖ
2350 5292 2567 5358 hunc,»
2599 5291 2659 5346 id
2688 5294 2799 5357 est,
2821 5288 3131 5358 humilem,
3150 5309 3174 5334 (ι
3197 5287 3413 5345 exaltat
3441 5310 3469 5342 ιι
3492 5284 3689 5341 multi-

2042 5382 2315 5456 plicando
2335 5398 2472 5437 eum
2492 5381 2551 5436 in
2562 5379 2963 5447 virtutibus,et
2981 5378 3222 5435 tandem
3234 5377 3295 5432 in
3308 5375 3425 5432 alia
3438 5374 3691 5432 vitavere

2041 5470 2339 5537 exaltabit,
2354 5488 2486 5528 cum
2511 5486 2647 5525 cum
2668 5472 2947 5541 perpetuo
2968 5465 3269 5524 coronabit
3281 5461 3692 5538 etpotestexal—

2043 5568 2194 5619 tare:
2230 5566 2285 5618 et
2313 5560 2687 5627 humiliare,¢
2719 5557 2938 5631 quiain
2970 5575 3194 5614 manu»
3226 5555 3388 5611 illius
3409 5569 3436 5600 α
3459 5549 3688 5609 Domini

2042 5652 2193 5709 calix
2210 5672 2233 5692 υ
2266 5655 2375 5716 est,
2390 5648 2613 5705 scilicet
2633 5647 2829 5703 divina
2850 5645 3173 5718 Scriptura,
3189 5646 3259 5701 de
3283 5661 3400 5717 qua
3422 5645 3692 5715 petantur

2044 5741 2235 5808 multi,
2252 5740 2405 5796 sicut
2426 5739 2495 5795 de
2519 5736 2714 5808 aliquo
2728 5736 2938 5805 calice;
2957 5734 3108 5793 calix
3130 5755 3152 5777 ιι
3176 5734 3303 5791 dico
3320 5757 3341 5779 α
3358 5731 3503 5790 meri
3516 5730 3685 5796 vini,»
