3936 6440
165 452 281 514 453

1343 451 1850 516 EXPLANA'I‘IO
1871 448 1975 512 ‘IN
2017 452 2164 515 PSA
2178 450 2407 517 LMOS.

3473 469 3601 532 451

160 585 414 641 'Materia
443 589 533 641 est
564 586 695 658 ipsa
714 584 905 641 ﬁdelis
924 585 1252 659 Synagoga.
1277 586 1487 642 Modus
1512 604 1524 641 :
1553 588 1613 641 In
1639 585 1830 658 prima
1854 583 1912 650 Α
1939 584 2088 651 vitm,
2118 602 2251 641 cum
2304 589 2477 644 corde
2526 605 2716 661 meo,»
2752 589 2810 645 id
2852 597 2959 660 est,
2995 610 3129 649 cum
3176 597 3399 652 ratione
3443 613 3595 668 mea,

168 679 329 747 parte
360 674 616 730 ostendit
638 691 701 730 se
722 673 977 729 clamare
999 676 1071 729 ad
1096 676 1282 730 Deum
1299 676 1476 731 etiam
1510 676 1569 730 in
1588 674 1827 730 tribula-

167 764 344 835 tione,
367 767 426 819 et
456 764 613 836 quod
646 780 763 819 non
783 762 925 819 velit
955 763 1244 820 consolari
1263 764 1357 820 his
1380 763 1823 836 temporalibus,

168 852 266 909 ubi
294 853 436 908 dicit
460 870 507 908 τα
539 852 752 908 Renuit
771 851 1063 908 consolari
1094 852 1295 908 anima
1323 869 1506 909 mea.»
1538 853 1601 907 In
1625 869 1828 908 secun-

165 942 240 997 da
259 946 442 1014 parte,
459 959 588 1014 qua:
608 941 818 1013 incipit
842 957 893 996 ;‹‹
914 941 1398 1014 Anticipaverunt
1416 940 1648 1013 vigilias
1673 939 1825 995 oculi

166 1031 342 1099 mei,»
365 1029 651 1087 deliberat
691 1034 894 1086 utrum
940 1029 1183 1086 salvatio
1222 1029 1481 1087 hominis
1522 1046 1725 1084 necne.
1762 1028 1825 1084 In

162 1119 337 1176 tertia
366 1122 551 1192 parte,
576 1136 705 1192 qum
750 1118 959 1192 incipit
982 1135 1032 1175 ;‹‹
1056 1119 1127 1175 Et
1158 1118 1276 1174 dixi
1315 1135 1473 1175 nunc
1502 1117 1671 1191 coepi,
1704 1117 1828 1174 haec

168 1208 414 1263 mutatio
444 1208 694 1263 dextcrze
734 1206 982 1277 Excelsi,
1001 1230 1028 1256 ››
1053 1208 1310 1263 ostendit
1341 1224 1403 1262 se
1435 1206 1643 1262 salutis
1671 1206 1826 1261 viam

168 1297 481 1365 invenisse,
509 1300 567 1351 et
595 1296 751 1369 quod
775 1296 904 1368 ipsa
924 1296 1089 1352 salus
1110 1314 1215 1370 per
1235 1295 1448 1352 Filium
1479 1295 1579 1351 Dei
1614 1295 1735 1350 fiat.
1764 1296 1827 1350 ln

169 1390 379 1458 quarta
410 1388 595 1458 parte,
611 1402 737 1457 quae
760 1384 965 1457 incipit
983 1402 1031 1441 ;‹‹
1057 1384 1344 1441 Viderunt
1363 1389 1417 1439 te
1439 1401 1625 1457 aquae,
1649 1385 1825 1451 Deus,

167 1476 443 1531 viderunt
472 1477 526 1529 te
558 1490 722 1546 aqum
751 1478 809 1530 et
829 1473 1177 1542 timuerunt,
1202 1495 1230 1523 ››
1252 1473 1509 1529 ostendit
1537 1471 1831 1528 mirabilia

170 1580 299 1636 quas
329 1564 485 1619 Deus
513 1579 617 1635 per
648 1562 860 1619 Filium
888 1562 949 1617 in
980 1563 1203 1618 mundo
1237 1562 1579 1635 procreavit.

242 1653 313 1708 Et
340 1651 426 1708 sic
457 1652 766 1726 Synagoga
796 1648 987 1707 ﬁdelis
1019 1667 1352 1724 proponens
1395 1668 1458 1708 so
1497 1651 1830 1724 exemplum

170 1741 327 1814 aliis,
359 1739 503 1797 dicit
537 1756 600 1797 zu
629 1740 748 1813 Ego
790 1740 1038 1797 clamavi
1079 1741 1151 1796 ad
1193 1740 1510 1797 Dominum
1544 1761 1571 1793 ι)
1603 1743 1667 1795 ut
1695 1756 1832 1795 eum

170 1830 489 1897 obtineam,
522 1829 664 1903 quia
708 1828 993 1885 Dominus
1039 1834 1149 1898 est,
1185 1833 1242 1885 et
1270 1828 1379 1885 hoc
1414 1854 1439 1878 ιι
1473 1845 1610 1886 voce
1640 1845 1770 1884 mea
1806 1850 1828 1879 ιι

168 1918 313 2014 quia
342 1920 415 1974 ab
453 1917 563 1974 hoc
603 1918 756 1990 quod
802 1923 935 2014 peto
975 1934 1133 2014 voce,
1171 1934 1286 2014 non
1328 1917 1614 2014 discordo
1637 1931 1830 1989 Opere,
1862 1949 1910 2014 Β

168 2006 351 2063 etiam
375 2035 401 2062 σι
430 2022 569 2063 voce
610 2022 743 2061 mea
782 2005 1029 2061 clamavi
1063 2006 1135 2060 ad
1168 2024 1194 2051 »ι
1227 2005 1411 2060 Deum
1451 2010 1508 2061 et
1545 2004 1617 2061 ad
1657 2021 1833 2076 quem

171 2096 554 2152 clamandum
585 2099 694 2161 est,
718 2094 858 2167 quia
884 2094 1039 2151 Deus
1068 2100 1177 2161 est,
1203 2114 1227 2138 «
1256 2099 1313 2149 et
1342 2094 1598 2149 intendit
1630 2093 1831 2166 mihi,»

173 2186 235 2240 id
265 2190 354 2240 est
382 2182 633 2257 benigne
664 2183 940 2255 respexit.

245 2275 318 2330 Et
346 2290 463 2329 non
493 2277 723 2328 tantum
752 2272 814 2328 in
844 2272 957 2328 alio
1002 2276 1283 2345 tempore,
1318 2273 1419 2328 sed
1451 2275 1509 2327 et
1539 2272 1600 2327 in
1632 2273 1833 2328 adver-

174 2362 350 2420 sitate
386 2378 399 2418 :
432 2364 491 2418 et
519 2361 628 2417 hoc
657 2365 807 2417 est.«
834 2361 899 2417 In
929 2361 1023 2416 die
1052 2361 1453 2417 tribulationis
1474 2377 1617 2416 mea:
1647 2361 1834 2416 Deum

176 2449 484 2524 exquisivi,
509 2468 534 2494 ν)
566 2450 708 2523 quia
745 2466 882 2506 cum
928 2454 1187 2522 potestas
1227 2450 1407 2521 hujus
1435 2450 1567 2505 vitae
1598 2465 1662 2505 se
1689 2448 1836 2503 mihi

176 2541 430 2605 otl‘erret,
446 2542 503 2594 et
522 2537 900 2612 prosperitas,
915 2555 1021 2612 ego
1042 2539 1197 2594 inter
1212 2538 1413 2594 omnia
1432 2538 1619 2594 Deum
1640 2537 1836 2609 exqui-

177 2628 287 2685 sivi
313 2649 337 2673 «
379 2628 707 2695 manibus,»
734 2628 792 2682 id
843 2631 934 2684 est
983 2627 1420 2700 operationibus
1454 2644 1480 2670 α
1511 2626 1658 2682 meis
1691 2643 1705 2681 :
1739 2643 1835 2682 ex-

176 2717 392 2789 quisivi
416 2737 440 2762 ιι
474 2717 624 2783 dico,
646 2737 670 2761 ιι
704 2721 924 2783 nocte,»
946 2717 1004 2771 id
1036 2720 1126 2772 est
1156 2717 1216 2771 in
1251 2716 1360 2771 hac
1388 2716 1527 2782 vita,
1549 2733 1675 2788 qua:
1705 2715 1835 2771 ideo

177 2823 294 2861 nox
323 2805 558 2873 dicitur,
579 2805 719 2877 quia
748 2804 808 2859 in
840 2821 907 2860 ea
929 2822 1045 2861 non
1069 2805 1320 2861 habetur
1338 2806 1596 2877 perfecta
1625 2803 1840 2858 illumi-

174 2895 360 2952 natio.
382 2893 485 2950 Vel
510 2898 700 2959 nocte,
718 2893 954 2965 quando
973 2892 1069 2948 alii
1091 2894 1413 2960 dormiunt,
1432 2893 1516 2949 ita
1537 2893 1692 2964 quod
1715 2892 1837 2948 hanc

172 3000 307 3039 mea
338 2982 642 3056 inquisitio
682 2986 837 3037 esset
862 2999 890 3030 α
919 2985 1125 3038 contra
1153 2998 1308 3051 eum,
1330 3004 1355 3030 »
1388 2982 1446 3037 id
1479 2986 1569 3037 est
1597 2981 1657 3035 in
1691 2998 1835 3053 prae-

171 3070 368 3129 sentia
407 3072 558 3142 ejus.
588 3070 717 3125 Alia
758 3068 1066 3125 translatio
1109 3070 1306 3136 habet,
1338 3089 1362 3113 «
1395 3086 1593 3126 coram
1636 3086 1726 3125 eo.
1768 3070 1838 3125 Et

172 3177 296 3216 non
327 3175 461 3214 sum
493 3159 835 3230 deceptus,»
858 3158 916 3214 id
948 3162 1039 3214 est
1067 3175 1183 3213 non
1217 3174 1351 3213 sum
1382 3174 1484 3230 spe
1515 3174 1647 3213 mea
1678 3158 1836 3213 frus-

172 3252 390 3319 tratus,
409 3246 511 3303 sed
542 3245 895 3319 experientia
923 3247 1186 3314 edoctus,
1205 3246 1390 3303 Deum
1422 3264 1565 3303 suos
1594 3264 1710 3303 non
1742 3248 1837 3303 de.

169 3313 529 3409 relinquere,
551 3313 814 3407 et—justis
857 3339 1083 3391 aeternae
1112 3334 1241 3391 vitae
1273 3335 1513 3408 prmmia
1554 3335 1832 3405 tribuere,
1865 3313 1909 3381 (ἶ

171 3441 368 3498 neque
396 3423 648 3498 petentis
681 3423 983 3497 quidpiam
1016 3425 1326 3498 denegare.

252 3537 280 3564 «
305 3510 490 3572 Deum
522 3508 861 3586 exquisivi,»
887 3518 946 3570 et
977 3513 1038 3568 in
1069 3513 1493 3587 temporalibus
1515 3512 1675 3570 nolui
1707 3531 1839 3570 con-

172 3602 383 3672 solari,
414 3602 473 3659 id
519 3606 630 3672 est,
674 3601 891 3659 habere
934 3601 1414 3672 consolationem,
1446 3608 1505 3660 et
1548 3603 1657 3661 hoc
1699 3606 1832 3661 est:

172 3716 203 3744 α
235 3690 448 3748 Anima
476 3708 609 3748 mea
638 3691 835 3748 renuit
863 3690 1199 3749 consolari»
1234 3691 1484 3764 passive,
1505 3690 1594 3749 vel
1626 3708 1837 3749 conso-

169 3778 287 3836 lari
317 3796 403 3847 se,
426 3780 650 3837 scilicet
690 3780 749 3835 in
787 3778 920 3835 istis
970 3780 1411 3853 temporalibus,
1446 3780 1548 3836 sed
1607 3797 1840 3852 semper

176 3891 202 3921 ι
239 3867 325 3924 fui
354 3884 582 3925 memor
624 3867 743 3937 Dei,
771 3873 829 3925 et
851 3900 873 3925 η
908 3869 967 3923 in
1007 3868 1107 3923 illa
1147 3869 1430 3925 memoria
1453 3900 1477 3924 ‹‹
1516 3869 1839 3925 delectatus

170 3975 335 4027 sum,
356 3986 380 4010 ι)
403 3957 733 4030 percipiens
756 3974 1034 4031 magnam
1064 3958 1386 4015 bonitatem
1420 3959 1543 4026 Dei,
1566 3985 1594 4017 α
1609 3964 1667 4015 et
1687 3976 1840 4014 exer-

171 4046 393 4103 citatus
425 4062 558 4102 sum
584 4063 607 4088 »
632 4049 697 4101 ut
726 4062 1141 4119 cognoscerem
1171 4052 1393 4118 quanta
1419 4052 1575 4104 esset
1604 4047 1838 4104 bonitas

172 4133 388 4207 ipsius,
410 4151 438 4183 α
469 4138 527 4189 et
563 4148 591 4180 ι
616 4132 677 4188 in
717 4133 827 4189 hoc
855 4162 879 4187 «
912 4135 1125 4190 defecit
1163 4135 1410 4207 spiritus
1452 4153 1623 4193 meus
1651 4158 1678 4189 ι)
1701 4134 1841 4208 quia

172 4220 793 4294 incomprehensibilis
823 4226 913 4278 est
940 4222 1172 4279 bonitas
1204 4224 1325 4279 Dei.

253 4334 283 4363 ‹‹
314 4310 815 4383 Anticipaverunt.
838 4327 861 4353 ν)
896 4310 1036 4367 Pars
1073 4313 1352 4368 secunda.
1397 4312 1535 4369 Dico
1565 4344 1594 4374 α
1630 4311 1841 4368 defecit

174 4400 447 4473 spiritus,
468 4417 492 4444 η
524 4400 627 4456 sed
672 4403 869 4456 tamen
902 4425 925 4451 α
968 4399 1123 4456 oculi
1164 4401 1301 4467 mei,
1323 4420 1346 4446 ι»
1369 4400 1426 4457 id
1459 4405 1566 4471 est,
1598 4401 1840 4458 interior

174 4490 329 4548 ratio
378 4506 532 4559 mea,
562 4516 586 4543 ‹‹
619 4488 1089 4561 anticipaverunt
1131 4488 1383 4562 vigilias,
1406 4517 1430 4543 ι»
1457 4490 1516 4545 id
1561 4496 1670 4558 est,
1705 4492 1838 4564 plus

175 4597 361 4654 quam
393 4577 493 4635 alii
521 4577 755 4635 solliciti
785 4578 1043 4647 fuerunt,
1069 4579 1141 4634 ad
1175 4578 1586 4651 inquirendam
1612 4581 1712 4636 Dei
1746 4581 1842 4636 bo-

1935 673 2076 744 quia
2116 675 2264 729 ratio
2304 678 2612 731 attendens
2672 678 2770 732 Dei
2832 679 3315 751 misericordiam,
3348 689 3406 739 et
3436 687 3594 758 quod

1933 761 2089 817 Deus
2122 762 2421 819 hominem
2453 765 2525 820 ad
2559 763 2792 821 laudem
2837 784 3007 822 suam
3042 769 3196 837 fecit,
3221 770 3466 827 humani
3497 792 3598 847 ge-

1935 850 2092 905 neris
2124 850 2504 908 salvationcm
2533 854 2813 910 iudicavit
2842 857 3127 926 futuram,
3152 858 3469 916 carnalitas
3500 880 3600 918 au-

1936 940 2055 993 tem
2094 940 2298 995 videns
2339 940 2640 997 hominem
2680 947 3035 1014 putrescere,
3069 947 3323 1019 negabat
3362 965 3596 1020 repara-

1934 1026 2156 1083 tionem
2187 1027 2482 1096 futuram,
2501 1056 2525 1081 σι
2556 1034 2615 1085 et
2655 1031 3011 1088 exercitabat
3041 1054 3064 1079 »
3087 1038 3154 1089 ut
3183 1051 3595 1107 cognoscerem

1934 1116 2078 1188 quid
2116 1117 2315 1188 potius
2354 1119 2672 1174 tenendum
2707 1120 2805 1185 sit,
2831 1142 2855 1166 ‹‹
2886 1125 2943 1177 et
2972 1143 2996 1168 »
3028 1126 3095 1177 ut
3132 1123 3346 1181 melius
3377 1125 3597 1181 intelli-

1935 1221 2153 1276 gerem,
2176 1208 2531 1278 «scopebam
2556 1209 2833 1281 spiritum
2856 1228 3116 1279 meum,»
3139 1210 3197 1267 id
3222 1215 3335 1281 est,
3358 1229 3593 1269 omnem

1938 1293 2135 1349 fmeem
2191 1296 2553 1352 terrenitatis
2601 1297 2905 1368 ejicicbam
2940 1317 2975 1355 a
3005 1317 3119 1368 me,
3149 1302 3390 1358 scobare
3436 1304 3595 1359 enim

1935 1386 2027 1436 est
2057 1383 2362 1451 mundare,
2384 1384 2472 1441 vel
2506 1412 2530 1436 «
2563 1387 2873 1459 scopebam
2894 1409 2921 1440 ο
2956 1389 3111 1444 idem
3158 1394 3246 1445 est
3277 1391 3432 1462 quod
3466 1391 3596 1464 qui-

1937 1469 2073 1524 dam
2103 1470 2377 1538 dicunt,«
2408 1475 2807 1546 scropebam,»
2833 1476 2890 1531 id
2923 1480 3032 1545 cst,
3057 1478 3335 1534 cavabam
3366 1484 3434 1535 ut
3464 1496 3597 1553 pro-

1937 1558 2181 1615 fundius
2213 1578 2447 1632 possem
2478 1564 2549 1618 de
2579 1563 2696 1619 Deo
2727 1564 3073 1637 intelligere.

2015 1671 2043 1698 ι(
2075 1647 2393 1706 Meditatus
2422 1667 2556 1706 sum
2579 1680 2603 1704 ι.
2626 1651 2708 1708 ita
2729 1651 2932 1709 dicens
2954 1655 3109 1726 apud
3132 1671 3247 1721 me,
3272 1683 3296 1709 ιι
3317 1656 3599 1728 Nunquid

1940 1735 2000 1792 in
2032 1741 2317 1792 mternum
2341 1738 2609 1810 projiciet
2630 1740 2784 1796 Deus
2806 1763 2829 1787 η
2849 1741 3134 1814 populum
3154 1759 3331 1798 suum
3352 1748 3412 1799 et
3432 1754 3461 1787 «'
3481 1760 3598 1800 non

1942 1830 2220 1896 apponet,
2244 1831 2310 1881 ut
2330 1825 2734 1900 complacitior
2754 1828 2831 1885 sit
2850 1828 3063 1896 adhuc,
3081 1856 3104 1881 ››
3124 1829 3394 1901 placidus
3416 1831 3599 1889 fuisse

1940 1918 2216 1971 ostensus
2246 1919 2336 1971 est
2364 1915 2656 1988 superius,
2682 1934 2816 1973 cum
2840 1917 2986 1973 mihi
3016 1918 3287 1985 intendit,
3316 1917 3600 1990 placidior

1941 2002 2074 2070 erit,
2109 2018 2245 2058 cum
2280 2004 2595 2076 reparabit.

2013 2114 2041 2141 «
2076 2092 2192 2146 Aut
2222 2092 2530 2147 abscindet
2569 2092 2698 2165 ipse
2728 2111 2898 2150 suam
2947 2095 3412 2152 misericordiam
3444 2096 3502 2152 in
3530 2098 3599 2152 fi-

1943 2193 2143 2243 nem,»
2179 2177 2238 2232 id
2278 2182 2388 2246 est,
2422 2178 2682 2249 omnino,
2706 2182 2861 2253 quod
2924 2181 3087 2238 nulla
3140 2182 3366 2239 scilicet
3411 2186 3601 2257 major

1944 2265 2228 2322 abscissio
2259 2267 2340 2322 sit
2371 2272 2438 2323 ut
2467 2274 2759 2325 removeat
2788 2286 2923 2326 eum
2954 2289 2989 2325 a
3020 2270 3191 2327 bonis
3234 2276 3292 2327 et
3331 2290 3366 2329 a
3403 2273 3598 2342 malis,

1942 2358 2001 2409 et
2030 2353 2202 2409 faciet
2258 2354 2367 2411 hoc
2427 2356 2553 2429 ipso
2583 2373 2611 2405 α
2641 2357 2701 2413 in
2732 2358 3105 2431 generatione
3162 2362 3222 2415 et
3272 2362 3598 2432 generatio-

1944 2459 2132 2509 nem,»
2164 2442 2222 2498 id
2257 2448 2342 2499 est
2374 2445 2537 2500 omni
2566 2449 2847 2518 tempore.

2020 2554 2042 2581 (ι
2066 2533 2181 2586 Aut
2199 2532 2596 2602 obliviscetur,
2621 2535 2888 2592 misereri
2909 2537 3141 2595 Deus?»
3160 2538 3261 2612 qui
3286 2539 3451 2612 prius
3469 2556 3603 2595 con-

1943 2620 2132 2675 suevit
2160 2621 2349 2678 facere
2391 2623 2825 2681 misericordias
2866 2626 3134 2697 patribus
3177 2627 3469 2694 nostris,¢
3499 2632 3602 2684 aut

1944 2708 2268 2765 continebit
2296 2711 2357 2767 in
2387 2711 2475 2767 ira
2522 2730 2631 2768 sua
2677 2714 3112 2772 misericordias
3142 2733 3304 2783 suas,
3328 2738 3352 2762 »ι
3385 2716 3445 2770 id
3489 2722 3600 2784 est,

1945 2797 2281 2869 praevalebit
2311 2799 2398 2855 ira
2425 2801 2554 2871 ejus
2586 2802 3000 2859 misericordizs
3030 2806 3181 2876 ejus,
3209 2804 3425 2860 iratum
3444 2805 3601 2861 enim

1944 2885 2108 2942 video
2130 2904 2264 2943 cum
2287 2906 2391 2961 pro
2414 2890 2689 2961 peccatis,
2715 2891 3153 2948 misericordem
3176 2896 3373 2948 tamen
3395 2909 3604 2965 cogno-

1945 2992 2044 3031 sco
2068 2980 2125 3030 ct
2145 2976 2284 3033 dixi.
2301 2978 2439 3033 Pars
2455 2979 2649 3035 tertia.
2668 2980 2785 3051 Ego
2808 2979 2892 3036 sic
2908 2980 3274 3049 deliberavi,“
3288 2986 3347 3038 et
3365 3001 3389 3025 υ
3410 2982 3469 3036 in
3490 2982 3601 3038 hac

1945 3081 2077 3119 mea
2108 3065 2527 3122 deliberatione
2550 3096 2574 3122 «ι
2596 3067 2736 3135 dixi,
2765 3086 2922 3124 nunc
2965 3070 3115 3142 ccepi
3137 3088 3161 3113 κ
3185 3070 3326 3142 quid
3358 3070 3496 3126 inde
3525 3075 3605 3127 te-

1946 3153 2203 3209 nendum
2226 3154 2322 3210 sit.
2336 3154 2460 3227 Vel,
2475 3173 2499 3197 «
2514 3154 2661 3227 cmpi
2680 3174 2703 3201 ››
2718 3173 2913 3213 veram
2934 3156 3328 3231 cognitionem
3352 3158 3489 3215 inde
3505 3158 3604 3216 ha-

1945 3242 2101 3311 bere,
2125 3243 2367 3317 scilicet,
2385 3244 2552 3302 video
2571 3246 2892 3317 quamdam
2932 3248 3343 3317 mutationem,
3364 3248 3520 3305 sicut
3540 3249 3599 3306 in

1946 3331 2124 3387 ariete
2144 3331 2449 3390 immolato
2465 3335 2538 3391 ad
2553 3334 2870 3403 Abraham,
2888 3334 3152 3410 intelligo
3170 3336 3601 3395 humanitatem

1944 3419 2162 3477 Christi
2193 3422 2618 3480 immolandam
2649 3440 2780 3481 esse
2807 3440 2914 3496 pro
2944 3423 3307 3495 hominibus,
3329 3450 3359 3478 α
3390 3432 3451 3483 et
3478 3428 3601 3483 haec

1944 3514 2035 3566 est
2062 3511 2308 3570 mutatio
2330 3513 2577 3570 dexteras
2599 3513 2845 3583 Excelsi,
2862 3538 2885 3563 υ
2910 3514 2967 3572 id
3000 3519 3110 3585 est,
3135 3515 3491 3589 Christi,qui
3514 3521 3604 3573 est

1945 3600 2184 3657 dextera
2212 3601 2313 3659 Dei
2345 3602 2553 3670 Patris,
2588 3619 2690 3677 per
2720 3619 2897 3675 quem
2929 3609 3206 3677 operatur
3234 3605 3385 3663 hanc
3416 3611 3605 3662 muta-

1946 3688 2189 3757 tionem,
2220 3694 2287 3746 ut
2317 3692 2389 3748 de
2418 3696 2653 3763 peccato
2686 3692 2757 3748 ad
2791 3692 3091 3765 justitiam
3122 3694 3375 3751 transire
3406 3694 3603 3765 faciat,

1945 3782 2004 3833 et
2034 3777 2105 3833 de
2138 3777 2495 3836 mortalitate
2525 3781 2598 3836 ad
2628 3780 3135 3838 immortalitatem
3164 3782 3470 3855 perducat.

2016 3867 2088 3922 Et
2115 3883 2219 3937 per
2248 3865 2355 3922 hoc
2390 3866 2645 3924 intellexi
2672 3867 2834 3922 illam
2857 3868 3301 3934 mutationem,«l
3324 3868 3464 3940 quia
3485 3884 3603 3923 me-

1947 3971 2077 4010 mor
2104 3954 2186 4009 fui
2218 3971 2461 4027 operum
2493 3955 2789 4023 Domini,»
2815 3955 3039 4012 scilicet
3069 3956 3226 4028 quod
3258 3956 3475 4012 creavit
3505 3956 3604 4013 ho-

1948 4043 2190 4110 minem,
2215 4047 2273 4099 et
2302 4043 2458 4099 sicut
2486 4058 2621 4099 eum
2644 4061 2749 4115 per
2778 4043 3240 4100 misericordiam
3260 4045 3494 4113 creavit,
3518 4044 3602 4101 sic

1947 4131 2396 4203 intellexi,quod
2418 4132 2692 4188 eumdem
2728 4148 2830 4204 per
2874 4131 3337 4189 misericordiam
3369 4150 3600 4205 repara-

1947 4221 2052 4277 bit.
2079 4249 2105 4274 «
2137 4221 2361 4278 Memor
2406 4221 2512 4290 fui,
2537 4220 2679 4292 quia
2708 4240 2731 4265 η
2764 4221 2943 4278 etiam
2981 4221 3042 4276 in
3089 4222 3287 4279 futuro
3321 4240 3345 4266 ιι
3378 4239 3605 4278 memor

1947 4328 2069 4380 ero,
2092 4339 2115 4365 ››
2146 4309 2234 4366 vel
2268 4314 2332 4366 ut
2362 4309 2476 4366 alia
2507 4308 2816 4366 translatio
2847 4309 3043 4377 habet,
3077 4309 3342 4366 omnium
3368 4338 3391 4363 α
3424 4310 3600 4366 mira-

1946 4399 2155 4455 bilium
2189 4403 2424 4455 tuorum
2449 4428 2471 4453 η
2495 4415 2623 4470 quae
2656 4398 2843 4454 fecisti
2875 4398 2935 4454 in
2968 4399 3191 4455 mundo
3214 4417 3238 4444 «
3260 4399 3334 4455 ab
3365 4399 3602 4465 initio,»

1946 4487 2005 4543 id
2037 4492 2145 4556 est,
2179 4505 2213 4544 a
2243 4487 2535 4544 creatione
2557 4485 2685 4542 coeli
2706 4490 2764 4542 et
2786 4491 2971 4557 terrae,
2999 4492 3057 4545 et
3083 4487 3222 4560 quia
3240 4487 3343 4544 illa
3362 4487 3604 4560 cognovi

1948 4581 2006 4633 te
2035 4577 2244 4633 fecisse
2276 4580 2514 4648 propter
2544 4574 2778 4633 laudem
2811 4580 2995 4647 tuam,
3031 4576 3115 4633 sic
3147 4577 3303 4649 quod
3335 4576 3604 4633 homines

177 4670 426 4726 nitatem
461 4685 474 4723 :
509 4669 619 4725 hoc
650 4668 795 4725 dicit
834 4668 905 4723 ad
951 4666 1400 4724 similitudinem
1432 4669 1685 4740 alicujus
1715 4672 1837 4725 stu-
1870 4683 1917 4747 D
1948 4662 2222 4734 salvabis,
2256 4665 2396 4737 quia
2441 4664 2555 4722 nisi
2602 4663 2734 4721 illos
2784 4664 3059 4731 salvares,
3093 4663 3319 4721 nullam
3368 4665 3603 4722 laudem

177 4758 355 4824 diosi,
388 4759 491 4830 qui
522 4756 657 4830 plus
698 4757 830 4814 aliis
866 4757 1088 4830 vigilat,
1117 4758 1459 4829 caeterisque
1496 4758 1839 4831 diligentius

175 4850 394 4904 cuncta
450 4846 783 4920 investigat.
835 4851 893 4902 et
951 4847 1009 4901 in
1070 4846 1188 4901 illis
1244 4845 1459 4918 vigiliis
1503 4848 1837 4903 «turbatus

176 4952 340 5004 sum,
361 4956 385 4980 ιν
417 4952 776 5008 cognoscens
813 4953 985 4992 omne
1024 4935 1353 4991 humanum
1392 4953 1578 5008 genus
1609 4938 1667 4991 in
1701 4954 1837 5009 pec-

176 5025 329 5082 catis
362 5024 565 5090 teneri,
598 5041 666 5079 ex
697 5026 1092 5081 inobedientia
1128 5025 1300 5097 primi
1345 5026 1626 5095 parentis,
1660 5049 1689 5075 ‹‹
1721 5034 1778 5081 et
1811 5048 1837 5075 ››

180 5121 382 5170 tamen
417 5138 440 5163 α
470 5130 585 5168 non
619 5130 750 5169 sum
784 5114 1039 5179 locutus,
1062 5134 1083 5155 υ
1103 5113 1160 5168 id
1192 5118 1300 5182 est,
1335 5131 1451 5169 non
1475 5115 1836 5170 murmuravi

180 5200 389 5260 contra
417 5203 625 5258 Deum.

257 5293 391 5348 Ideo
422 5309 555 5347 sum
588 5293 862 5348 turbatus
892 5292 1030 5365 quia
1060 5309 1166 5365 ego
1196 5318 1220 5341 ‹‹
1253 5292 1502 5365 cogitavi
1533 5293 1658 5349 dies
1690 5293 1837 5349 anti-

180 5396 380 5456 quos»
413 5381 469 5435 id
526 5386 638 5448 est,
671 5386 975 5455 peccatum
1031 5385 1164 5439 Adae
1225 5384 1445 5439 factum
1486 5383 1543 5437 in
1581 5383 1839 5455 antiquis

181 5472 414 5536 diebus,
435 5471 534 5526 sed
569 5475 767 5526 tamen
788 5476 994 5527 contra
1015 5488 1041 5519 α
1060 5489 1248 5528 annos
1277 5476 1522 5527 aeternos
1555 5472 1611 5526 in
1646 5478 1839 5528 mente

180 5559 387 5625 habui,
406 5577 431 5601 η
459 5559 599 5631 quia
627 5560 780 5631 quod
815 5561 885 5616 de
918 5562 1209 5633 promissa
1239 5559 1581 5617 hominibus
1611 5563 1837 5617 aeterni-

178 5653 301 5706 tate
331 5649 549 5715 audivi,
585 5665 820 5721 semper
849 5651 1217 5707 recordabar.

260 5760 282 5791 ι
302 5738 373 5796 Et
392 5737 716 5799 meditatus
748 5753 881 5795 sum
914 5742 1134 5811 nocte,»
1154 5738 1209 5794 id
1244 5742 1351 5811 est,
1374 5744 1636 5815 tempore
1666 5739 1839 5801 istius

1954 4756 2222 4812 haberes.

2021 4846 2090 4901 Et
2115 4862 2232 4901 non
2256 4849 2485 4900 tantum
2511 4870 2534 4895 α
2559 4863 2784 4901 memor
2809 4861 2961 4913 ero,»
2984 4846 3084 4901 sed
3105 4862 3132 4892 α
3155 4844 3332 4900 etiam
3365 4844 3607 4900 medita-

1948 4937 2074 5002 bor,
2100 4955 2123 4980 ι)
2161 4934 2215 4989 id
2249 4940 2362 5003 est,
2397 4935 2660 4990 studiose
2691 4935 2984 5006 inquiram
3019 4962 3046 4993 ι(
3078 4935 3136 4989 in
3169 4934 3446 4990 omnibus
3477 4951 3606 5006 ope-

1947 5025 2112 5079 ribus
2145 5024 2309 5080 tuis»
2339 5024 2481 5077 utin
2505 5023 2730 5079 caeteris
2752 5022 3027 5095 operibus
3059 5023 3249 5089 factis,
3276 5023 3604 5095 intelligam

1947 5113 2124 5168 etiam
2156 5114 2294 5185 quia
2332 5112 2631 5168 hominem
2663 5112 2889 5168 salvum
2924 5113 3121 5177 facies,
3148 5133 3170 5155 α
3199 5116 3256 5167 et
3293 5112 3605 5167 exercebor

1948 5203 2007 5257 in
2042 5201 2555 5259 adiuventionibus
2585 5202 2725 5270 tuis,
2753 5200 2809 5255 id
2842 5205 2951 5265 est,
2975 5201 3281 5273 prmeeptis
3312 5200 3453 5270 tuis,
3477 5217 3605 5272 quae

1950 5297 2013 5346 tu
2044 5290 2342 5347 invenisti.

2025 5405 2045 5430 α
2074 5381 2229 5436 Deus
2252 5381 2307 5435 in
2335 5384 2558 5436 sancto.
2581 5407 2603 5430 »
2625 5380 2767 5435 Ecce
2790 5380 2945 5451 quod
2971 5379 3244 5451 superius
3268 5377 3415 5434 dixit
3438 5394 3450 5432 :
3476 5394 3606 5434 ecce

1957 5493 1977 5521 ι
2013 5487 2170 5525 nunc
2199 5469 2399 5540 cmpi.»
2425 5467 2799 5524 Continuatio
2825 5485 2838 5522 :
2861 5483 2887 5513 α
2909 5468 3230 5523 Exercebor
3248 5468 3304 5522 in
3328 5466 3608 5523 adiuven-

1948 5560 2212 5616 tionibus
2242 5558 2383 5623 tuis,
2409 5581 2431 5606 η
2465 5557 2587 5613 haec
2630 5556 2890 5612 inventio
2921 5556 3161 5629 quidem
3187 5585 3215 5616 α
3243 5574 3276 5612 0
3307 5557 3483 5624 Deus,
3514 5557 3608 5613 via

1949 5655 2052 5707 tua
2074 5669 2097 5693 ι)
2126 5665 2245 5721 qua
2270 5646 2504 5703 venitur
2547 5645 2620 5701 ad
2667 5650 2723 5701 te
2767 5650 2858 5701 est
2879 5658 2907 5689 (ι
2936 5645 2995 5700 in
3027 5644 3261 5713 sancto,’
3277 5674 3301 5699 ι)
3336 5645 3394 5700 id
3424 5648 3516 5701 est
3546 5644 3608 5701 in

1947 5739 2201 5809 Christo,
2236 5740 2292 5795 et
2322 5733 2423 5815 qui
2467 5735 2623 5796 videt
2684 5734 3115 5813 reparationem
3172 5751 3275 5813 per
3303 5732 3606 5800 Christum
3646 5775 3655 5781 -
