3936 6402
789 414 1199 479 HAYMONIS
1243 368 1782 488 HALBEItSTA’I‘.
1829 410 2081 471 EPIST.‘
2126 411 2278 471 GPP
2320 413 2525 473 PARS
2573 414 2621 473 Ι.
2669 448 2747 456 -
2791 413 3198 476 COMMENT.
3246 415 3447 475 BIBL.

3716 416 3824 476 456

408 547 1078 617 futuram,commendat
1095 561 1230 602 eum
1254 560 1391 601 cum
1414 542 2066 609 exsultatione,dicens:
2098 543 2157 610 Α
2185 543 2423 617 Moysen
2470 545 2853 620 intelligimus
2883 560 3119 604 omnem
3149 547 3382 614 ducem,
3414 550 3474 603 et
3517 563 3622 620 per
3645 549 3825 606 Aaron

409 663 437 690 «
472 638 604 711 quis
635 638 789 693 Deus
820 651 1096 708 magnus,
1130 633 1284 689 sicut
1314 634 1470 689 Deus
1503 631 1745 689 noster?
1767 650 1791 674 »
1815 631 2073 688 Gentiles

384 725 575 796 _stulti
606 728 818 798 putant
858 727 1091 780 statuas
1136 739 1297 789 suas,
1333 723 1419 778 vel
1464 722 1711 795 lapides,
1745 722 1883 778 deos
1921 738 2071 788 esse,

407 816 509 872 sed
542 813 688 870 nihil
719 818 811 869 est
842 817 1020 879 certe,
1046 812 1187 885 quia
1209 836 1232 858 «ι
1265 816 1330 867 tu
1363 843 1388 868 ιι
1426 811 1590 867 solus
1621 827 1649 859 α
1679 827 1742 867 es
1770 811 1945 878 Deus,
1970 810 2073 883 qui

405 903 550 959 facis
572 900 918 957 mirabilia.»
942 902 1014 957 Et
1046 919 1174 974 qua:
1206 899 1523 966 mirabilia,
1543 900 1802 956 ostendit
1822 899 2024 955 dicens
2054 918 2067 955 :

478 1012 507 1041 ‹‹
529 990 741 1046 Notam
768 990 957 1047 fecisti
988 989 1048 1045 in
1080 990 1317 1063 populis
1337 989 1613 1045 virtutem
1637 994 1823 1057 tuam,
1842 1014 1869 1045 ν
1892 988 1945 1043 id
1980 993 2072 1045 est

392 1078 618 1143 ,Filium
658 1083 852 1146 tuum,
888 1079 948 1135 in
981 1095 1097 1151 quo
1128 1078 1316 1135 virtus
1354 1083 1458 1135 tua
1497 1077 1826 1152 apparebit.
1850 1078 1921 1133 Et
1949 1094 2068 1133 non

399 1174 638 1226 tantum
670 1168 1003 1225 notificabis
1026 1167 1259 1236 Filium,
1284 1168 1385 1224 sed
1409 1183 1437 1213 α
1457 1167 1518 1223 in
1550 1166 1788 1223 brachio
1813 1171 1937 1233 tuo,
1960 1190 1985 1214 »
2006 1166 2065 1222 id

398 1263 514 1326 est,
536 1259 595 1313 in
621 1257 751 1331 ipso
783 1256 928 1314 Filio
953 1278 977 1305 α
1002 1256 1302 1313 redemisti
1335 1255 1618 1328 populum
1640 1260 1865 1321 tuum,»
1888 1272 2066 1327 quem

398 1347 688 1421 populum
745 1346 1121 1415 determinat,
1175 1345 1421 1416 scilicet,
1452 1368 1477 1394 α
1508 1344 1662 1400 ﬁlios
1704 1345 1905 1415 Jacob,
1950 1368 1974 1392 »
2006 1345 2063 1400 id

397 1441 494 1494 est
521 1434 836 1492 Judaicum
867 1433 1175 1508 populum,
1203 1454 1225 1478 α
1259 1438 1316 1491 et
1339 1433 1579 1506 Joseph,
1609 1465 1633 1491 »
1665 1433 1725 1489 id
1755 1438 1846 1490 est
1876 1434 2062 1506 genti-

395 1526 516 1583 lem
548 1525 854 1599 populum,
888 1524 989 1598 qui
1038 1524 1166 1580 ideo
1199 1542 1302 1598 per
1331 1543 1358 1572 α
1390 1524 1609 1596 Joscph
1632 1543 1659 1573 η
1690 1523 2062 1597 intelligitur,

394 1615 544 1690 quia
568 1614 785 1688 Joseph
817 1613 876 1669 in
918 1612 1119 1687 gentili
1164 1613 1401 1687 populo,
1437 1612 1662 1669 scilicet
1691 1613 1752 1668 in
1796 1613 2059 1686 Egypto,

395 1709 782 1762 conversatus
815 1702 944 1758 fuit.
965 1700 1071 1758 Vel
1094 1703 1165 1758 ad
1198 1701 1537 1775 allegoriam
1563 1719 1576 1758 :
1603 1702 1708 1758 Per
1729 1725 1757 1753 «
1781 1701 2060 1775 Joseph,»

395 1794 503 1869 qui
533 1793 957 1867 interpretatur
982 1808 1314 1864 accrescens,
1341 1790 1617 1865 gentilem
1646 1791 1932 1864 populum
1965 1808 2060 1848 ac-

393 1883 657 1957 cipimus
686 1882 786 1955 qui
817 1880 1068 1939 accrevit
1096 1882 1169 1937 ad
1200 1880 1426 1938 cultum
1466 1879 1567 1936 Dei
1611 1897 1714 1955 per
1741 1881 2059 1937 Judaicum

392 1972 708 2049 populum.

375 2119 399 2131 _
472 2088 500 2115 α
524 2063 833 2121 Viderunt.
861 2085 889 2113 ››
911 2061 1051 2118 Pars
1104 2067 1337 2134 quarta.
1383 2060 1488 2116 Per
1526 2061 1636 2116 hoc

390 2152 704 2229 populum,
732 2174 758 2201 η
782 2152 922 2224 quia
942 2168 974 2206 ο
997 2174 1023 2201 ‹‹
1046 2150 1222 2219 Deus,
1244 2166 1467 2222 aquae,»
1491 2150 1549 2203 id
1572 2154 1663 2204 est
1692 2149 1921 2205 Judaici
1954 2166 2061 2220 po-

384 2240 544 2316 puli,
568 2264 597 2291 ‹‹
632 2241 907 2297 viderunt
934 2242 988 2293 te
1012 2262 1041 2289 ››
1073 2239 1131 2293 id
1173 2244 1282 2309 est,
1314 2241 1715 2309 cognoverunt
1748 2242 1801 2291 te
1835 2253 1937 2308 per
1968 2237 2059 2292 Fi-

392 2332 542 2387 lium
578 2346 645 2384 ;‹‹
676 2330 950 2384 viderunt
978 2330 1033 2381 te
1061 2349 1087 2376 ››
1119 2326 1336 2382 iterum
1369 2348 1396 2374 ‹‹
1430 2342 1615 2396 aqum,
1644 2347 1672 2374 »
1695 2324 1754 2378 id
1798 2328 1888 2379 est
1916 2340 2057 2395 gen-

393 2418 551 2484 tiles,
574 2441 601 2468 «
635 2421 693 2473 et
724 2416 1053 2472 timuerunt
1078 2435 1105 2462 ››
1126 2430 1233 2485 pro
1265 2412 1541 2485 peccatis,
1576 2411 1971 2483 intelligentes
2005 2416 2060 2467 te

1682 2084 1709 2109 «
1762 2060 2062 2117 redemisti

394 2508 662 2565 futurum
702 2503 990 2586 judicem,
1016 2525 1044 2552 ‹‹
1078 2505 1137 2557 et
1169 2499 1387 2574 abyssi,
1417 2522 1444 2549 υ
1470 2500 1523 2554 id
1575 2506 1665 2555 est
1714 2499 2058 2571 profundis-

393 2594 534 2652 simi
563 2594 624 2649 in
654 2590 933 2666 peccatis,
958 2614 984 2640 ‹‹
1020 2589 1268 2646 turbata
1299 2591 1441 2644 sunt
1470 2612 1498 2637 ››
1530 2604 1565 2644 a
1592 2587 1893 2660 proposito
1924 2605 2054 2644 suo.

388 2746 391 2749 λ
467 2684 536 2740 Et
564 2687 707 2738 tunc
743 2680 854 2737 fuit
884 2703 912 2731 ιι
948 2676 1267 2735 multitudo
1316 2677 1548 2737 sonitus
1597 2693 1907 2749 aquarum,
1936 2700 1964 2726 ››
1997 2677 2055 2733 id

394 2777 507 2839 est,
530 2769 730 2845 populi
753 2771 1101 2836 sonuerunt,
1127 2766 1333 2822 multis
1363 2766 1555 2821 modis
1578 2763 1886 2821 laudantes
1906 2770 1964 2821 te
1985 2766 2057 2822 de

396 2860 678 2918 missione
710 2858 837 2916 Filii
868 2857 976 2926 tui,
1009 2860 1068 2913 et
1104 2854 1509 2912 clamaverunt
1537 2871 1641 2926 pro
1672 2854 1964 2927 peccatis:
1997 2859 2057 2911 et

395 2974 425 3002 «
449 2949 678 3007 sonitus
703 2970 732 2998 ››
756 2947 884 3003 ideo
911 2945 1043 3015 fuit,
1068 2944 1208 3017 quia
1229 2967 1256 2995 ‹‹
1282 2944 1489 3013 nubes,
1517 2943 1574 2999 id
1601 2946 1691 2999 est
1711 2942 1898 3000 sancti
1924 2961 2057 3016 apo-

396 3038 555 3107 stoli,
577 3060 606 3089 «
641 3038 930 3093 dederunt
954 3051 1152 3091 vocem
1189 3056 1217 3083 »
1240 3032 1675 3107 praedicationis
1718 3048 1822 3106 per
1852 3033 2052 3089 orbem

395 3133 584 3184 terrai.

468 3217 619 3273 Bene
639 3215 792 3284 dico,
806 3229 1057 3270 «vocem
1080 3213 1371 3268 dederunt
1390 3212 1635 3280 nubes,»
1658 3211 1796 3284 quia
1816 3229 1849 3268 ο
1872 3208 2063 3281 Deus,

2184 650 2419 691 omnem
2453 635 2836 707 sacerdotem,
2860 653 3035 709 quem
3066 636 3325 709 praefecit
3353 636 3567 709 populo
3597 652 3724 694 suo.

2633 778 2707 833 IN
2739 777 3088 834 PSALMUM
3132 777 3388 835 LXXVII.

2587 868 2864 922 TITULUS.
2896 868 3203 923 Intellectus
3233 866 3432 940 Amph.

2252 1010 2280 1038 ‹‹
2301 990 2623 1062 Attendite,
2649 991 2862 1064 popule
2887 1008 3113 1048 meus.»
3135 991 3408 1048 Psalmus
3436 991 3547 1047 iste
3566 992 3823 1049 convenit

2176 1078 2395 1151 Asaph,
2430 1079 2487 1135 id
2521 1083 2631 1149 est,
2667 1081 2827 1137 ﬁdeli
2876 1082 3214 1155 Synagogaa,
3248 1098 3379 1153 qum
3409 1081 3504 1137 hic
3550 1081 3819 1155 loquitur,

2176 1166 2333 1223 sicut
2383 1169 2563 1225 David
2624 1170 2941 1243 prophetas,
2992 1170 3081 1226 vel
3141 1170 3315 1227 alicui
3370 1170 3633 1229 similum
3674 1187 3689 1226 :
3730 1172 3821 1245 qui

2176 1254 2443 1328 psalmus
2465 1258 2682 1314 dicitur
2711 1259 3064 1331 intellectus,
3090 1260 3229 1332 quia
3249 1277 3364 1315 non
3396 1264 3628 1316 tantum
3657 1258 3823 1317 histo-

2174 1344 2404 1416 rialem,
2436 1346 2537 1402 sed
2569 1347 2745 1403 etiam
2785 1347 2845 1404 in
2888 1347 3133 1405 historia
3163 1347 3542 1422 allegoricum
3571 1349 3821 1405 continet

2172 1431 2559 1491 intellectum.
2597 1436 2843 1493 Materia
2889 1442 2979 1493 est
3011 1453 3023 1493 :
3061 1454 3307 1493 numera
3336 1454 3464 1510 quae
3515 1437 3647 1494 fecit
3675 1438 3820 1495 Deus

2172 1522 2349 1594 priori
2380 1524 2618 1596 populo,
2653 1524 2912 1582 liberans
2962 1543 3060 1582 eos
3110 1526 3183 1583 ab
3236 1526 3580 1599 Egypto,et
3625 1530 3821 1583 castora

2171 1627 2300 1684 qua:
2326 1616 2529 1684 postea
2560 1614 2696 1670 fecit
2724 1614 2810 1672 eis
2839 1632 3027 1688 usque
3071 1615 3143 1672 ad
3182 1615 3525 1672 missionem
3556 1614 3686 1672 Filii
3719 1632 3733 1672 :
3764 1618 3816 1671 et

2168 1717 2274 1773 per
2303 1701 2662 1774 oppositum,
2696 1704 2808 1776 ipsi
2840 1704 3026 1759 Judaei
3056 1704 3273 1779 ingrati
3308 1703 3602 1763 beneﬁciis
3633 1704 3737 1761 Dei
3762 1708 3817 1760 et

2168 1806 2403 1864 semper
2433 1796 2638 1849 contra
2668 1792 2853 1849 Deum
2887 1798 3349 1850 murmurantes.
3385 1794 3582 1850 Partes
3612 1791 3818 1866 psalmi

2170 1879 2371 1935 decem
2402 1886 2565 1937 sunt.
2593 1881 2655 1937 In
2686 1882 2877 1953 prima
2898 1887 3063 1954 parte
3091 1881 3256 1954 ponit
3275 1882 3605 1955 prologum,
3625 1881 3687 1939 in
3712 1897 3819 1953 quo

2173 1967 2312 2024 facit
2340 1985 2438 2026 eos
2473 1974 2724 2026 attentos
2755 1972 2827 2027 ad
2859 1975 3067 2028 cmtera
3097 1989 3224 2044 qua:
3260 1973 3606 2044 sequuntur.
3641 1970 3707 2027 In
3737 1985 3825 2026 se-

2172 2057 2366 2112 cunda
2416 2063 2599 2130 parte,
2635 2076 2764 2131 qua:
2815 2060 3021 2132 incipit
3053 2077 3066 2116 :
3094 2084 3121 2110 α
3147 2062 3377 2127 Quanta
3423 2058 3823 2126 audivimus,»

2171 2145 2434 2217 increpat
2481 2148 2759 2203 duritiam
2792 2149 3152 2215 Judzeorum,
3188 2148 3289 2222 qui
3320 2148 3510 2221 legem
3564 2147 3668 2204 Dei
3720 2163 3823 2203 non

2170 2236 2814 2306 receperunt,quamvis
2837 2237 2992 2292 Deus
3010 2254 3114 2308 per
3130 2236 3318 2292 multa
3336 2236 3623 2291 beneficia
3646 2235 3822 2308 legem

2168 2338 2338 2377 suam
2370 2322 2767 2393 recipiendam
2797 2324 2884 2379 eis
2930 2322 3269 2378 indicasset.
3304 2323 3367 2379 In
3418 2323 3594 2394 tertia
3646 2328 3821 2396 parte,

2167 2424 2295 2479 quae
2326 2407 2535 2480 incipit
2565 2427 2579 2465 :
2607 2432 2634 2460 «
2671 2412 2875 2474 Coram
2917 2410 3184 2482 patribus
3215 2425 3418 2466 eorum
3452 2409 3610 2479 fecit,
3640 2434 3672 2460 ››
3702 2428 3824 2467 enu-

2167 2500 2354 2552 merat
2383 2498 2676 2554 mirabilia
2708 2516 2836 2571 quae
2884 2500 3037 2556 Deus
3089 2499 3225 2555 fecit
3274 2497 3489 2572 populo
3532 2515 3665 2567 suo,
3700 2500 3823 2556 edu-

2164 2586 2349 2642 cendo
2380 2603 2479 2642 eos
2511 2587 2584 2644 de
2612 2588 2861 2660 (Egypto
2894 2605 2997 2660 per
3026 2604 3188 2644 mare
3218 2587 3509 2655 Rubrum,
3532 2592 3590 2643 et
3618 2588 3820 2643 deinde

2164 2673 2224 2729 in
2257 2675 2486 2731 deserto
2521 2692 2535 2730 :
2568 2680 2625 2732 et
2657 2680 2860 2732 contra
2898 2677 3009 2733 hoc
3052 2675 3218 2749 ponit
3265 2676 3442 2732 etiam
3493 2692 3817 2732 murmura-

2163 2763 2383 2819 tionem
2432 2764 2795 2821 Judaeorum.
2822 2766 2885 2821 In
2917 2770 3129 2837 quarta
3187 2769 3352 2837 parte
3399 2782 3525 2837 qua:
3571 2765 3815 2838 incipit:

2164 2875 2193 2903 α
2218 2852 2353 2908 Ideo
2384 2853 2610 2909 audivit
2640 2853 2928 2909 Dominus
2954 2858 3013 2910 et
3042 2851 3294 2922 distulit,
3320 2875 3351 2903 ››
3377 2852 3634 2910 ostendit
3663 2852 3815 2925 quod

2158 2941 2319 2998 Deus
2338 2941 2541 2998 volens
2572 2942 2873 2999 notificare
2897 2943 3222 3016 potentiam
3254 2943 3533 3010 suam,de
3561 2959 3679 3015 qua
3709 2941 3818 3014 ipsi

2161 3030 2450 3087 increduli
2491 3032 2857 3101 difﬁdebant,
2884 3048 3089 3089 omnes
3136 3031 3445 3105 petitiones
3475 3048 3677 3089 eorum
3708 3031 3814 3087 im-

2162 3119 2357 3192 plevit.
2384 3120 2446 3176 In
2479 3121 2687 3193 quinta
2716 3124 2901 3194 parte,
2938 3138 3064 3195 quae
3097 3120 3337 3194 incipit:
3363 3145 3391 3171 ‹‹
3419 3120 3621 3179 Adhuc
3667 3137 3813 3177 esca

2159 3224 2363 3265 eorum
2380 3214 2607 3279 erant,»
2629 3210 2889 3267 ostendit
2906 3211 3435 3283 vindictam,qunm
3454 3210 3606 3266 Deus
3622 3225 3819 3282 sump-

397 3330 425 3357 «
459 3305 686 3378 sagittae
717 3309 853 3372 tum,
879 3326 907 3351 ››
929 3301 989 3357 id
1018 3305 1110 3358 est
1139 3301 1442 3357 sententia:
1486 3306 1599 3356 tuae
1637 3302 2054 3375 transﬂgentes
2085 3284 2130 3350 C
2169 3297 2247 3354 sit
2277 3298 2348 3354 do
2378 3299 2485 3366 eis,
2508 3304 2745 3372 propter
2782 3299 3061 3356 duritiam
3111 3314 3314 3357 eorum
3355 3303 3412 3356 et
3448 3298 3818 3357 incredulita-

392 3395 577 3452 corda
604 3392 936 3461 hominum,
960 3413 988 3442 «
1025 3394 1336 3446 transeunt
1369 3412 1396 3438 »
1429 3391 1502 3445 ad
1535 3389 1805 3446 homines
1838 3389 1910 3445 de
1940 3389 2058 3452 illis

394 3481 681 3557 apostolis
714 3497 729 3537 :
762 3484 820 3537 et
846 3502 877 3531 «
911 3496 1021 3535 vox
1050 3478 1296 3535 tonitrui
1343 3477 1450 3546 tui,
1484 3478 1542 3533 id
1592 3483 1685 3533 est
1733 3478 2057 3535 commina-

397 3572 578 3629 tionis
607 3571 678 3627 de
706 3568 987 3644 peccatis,
1012 3571 1105 3625 est
1124 3590 1153 3617 α
1187 3567 1247 3623 in
1276 3572 1423 3636 rota,
1451 3589 1480 3617 ››
1502 3567 1562 3623 id
1591 3571 1702 3636 est,
1725 3566 1784 3622 in
1806 3566 2058 3624 circuitu

396 3661 577 3718 totius
609 3658 838 3716 mundi.

470 3751 540 3807 Et
569 3773 597 3800 ‹‹
631 3746 1069 3805 coruscationes
1114 3749 1249 3814 tuae,
1277 3768 1305 3795 »
1336 3744 1394 3800 id
1436 3750 1546 3813 est,
1582 3743 1868 3801 miracula
1907 3745 2060 3801 facta

396 3857 503 3914 per
530 3838 691 3912 ipsos
720 3835 1037 3910 apostolos,
1062 3857 1091 3885 ιι
1122 3835 1442 3891 illuxerunt
1473 3836 1598 3891 orbi
1640 3840 1827 3891 terrae.
1855 3859 1882 3885 »
1909 3837 2060 3892 Bene

398 3928 565 3997 dixit,
594 3952 622 3979 α
655 3925 979 3982 illuxerunt
1009 3925 1160 3993 orbi,
1184 3947 1212 3974 »
1243 3924 1384 3996 quia
1422 3941 1525 3997 per
1562 3924 1684 3981 hanc
1716 3930 1859 3982 sunt
1887 3925 2058 3981 multi

396 4015 821 4085 illuminati,et
849 4014 1112 4070 conversi
1164 4013 1237 4069 ad
1288 4014 1509 4082 ﬁdem;
1547 4030 1651 4086 per
1697 4015 2060 4072 coruscatio-

391 4123 536 4163 nem
558 4121 878 4179 possumus
897 4103 1162 4179 accipere
1193 4106 1483 4175 praacepta
1501 4104 1729 4159 vivendi
1755 4121 1803 4160 :«
1827 4108 1886 4160 et
1910 4127 1931 4155 ιθ
1957 4120 2062 4178 per

398 4195 561 4268 ipsas
590 4192 1029 4251 coruscationes
1059 4215 1088 4243 ‹‹
1123 4195 1417 4248 commota
1457 4195 1548 4248 est
1594 4196 1768 4261 terra,
1797 4214 1825 4243 »
1857 4193 1915 4250 id
1947 4197 2056 4262 est,

400 4281 618 4340 terreni
649 4281 721 4337 ad
753 4280 1213 4345 conversionem,
1241 4303 1269 4331 ‹‹
1304 4285 1362 4336 et
1392 4280 1747 4337 contremuit
1775 4305 1801 4331 ››
1832 4283 2059 4355 agendo

390 4369 807 4446 paenitentiam
837 4386 941 4442 pro
970 4368 1246 4441 peccatis.

472 4462 545 4518 Et
575 4476 679 4533 per
722 4458 870 4515 istos
900 4457 1198 4531 apostolos
1242 4458 1328 4514 sic
1375 4463 1706 4531 operantes,
1734 4481 1762 4511 «
1792 4460 1886 4516 via
1912 4482 1940 4510 ››
1971 4464 2061 4517 est

400 4575 429 4603 «ι
462 4555 567 4607 tua
591 4548 651 4605 in
682 4546 853 4617 mari,
882 4570 912 4598 υ
935 4546 994 4602 id
1024 4550 1115 4604 est
1159 4546 1219 4602 in
1266 4547 1473 4621 gentili
1522 4547 1759 4620 populo,
1789 4549 1929 4621 quia
1957 4566 2061 4622 per

2166 3391 2307 3443 tem.
2332 3387 2395 3443 In
2419 3393 2584 3444 sexta
2605 3393 2787 3461 parte,
2804 3405 2932 3461 quin
2955 3388 3163 3462 incipit
3181 3406 3229 3445 τι(
3251 3390 3320 3445 Et
3341 3388 3667 3447 dilexerunt
3684 3403 3820 3446 eum

2166 3475 2227 3532 in
2260 3492 2358 3533 ore
2385 3492 2514 3546 suo,
2539 3477 2718 3550 quod,
2752 3494 2888 3534 cum
2928 3479 3040 3551 ipsi
3071 3478 3262 3536 Judaei
3291 3481 3526 3551 propter
3552 3477 3819 3535 timorem

2162 3564 2454 3634 vindictas,
2481 3566 2614 3622 ﬁcte
2644 3566 2830 3623 Deum
2861 3567 3193 3641 diligerent,
3219 3567 3345 3641 ipso
3376 3572 3571 3625 tamen
3601 3566 3821 3625 miseri-

2167 3655 2403 3711 cordem
2429 3670 2493 3711 se
2521 3654 2790 3712 exhibuit
2809 3655 2916 3712 eis.
2943 3658 3007 3712 In
3038 3655 3293 3731 septima
3319 3661 3503 3730 parte,
3527 3672 3655 3729 quis
3674 3655 3818 3713 inci-

2168 3743 2254 3817 pit
2276 3759 2324 3798 :u
2353 3743 2591 3810 Quoties
2620 3746 3114 3802 exacerbaverunt
3140 3761 3277 3803 eum
3310 3746 3371 3802 in
3401 3746 3650 3816 deserto,
3676 3762 3816 3802 nos-

2168 3832 2377 3901 tendit,
2402 3834 2557 3905 quod
2598 3832 2734 3889 licet
2764 3833 2875 3906 ipsi
2907 3851 3140 3907 semper
3169 3835 3353 3892 Deum
3386 3839 3699 3904 tentarent,
3730 3839 3817 3890 ta—

2168 3938 2304 3977 men
2362 3921 2517 3978 Deus
2577 3921 2782 3978 multis
2840 3923 3033 3980 modis
3064 3924 3136 3980 ad
3166 3941 3369 3981 eorum
3418 3922 3814 3980 liberationem

2167 4010 2467 4084 Egyptios
2497 4011 2809 4083 percussit.
2834 4012 2898 4069 In
2944 4016 3149 4071 octava
3194 4017 3378 4087 parte,
3413 4030 3541 4085 quas
3570 4012 3813 4086 incipit:

2167 4124 2197 4151 ‹‹
2231 4102 2302 4157 Et
2328 4100 2573 4158 abstulit
2603 4101 2758 4158 sicut
2786 4101 2912 4159 ovis
2951 4102 3235 4176 populum
3266 4112 3442 4161 suum
3471 4107 3528 4159 et
3556 4100 3818 4176 perduxit

2167 4207 2288 4258 eos,
2320 4212 2348 4240 n
2371 4191 2628 4246 ostendit
2656 4207 2837 4263 quam
2889 4191 3138 4266 benigne
3168 4192 3453 4250 eos'Deus
3498 4191 3563 4249 in
3608 4195 3814 4248 terram

2166 4278 2581 4352 promissionis
2614 4279 2847 4335 induxit
2878 4298 2891 4337 :
2926 4284 2983 4336 et
3024 4297 3093 4337 ex
3138 4281 3429 4354 opposito,
3452 4280 3610 4355 quod
3636 4278 3816 4337 Judaai

2168 4368 2355 4425 Deum
2384 4385 2621 4442 semper
2649 4370 3063 4427 exacerbantes
3086 4386 3319 4444 semper
3346 4374 3737 4429 tentaverunt.
3760 4368 3815 4426 In

2169 4475 2326 4513 nona
2353 4462 2538 4530 parte,
2563 4474 2689 4531 quis
2723 4458 2933 4531 incipit
2957 4477 3007 4519 :«
3029 4459 3266 4518 Audivit
3288 4460 3442 4517 Deus
3462 4463 3522 4517 et
3540 4457 3814 4533 sprevitln

2168 4548 2426 4604 ostendit
2441 4547 2761 4604 vindictam
2784 4564 2962 4621 quam
2984 4548 3043 4603 in
3067 4553 3221 4606 terra
3242 4547 3648 4622 promissiOnis
3668 4562 3815 4605 sum-

402 4639 513 4695 hoc
539 4642 598 4695 et
629 4642 694 4693 tu
724 4636 937 4693 venisti
974 4637 1051 4693 ad
1090 4635 1368 4709 gentilem
1398 4636 1706 4709 populum,
1738 4642 1798 4693 et
1823 4638 2060 4710 gentilis
2089 4658 2137 4724 D
2169 4637 2247 4693 sit
2277 4637 2349 4692 de
2381 4636 2498 4693 illis
2530 4636 2706 4708 Deus,
2729 4642 2787 4693 et
2805 4637 2985 4694 etiam
3017 4638 3090 4694 de
3118 4638 3591 4712 persecutoribus
3617 4651 3811 4694 eorum

402 4726 661 4802 populus
687 4726 846 4782 venit
874 4726 946 4781 ad
978 4730 1070 4781 te:
1096 4726 1168 4781 ad
1210 4725 1462 4781 litteram
1495 4725 1672 4782 etiam
1703 4725 2059 4799 completum

403 4822 513 4889 est,
539 4815 680 4889 quia
701 4814 987 4870 Dominus
1005 4814 1181 4871 Jesus
1200 4814 1441 4871 incessit
1473 4832 1651 4888 super
1673 4832 1851 4885 mare,
1873 4821 1931 4873 et
1959 4833 2058 4873 su-
2098 4818 2111 4826 ’

403 4922 507 4978 per
538 4921 700 4960 mare
730 4904 863 4960 fecit
892 4904 1125 4959 Petrum
1159 4902 1462 4959 ambulare
1493 4905 1564 4959 ad
1599 4921 1660 4959 se
1686 4921 1734 4961 :u
1760 4909 1815 4961 et
1836 4905 2059 4961 semita:

402 5000 537 5063 tum,
561 5017 588 5043 ››
612 4992 669 5048 id
708 4995 797 5049 est
837 4993 1086 5047 aretiora
1126 4996 1413 5064 praecepta
1442 4997 1566 5061 tua,
1590 4998 1727 5048 sunt
1757 4994 1935 5049 etiam
1970 5011 2057 5049 re-

405 5088 583 5157 cepta:
607 5106 634 5131 ‹‹
660 5082 718 5136 in
745 5081 915 5154 aquis
946 5080 1205 5149 multis,»
1229 5081 1285 5136 id
1314 5086 1404 5137 est
1425 5082 1484 5136 in
1509 5081 1753 5138 diversis
1784 5081 2016 5155 populis
2043 5099 2056 5139 :

404 5177 462 5229 et
491 5172 625 5228 licet
654 5171 901 5245 gentiles
934 5172 1006 5226 ad
1038 5174 1092 5225 te
1124 5171 1205 5225 ita
1249 5170 1502 5240 veniant,
1536 5175 1731 5226 tamen
1757 5195 1783 5221 ‹‹
1817 5171 2061 5243 vestigia

403 5266 562 5329 tua,»
586 5261 645 5316 id
665 5265 755 5315 est
775 5260 945 5333 signa
968 5259 1215 5331 justitia:
1240 5264 1373 5327 tuze,
1394 5283 1422 5309 ‹‹
1448 5277 1562 5315 non
1586 5265 2013 5332 cognoscentur
2032 5284 2058 5310 »

406 5366 441 5406 a
470 5349 711 5406 Judmis.

477 5438 754 5505 «Quibus
787 5442 982 5494 tamen
1016 5436 1205 5493 multa
1231 5439 1418 5494 fecisti
1462 5438 1769 5512 miracula,
1792 5439 1933 5512 quia
1963 5442 2060 5496 de-

407 5527 626 5583 duxisti
650 5550 678 5576 ››
703 5526 871 5582 illum
894 5552 920 5576 ‹‹
955 5525 1241 5599 populum
1294 5534 1462 5584 tuum
1503 5529 1659 5585 sicut
1701 5547 1912 5599 oves,»
1944 5548 2061 5587 non

408 5616 562 5686 quod
583 5614 696 5688 ipsi
721 5615 885 5671 bona:
907 5632 1042 5671 oves
1065 5621 1284 5688 essent,
1304 5618 1402 5673 sed
1429 5622 1492 5674 tu
1514 5636 1646 5674 eras
1666 5619 1751 5675 eis
1772 5619 1907 5691 pius
1928 5637 2060 5693 pas-

346 5750 355 5753 -
410 5705 501 5757 tor
522 5726 551 5772 (ς
574 5703 635 5757 in
657 5719 836 5759 manu
866 5703 1052 5779 Moysi
1074 5706 1133 5758 et
1160 5705 1424 5779 Aaron,»
1448 5708 1522 5764 ad
1553 5707 1812 5765 litteram
1837 5726 1850 5766 ε
1876 5714 1934 5767 et
1957 5726 2065 5785 per

2169 4724 2546 4781 Philistbmis.
2591 4726 2653 4783 In
2687 4726 2916 4783 decima
2945 4731 3133 4799 parte,
3153 4743 3283 4800 qua:
3330 4726 3535 4800 incipit
3556 4744 3607 4782 :«
3631 4727 3702 4782 Et
3730 4741 3809 4781 re-

2169 4816 2320 4888 pulit
2362 4815 2876 4884 tabernaculum,»
2899 4817 3174 4887 ostendit,
3200 4817 3355 4889 quod
3385 4820 3590 4889 praeter
3617 4820 3811 4872 eastern

2167 4904 2470 4973 beneﬁcia,
2506 4904 2668 4960 misit
2696 4906 2781 4961 eis
2820 4905 2974 4961 Deus
3020 4905 3198 4962 David
3234 4922 3447 4980 regem,
3481 4904 3704 4961 scilicet
3727 4902 3808 4959 Fi-

2168 4993 2313 5048 lium
2349 4993 2446 5048 Dei
2482 4993 2580 5065 qui
2616 4993 2951 5049 innocentia
2979 4998 3037 5049 et
3056 4994 3294 5065 justitia
3324 4997 3545 5066 regeret
3574 5009 3692 5058 eos,
3717 5006 3810 5045 na-

2166 5089 2295 5139 tum
2328 5085 2399 5139 de
2432 5084 2584 5139 tribu
2625 5085 2796 5141 Juda.
2834 5086 2969 5140 Post
3012 5085 3133 5140 haec
3187 5085 3404 5152 omnia,
3436 5083 3685 5138 intendit
3714 5080 3810 5136 ad-

2170 5190 2407 5228 monere
2429 5189 2810 5245 quoscunque
2844 5172 3068 5241 ﬁdeles,
3091 5178 3158 5228 ut
3186 5174 3371 5246 legem
3394 5172 3492 5229 Dei
3521 5171 3807 5243 recipiant,

2170 5268 2225 5318 et
2256 5280 2384 5318 eam
2413 5261 2801 5334 spiritualiter
2830 5262 3185 5336 intelligant.

2242 5353 2311 5408 Et
2336 5353 2469 5407 inde
2493 5369 2737 5408 monens
2760 5369 2879 5417 eos,
2896 5352 2978 5408 sic
3002 5352 3269 5424 ineipitm
3291 5350 3504 5425 Popule
3527 5367 3709 5417 meus,
3722 5371 3744 5395 ν
3757 5347 3807 5401 id

2169 5441 2432 5511 est,mihi
2446 5441 2773 5497 consilimis
2791 5440 2980 5497 fidelis
2993 5441 3146 5497 sicut
3161 5459 3320 5514 ego,«
3337 5440 3620 5497 attendite
3635 5437 3807 5508 legem

2164 5549 2423 5600 meam,»
2446 5536 2512 5585 ut
2532 5530 2684 5586 sicut
2704 5546 2810 5603 ego
2841 5530 3029 5602 legem
3055 5530 3438 5602 spiritualiter
3466 5526 3736 5592 intellexi,
3758 5527 3810 5579 et

2172 5638 2300 5678 eam
2334 5620 2501 5689 facio,
2532 5621 2614 5676 ita
2643 5624 2700 5676 et
2728 5637 2830 5675 vos
2857 5637 2988 5675 eam
3019 5618 3274 5688 faciatis,
3303 5623 3362 5675 et
3390 5622 3455 5675 ut
3478 5633 3609 5675 eam
3641 5612 3810 5689 possi-

2170 5713 2247 5770 tis
2279 5709 2623 5788 intelligere,
2665 5709 2843 5769 nolite
2874 5710 3114 5787 superbi
3142 5724 3293 5782 esse,
3336 5708 3439 5768 sed
3461 5730 3490 5762 «
3520 5705 3803 5773 inclinate,
