3936 6368
187 421 306 482 465

1371 419 1876 483 EXPLANATIO
1916 419 1998 481 IN
2040 421 2420 486 PSALMOS.

3486 429 3609 492 466

187 555 285 611 irae
318 555 700 629 suae,quando
725 556 794 612 de
818 555 1132 614 levioribus
1162 557 1416 629 peccatis
1447 554 1844 611 subtrahendo
1873 549 1930 621 Α
2029 554 2100 608 Et
2128 553 2264 610 licet
2293 559 2378 613 tot
2409 557 2690 616 beneﬁcia
2710 560 3157 618 contulisseteis
3177 561 3351 632 Deus,
3373 561 3487 638 ipsi
3518 567 3606 623 ta-

187 645 458 719 gratiam,
476 647 548 701 ad
573 646 840 718 graviora
863 663 970 701 nos
1001 645 1287 718 permittit
1308 646 1677 702 descendere.
1698 643 1841 699 Ani-

187 751 317 790 mas
347 734 524 790 etiam
572 735 631 789 in
683 741 869 791 morte
899 735 1216 804 concludit,
1251 736 1484 807 quando
1533 750 1721 805 usque
1767 734 1840 788 ad

185 828 588 897 contemptum
614 824 715 880 Dei
741 842 847 880 nos
869 825 1010 881 sinit
1035 825 1406 898 prmcipitari,
1429 829 1485 879 et
1505 824 1715 880 retinet
1736 840 1842 878 nos

184 912 246 967 in
271 914 653 969 excaecatione
674 914 908 969 mentis.
930 914 1211 970 Jumenta
1231 914 1290 968 in
1315 917 1501 970 morte
1525 911 1838 979 concludit,

183 1002 423 1072 quando
445 1018 680 1057 omnem
714 1002 1059 1074 pudicitiam
1085 1002 1143 1057 in
1178 1003 1346 1060 nobis
1376 1001 1565 1074 perire
1596 1017 1839 1056 consen-

176 1089 392 1144 tit.Vel
428 1091 830 1162 perjumcnta
849 1091 996 1146 fatui
1031 1091 1439 1164 intelliguntur
1465 1091 1564 1162 qui
1599 1089 1776 1147 simul
1809 1107 1842 1145 a

183 1178 301 1234 Deo
359 1195 494 1234 cum
553 1179 767 1234 astutis
825 1180 1257 1251 percutiuntur.
1318 1180 1734 1236 Percutiuntur
1780 1176 1841 1232 in

181 1267 354 1323 nobis
399 1267 812 1339 primogenita,
844 1267 1069 1324 scilicet
1114 1269 1260 1324 fides
1309 1271 1368 1323 et
1412 1267 1573 1334 talia,
1606 1267 1654 1323 si
1706 1284 1840 1339 per-

182 1372 530 1411 maneamus
587 1355 647 1410 in
706 1357 969 1429 Egypto,
1002 1357 1059 1411 id
1106 1361 1214 1425 est,
1246 1357 1305 1411 in
1356 1356 1614 1412 tenebris
1661 1356 1841 1428 hujus

176 1445 333 1500 vitae.
380 1443 794 1499 Percutiuntur
840 1445 1112 1516 primitiae
1160 1445 1398 1516 laboris,
1435 1446 1667 1517 quando
1698 1444 1842 1500 cha-

177 1532 346 1597 ritas,
380 1549 507 1603 quae
539 1533 730 1604 major
767 1536 858 1589 est
903 1532 1056 1587 inter
1085 1532 1232 1588 alias
1277 1533 1544 1600 virtutes,
1577 1532 1665 1588 vel
1715 1531 1839 1587 alia:

177 1620 486 1694 praecipua;
516 1620 759 1676 virtutes
798 1619 857 1676 in
905 1621 1076 1677 nobis
1127 1625 1394 1692 pereunt,
1429 1622 1585 1693 quod
1635 1621 1745 1676 erit
1791 1621 1838 1675 si

178 1708 554 1766 inveniamur
596 1709 655 1764 in
700 1709 1096 1765 tabernaculis
1126 1709 1335 1779 Cham,
1366 1709 1423 1765 id
1456 1713 1564 1778 est,
1599 1708 1837 1764 diaboli.

175 1798 363 1855 Cham
394 1798 551 1853 enim
582 1796 834 1854 callidus
866 1799 1304 1870 interpretatur,
1328 1815 1431 1870 per
1458 1799 1612 1870 quod
1645 1797 1840 1853 diabo-

177 1887 277 1984 l-us
297 1886 782 1984 intelligitur.Vel
794 1888 1122 1984 descensus
1143 1887 1347 1955 Cham,
1373 1904 1477 1959 per
1493 1889 1650 1984 quod
1675 1904 1842 1984 mun-
1869 1919 1920 1984 B

176 1977 294 2033 dus
322 1975 691 2048 intelligitur,
714 1977 886 2047 cujus
907 1979 1200 2032 amatores
1222 1991 1455 2048 semper
1476 1976 1841 2032 descendunt

176 2065 241 2121 in
273 2065 736 2138 profunditatem
765 2065 1066 2120 vitiorum.

253 2175 283 2206 «
313 2155 386 2210 Et
428 2152 694 2209 abstulit.
723 2174 750 2202 »
782 2153 922 2208 Pars
949 2157 1172 2209 octava.
1207 2152 1322 2208 Has
1383 2154 1585 2226 plagas
1633 2152 1836 2209 intulit

175 2244 337 2300 Deus
365 2241 670 2316 Egyptiis,
693 2265 721 2291 ‹‹
750 2241 1034 2314 populum
1068 2258 1265 2309 suum,
1294 2263 1322 2289 »
1353 2240 1577 2296 scilicet
1604 2242 1840 2298 Judaeos

177 2354 207 2382 ‹‹
241 2330 488 2388 abstulit
512 2353 540 2380 »
563 2330 634 2386 de
663 2335 820 2387 terra
842 2330 1067 2403 [Ἐξεριί
1090 2353 1118 2380 ‹‹
1143 2329 1295 2389 sicut
1324 2347 1515 2397 oves,»
1542 2347 1657 2385 non
1683 2331 1839 2404 quod

175 2420 264 2476 illi
297 2436 359 2476 se
387 2436 522 2476 oves
565 2420 843 2490 facerent,
878 2420 980 2476 sed
1012 2419 1112 2475 ille
1143 2419 1396 2475 ducebat
1443 2435 1543 2475 eos
1589 2423 1709 2475 tam
1741 2422 1839 2476 be-

175 2509 377 2582 nigne,
410 2509 563 2566 sicut
610 2509 802 2565 bonus
851 2513 1052 2581 pastor
1095 2525 1248 2577 oves,
1275 2531 1302 2557 «
1337 2512 1394 2563 et
1423 2508 1694 2581 perduxit
1741 2526 1840 2565 eos

179 2603 469 2670 tanquam
500 2614 737 2671 gregem
768 2599 828 2653 in
861 2599 1111 2653 deserto.
1143 2619 1170 2646 ››

253 2709 282 2738 ‹‹
311 2687 382 2742 Et
407 2687 650 2742 deduxit
693 2702 791 2742 eos
818 2707 845 2734 »
876 2703 980 2758 per
1027 2687 1325 2742 desertum
1351 2710 1376 2736 ‹‹
1411 2687 1470 2740 ἱη
1522 2703 1623 2758 spe
1649 2709 1676 2735 »
1708 2703 1839 2758 pro-

177 2775 379 2832 missae
409 2774 787 2840 hazreditatis,
818 2795 845 2822 ‹‹
867 2779 924 2829 et
945 2791 1060 2829 non
1088 2775 1415 2829 timuerunt
1439 2796 1466 2822 ››
1490 2775 1745 2845 aliquem
1772 2774 1842 2828 de

177 2862 458 2931 inimicis,
495 2863 649 2934 quod
701 2866 900 2933 posset
925 2863 1010 2916 eis
1053 2863 1282 2917 auferre
1331 2863 1684 2934 promissam
1736 2879 1841 2934 pa-

175 2952 380 3019 triam,
402 2975 428 3000 ‹‹
455 2956 512 3006 et
537 2951 808 3004 inimicos
829 2967 1030 3005 eorum
1054 2951 1283 3022 operuit
1303 2968 1521 3006 mare.»
1542 2952 1635 3006 Sic
1657 2955 1714 3006 et
1736 2968 1842 3006 nos

177 3040 350 3097 ducit
372 3055 474 3110 per
493 3039 790 3093 desertum
813 3038 992 3108 hujus
1011 3038 1142 3092 vitae
1165 3043 1447 3110 tanquam
1470 3056 1623 3106 oves,
1649 3044 1707 3094 et
1735 3057 1840 3095 au-

177 3131 298 3186 fert
329 3127 400 3182 de
432 3143 610 3182 manu
659 3126 903 3192 inimici,
938 3131 995 3182 et
1024 3126 1187 3182 ducit
1239 3127 1299 3181 in
1345 3144 1449 3198 spe
1477 3130 1702 3183 zeternze
1734 3144 1842 3199 pa-

176 3218 335 3285 triae,
368 3233 472 3270 nec
521 3214 801 3270 timemus
842 3216 1027 3286 quod;
1049 3215 1264 3286 aliquis
1311 3215 1684 3272 inimicorum
1736 3216 1845 3271 iter

1951 659 2083 697 men
2108 645 2234 714 jam
2267 645 2598 702 habitantes
2640 652 2856 704 terram
2897 651 3325 722 promissionis,
3351 675 3379 702 «
3413 657 3606 711 tenta-

1951 737 2178 799 verunt,
2203 738 2260 789 et
2291 736 2780 792 exacerbaverunt
2802 739 3008 807 Deum,
3031 741 3344 806 excelsum,
3370 745 3427 798 et
3451 745 3609 800 testi-

1952 821 2150 876 monia
2195 823 2322 892 ejus
2380 841 2495 877 non
2555 826 3038 895 custodierunt,»
3071 828 3126 883 id
3176 832 3284 897 est,
3319 837 3608 905 prmeepta

1952 909 2080 980 ejus
2111 909 2353 982 implere
2384 912 2783 984 neglexerunt.

2025 1021 2052 1047 ‹‹
2087 999 2158 1053 Et
2188 1004 2520 1056 averterunt
2559 1020 2619 1058 se
2651 1027 2677 1052 ‹‹
2713 1005 2784 1059 ab
2816 1022 2902 1073 eo,
2931 1028 2957 1054 ››
2980 1010 3037 1062 et
3075 1024 3189 1063 non
3230 1015 3607 1068 servaverunt

1952 1091 2189 1158 pactum
2214 1109 2242 1137 ››
2266 1090 2420 1160 quod
2453 1091 2792 1164 pepigerant
2822 1111 2957 1150 cum
2998 1095 3262 1163 Domine,
3295 1098 3553 1155 dicentes
3586 1116 3601 1157 :

1952 1175 2324 1247 Quaecunque
2343 1179 2638 1250 praecipiet
2660 1181 2829 1237 nobis
2856 1183 3158 1252 Dominus,
3178 1186 3523 1256 faciemus,«
3549 1193 3607 1244 et

1952 1264 2212 1320 conversi
2263 1270 2405 1321 sunt
2436 1267 2494 1321 in
2525 1285 2724 1324 arcum
2779 1287 3044 1342 pravum,
3074 1295 3099 1322 n
3135 1273 3191 1328 id
3237 1278 3345 1341 est,
3379 1275 3604 1334 similes

1952 1356 2092 1408 sunt
2150 1353 2284 1409 facti
2344 1372 2520 1426 pravo
2575 1358 2812 1425 arcui,.«
2849 1362 3350 1431 quemadmodum
3408 1368 3604 1436 patres

1949 1457 2174 1496 eorum.
2201 1463 2230 1490 »
2260 1443 2445 1499 Arcus
2493 1462 2707 1517 pravus
2756 1448 2992 1516 dicitur,
3024 1449 3125 1521 qui
3157 1468 3292 1506 cum
3323 1452 3602 1521 minatur,

1951 1529 2096 1584 nihil
2127 1532 2381 1602 percutit
2415 1549 2428 1587 :
2461 1531 2548 1588 vel
2581 1533 2704 1605 qui,
2738 1552 2873 1591 cum
2910 1538 3120 1592 debeat
3149 1539 3319 1596 ferire
3347 1540 3602 1609 hostem,

1950 1619 2208 1691 parcutit
2238 1620 2566 1676 dominum.
2602 1625 2688 1678 lta
2717 1628 2776 1679 et
2805 1642 2911 1681 nos
2942 1628 3362 1686 exacerbamus
3394 1628 3606 1700 Deum,

1950 1723 2057 1762 nec
2088 1707 2276 1780 legem
2308 1709 2436 1780 ejus
2467 1711 2857 1781 custodimus,
2881 1717 2938 1768 et
2965 1715 3186 1771 factum
3218 1715 3278 1772 in
3309 1718 3604 1790 baptismo

1950 1800 2188 1867 pactum
2209 1799 2364 1868 quod
2381 1797 2612 1854 diabolo
2635 1804 2694 1856 et
2712 1802 2945 1874 pompis
2965 1804 3094 1874 ejus
3115 1805 3602 1875 renuntiavimus,

1951 1901 2066 1939 non
2103 1886 2504 1958 observamus,
2532 1889 2634 1943 sed
2673 1889 2733 1944 in
2773 1907 2976 1946 arcum
3026 1909 3270 1963 pravum
3319 1897 3604 1953 converti-

1949 1989 2103 2040 mur,
2137 1973 2283 2029 bene
2314 1990 2419 2030 nos
2450 1975 2708 2032 facturos
2736 1978 3168 2052 promittentes,
3200 1986 3257 2036 et
3293 1999 3411 2040 non
3443 2001 3603 2040 com-

1949 2061 2197 2134 plentes,
2229 2061 2316 2118 vel
2347 2063 2486 2134 quia
2529 2063 2670 2120 dum
2703 2065 2834 2122 aliis
2865 2065 3023 2123 mala
3069 2085 3369 2142 paramus,
3402 2072 3464 2129 in
3495 2091 3603 2130 nos

1948 2150 2109 2223 ipsos
2140 2149 2298 2206 mala
2328 2151 2720 2210 refundimus.

2019 2241 2091 2295 Et
2115 2262 2144 2288 «
2178 2239 2239 2294 in
2269 2239 2415 2295 iram
2444 2241 2880 2299 concitaverunt
2907 2260 3043 2301 eum
3065 2246 3125 2302 in
3148 2247 3398 2306 collibus
3419 2251 3604 2321 suis,»

1949 2329 2011 2383 in
2038 2328 2256 2400 quibus
2286 2330 2610 2385 adorabant
2640 2331 2816 2401 idola,
2845 2355 2871 2382 «
2897 2337 2955 2389 et
2984 2333 3044 2390 in
3076 2336 3450 2408 sculptilibus
3481 2341 3606 2397 suis

1950 2418 2025 2473 ad
2045 2417 2478 2473 aemulationem
2498 2435 2634 2474 eum
2655 2429 3170 2493 provocaverunt,»
3184 2443 3319 2482 cum
3342 2428 3605 2486 debitum

1949 2510 2064 2561 Deo
2085 2507 2367 2561 honorem
2395 2506 2519 2562 suis
2541 2507 2916 2580 sculptilibus
2938 2510 3330 2583 impartirent.
3351 2516 3424 2572 Et
3442 2517 3606 2574 simi-

1949 2595 2083 2650 liter
2139 2595 2198 2649 in
2257 2594 2528 2664 collibus,
2559 2596 2619 2651 id
2666 2602 2775 2665 est,
2807 2597 2866 2652 in
2917 2602 3194 2671 superbia
3243 2608 3464 2673 nostra,
3499 2624 3607 2664 nos

1951 2682 2136 2737 Deum
2167 2683 2240 2737 ad
2273 2682 2421 2738 iram
2453 2683 2836 2753 concitamus,
2866 2689 2923 2742 et
2951 2685 3010 2742 in
3042 2689 3437 2762 sculptilibus,
3461 2695 3606 2752 dum

1951 2771 2022 2826 ad
2055 2771 2448 2826 idololatriam
2482 2772 2894 2841 convertimur,
2907 2775 2995 2830 vel
3029 2777 3170 2832 dum
3204 2797 3480 2838 nummos
3511 2783 3607 2838 ni-

1951 2859 2065 2915 mis
2096 2859 2305 2930 cupide
2345 2859 2810 2931 contemplantes
2837 2879 3205 2934 veneramur,
3225 2867 3312 2922 vel
3347 2868 3603 2941 libidini,

1950 2947 2037 3004 vel
2071 2947 2245 3003 alicui
2278 2947 2508 3015 talium,
2534 2950 2701 3020 quasi
2734 2950 2851 3005 Deo
2883 2951 3130 3009 sollicite
3162 2956 3472 3012 servimus.

2025 3058 2052 3084 «
2081 3035 2319 3090 Audivit
2369 3038 2539 3091 Deus.
2581 3058 2607 3084 ››
2639 3037 2780 3092 Pars
2840 3056 3014 3094 nona.
3067 3041 3459 3100 Continuatio.
3510 3046 3608 3103 Sic

1952 3129 2411 3196 provocaverunt
2440 3141 2596 3192 eum,
2621 3129 2679 3180 et
2724 3124 2852 3181 ideo
2878 3149 2906 3176 ‹‹
2931 3128 3156 3184 audivit
3193 3130 3406 3202 Deus,»
3429 3133 3486 3188 id
3517 3139 3610 3191 est

1958 3211 2260 3277 intellexit,
2285 3236 2313 3262 ‹‹
2337 3217 2394 3268 et
2416 3213 2634 3285 sprevit
2661 3231 2673 3268 :
2699 3219 2754 3268 et
2783 3215 3007 3288 redegit
3034 3218 3212 3275 Israel
3233 3221 3399 3276 valde
3420 3224 3491 3277 ad
3523 3223 3610 3278 ni-

177 3310 456 3364 nostrum
489 3303 676 3375 possit
703 3285 1106 3375 impedirerEt
1135 3285 1407 3360 inimicos
1441 3308 1691 3375 nostros,
1717 3321 1843 3376 pec-
1873 3285 1916 3350 C
1954 3301 2165 3369 hilum,
2194 3323 2220 3349 »
2245 3301 2339 3356 cui
2380 3300 2527 3355 nulli
2576 3301 2834 3357 hostium
2866 3285 3152 3375 ‘poterant
3198 3308 3488 3366 resistere.
3514 3312 3610 3368 Sic

177 3399 317 3452 cata
359 3392 603 3462 scilicet,
635 3390 912 3464 dimergit
957 3392 1012 3446 in
1079 3409 1263 3461 mare,
1294 3393 1355 3448 id
1405 3397 1512 3460 est,
1547 3393 1606 3448 in
1654 3411 1840 3465 aquas

177 3484 486 3557 baptismi.

260 3595 288 3622 «
312 3572 383 3627 Et
403 3570 636 3626 induxit
656 3587 755 3626 eos
778 3570 837 3625 in
862 3575 1122 3625 montem
1155 3571 1641 3627 sanctificationis
1663 3589 1842 3642 suae,»

179 3659 702 3731 scilicet,Sion,qui
719 3660 1124 3716 sanctificatus
1141 3665 1230 3714 est
1241 3661 1839 3727 cmremoniiseorum,

179 3774 212 3801 «
238 3752 502 3806 montem
529 3771 556 3796 ››
575 3748 705 3803 dico
725 3771 752 3797 ‹‹
779 3763 957 3820 quem
981 3765 1096 3804 non
1119 3747 1353 3820 gladius
1375 3765 1578 3804 eorum
1600 3773 1628 3800 «
1652 3748 1844 3820 acqui-

181 3839 378 3905 sivit,»
407 3838 508 3892 sed
533 3860 560 3886 ‹‹
586 3837 840 3902 dextera,
870 3859 896 3885 »
922 3837 978 3891 id
1013 3841 1124 3908 est,
1154 3837 1411 3909 potentia
1434 3860 1461 3886 «
1493 3839 1644 3909 ejus.
1672 3861 1699 3887 »

255 3950 285 3978 ‹‹
317 3927 388 3981 Et
417 3925 589 3996 ejecit
618 3943 651 3980 a
684 3925 826 3980 facie
871 3940 1073 3980 eorum
1106 3929 1333 3998 gentes,
1361 3948 1387 3974 ››
1413 3943 1537 3997 quae
1577 3927 1741 3998 prius
1772 3926 1845 3980 il-

178 4018 303 4073 lam
351 4019 570 4071 terram
619 4014 982 4078 obtinebant,
1007 4036 1035 4062 ‹‹
1069 4017 1126 4070 et
1157 4019 1312 4070 sorte
1343 4014 1543 4069 divisit
1591 4015 1676 4070 eis
1724 4020 1844 4070 ter-

181 4121 333 4171 ram,
363 4125 390 4153 »
412 4102 738 4158 secundum
772 4102 1038 4175 singulas
1071 4103 1263 4158 tribus
1287 4127 1314 4150 «
1349 4102 1407 4157 in
1442 4103 1700 4158 funiculo
1733 4103 1847 4158 dis-

179 4191 546 4256 tributionis,
574 4213 601 4239 η
625 4191 848 4246 scilicet
896 4191 1105 4262 aequali
1157 4207 1453 4247 mensura.
1490 4192 1574 4246 Ita
1620 4191 1847 4247 inducit

183 4300 295 4339 nos
319 4282 475 4338 Deus
498 4281 556 4335 in
575 4284 832 4335 montem
853 4280 1284 4336 sanctificatum
1302 4296 1419 4334 suae
1442 4279 1844 4349 habitationis,

183 4370 416 4428 scilicet
464 4368 805 4436 Ecclesiam,
839 4385 1015 4441 quam
1057 4367 1366 4440 acquisivit
1413 4369 1650 4424 dextera
1695 4371 1845 4441 ejus,

183 4459 329 4532 quia
356 4457 520 4514 nullo
543 4459 717 4514 modo
747 4459 1038 4529 potuisset
1060 4457 1203 4513 illud
1230 4457 1354 4512 ﬁeri
1377 4456 1463 4512 vel
1484 4474 1848 4531 permanere,

181 4547 300 4604 nisi
323 4547 426 4604 Dei
449 4547 806 4619 operatione.
829 4548 900 4602 Et
919 4547 1089 4618 ejecit
1115 4563 1149 4601 a
1180 4546 1348 4602 nobis
1379 4551 1602 4618 gentes,
1628 4547 1853 4603 scilicet

1951 3408 2056 3446 nos
2088 3391 2244 3445 Deus
2275 3389 2519 3460 spernit,
2542 3394 2600 3444 et
2620 3390 2758 3445 facit
2784 3391 2986 3447 cedere
3007 3393 3249 3450 cuilibet
3276 3399 3608 3455 tentationi.

2023 3502 2052 3529 ‹‹
2076 3480 2196 3533 Et»
2220 3482 2456 3549 propter
2476 3494 2678 3532 eorum
2703 3480 3026 3550 nequitiam
3052 3505 3078 3531 «
3106 3483 3320 3554 repulit
3348 3488 3615 3544 taberna-

1951 3566 2152 3624 culum
2177 3588 2205 3615 »
2228 3567 2380 3638 quod
2406 3570 2532 3621 erat
2559 3567 2617 3620 in
2642 3591 2667 3615 ‹‹
2693 3567 2835 3636 Silo,
2861 3591 2888 3616 »
2910 3569 3051 3640 quia
3072 3573 3344 3642 permisit
3365 3575 3437 3630 ab
3457 3575 3612 3632 Allo-

1952 3655 2130 3729 philis
2161 3672 2356 3710 arcam
2389 3673 2517 3726 qua:
2557 3660 2684 3710 erat
2732 3655 2790 3710 in
2837 3659 3212 3716 tabernaculo
3243 3662 3371 3734 capi
3402 3667 3454 3732 (Ι
3483 3666 3611 3737 Reg.

1952 3748 2053 3814 ιν),
2085 3769 2110 3793 ‹‹
2145 3743 2593 3799 tabernaculum
2626 3761 2801 3799 suum
2835 3746 2932 3800 ubi
2967 3747 3246 3804 habitrvit
3277 3750 3336 3804 in
3367 3751 3614 3808 homini-

1954 3834 2088 3900 bus,
2113 3855 2140 3882 »
2160 3832 2300 3904 quia
2355 3831 2413 3886 in
2454 3833 2832 3887 tabernaculo
2864 3833 3042 3888 dabat
3096 3835 3252 3892 Deus
3305 3854 3609 3909 responsa.

1954 3921 2238 3979 Similiter
2268 3919 2495 3991 repellit
2526 3920 2656 3975 illos
2689 3921 2788 3991 qui
2825 3920 3082 3976 militant
3126 3923 3183 3976 in
3239 3924 3516 3996 Ecclesia,
3548 3927 3610 3983 in

1955 4011 2171 4083 quibus
2203 4007 2488 4064 habitavit
2531 4009 2676 4079 ipse,
2709 4008 2758 4062 si
2793 4008 2904 4080 ipsi
2956 4009 3076 4065 sint
3121 4010 3181 4066 in
3230 4011 3374 4084 Silo,
3405 4013 3465 4070 id
3496 4020 3608 4087 est,

1954 4099 2265 4155 carnaliter
2292 4097 2506 4152 vivant.

2028 4211 2055 4237 ‹‹
2088 4188 2158 4242 Et
2186 4186 2428 4241 tradidit
2457 4207 2484 4235 ››
2519 4185 2776 4241 ostendit
2816 4189 3111 4258 quomodo
3152 4189 3368 4262 repulit
3415 4194 3612 4250 taber-

1958 4275 2257 4343 naculum,
2288 4274 2428 4346 quia
2458 4297 2485 4323 ‹‹
2520 4274 2764 4330 tradidit
2791 4274 3068 4331 virtutem
3099 4294 3325 4346 eorum,
3352 4302 3379 4329 »
3412 4281 3470 4336 id
3502 4285 3612 4350 est,

1959 4381 2175 4433 arcam,
2213 4381 2341 4435 qua:
2392 4367 2516 4418 erat
2560 4363 2746 4418 virtus
2805 4380 3030 4433 eorum,
3066 4366 3167 4437 qui
3215 4385 3285 4424 ea
3331 4374 3615 4442 praesente

1960 4471 2192 4526 semper
2217 4452 2527 4508 vincebant
2560 4451 2852 4520 inimicos,
2882 4454 3126 4510 tradidit
3155 4479 3182 4505 «
3216 4455 3275 4510 in
3306 4458 3615 4530 captivita-

1961 4550 2080 4601 tem
2107 4566 2134 4593 »
2165 4541 2631 4608 Philistinorum,
2664 4561 2686 4590 ι
2714 4546 2774 4597 et
2803 4541 3301 4613 pulchritudinem
3333 4563 3558 4616 eorum,
3583 4571 3613 4598 »

178 4636 343 4703 vitia,
368 4652 440 4691 ne
472 4651 925 4707 permaneamus
956 4635 1016 4690 in
1048 4635 1226 4706 priori
1259 4635 1558 4708 genitura;
1587 4636 1673 4691 vel
1707 4653 1844 4708 gen-
1876 4650 1924 4716 Ι)
1960 4634 2019 4689 id
2064 4637 2173 4699 est,
2207 4631 2473 4687 eamdem
2531 4647 2748 4696 arcam,
2772 4631 2843 4685 de
2873 4647 2990 4701 qua
3044 4632 3156 4704 ipsi
3210 4634 3617 4706 gloriabantur

178 4731 291 4793 tes,
325 4725 644 4791 daemones,
681 4723 780 4795 qui
815 4741 931 4779 non
963 4725 1128 4795 prius
1158 4724 1559 4795 possidebant,
1586 4726 1668 4780 ita
1690 4727 1844 4797 quod

177 4818 479 4870 removeat
506 4831 539 4868 a
569 4814 714 4868 facie
747 4817 967 4880 nostra,
992 4829 1098 4868 nec
1119 4815 1246 4884 jam
1280 4813 1716 4885 conspiciamus
1746 4832 1845 4870 eos

179 4904 240 4958 in
277 4901 465 4958 nobis.
489 4903 560 4956 Et
590 4901 797 4957 dividit
829 4902 997 4957 nobis
1030 4907 1268 4969 terram,
1295 4901 1352 4956 id
1382 4906 1472 4956 est
1502 4901 1844 4969 Ecclesiam,

179 5009 300 5065 qua
332 4990 478 5046 alios
501 4991 636 5046 facit
658 4991 1050 5063 presbyteros,
1075 4989 1219 5045 alios
1248 4990 1593 5062 conjugatos
1621 5007 1634 5044 :
1659 4991 1846 5048 ethoc

178 5084 360 5146 sorte,
393 5078 452 5134 id
507 5084 616 5146 est,
651 5097 768 5135 non
819 5080 1081 5134 humano
1133 5078 1380 5150 judicio,
1417 5080 1517 5134 sed
1569 5078 1692 5135 sola
1745 5081 1844 5136 Dei

177 5169 464 5226 electione
489 5186 502 5223 :
531 5173 587 5223 et
619 5168 728 5224 hoc
769 5168 1030 5224 funiculo
1063 5167 1523 5236 distributionis,
1551 5168 1688 5240 quia
1715 5172 1846 5224 uni-

178 5257 395 5328 cuique
426 5255 586 5311 dedit
617 5258 870 5329 gratiam
906 5273 1074 5312 suam
1117 5256 1272 5312 Deus
1305 5257 1374 5311 ad
1411 5273 1771 5312 mensuram.

252 5345 467 5401 Gentes
499 5345 690 5417 ejecit,
719 5369 744 5395 ‹‹
781 5350 838 5402 et
869 5346 1135 5401 habitare
1175 5345 1311 5401 fecit
1353 5347 1411 5400 in
1452 5347 1846 5403 tabernaculis

177 5445 386 5490 eorum
417 5434 608 5490 tribus
641 5434 880 5490 Israel.»
909 5435 1004 5491 Sic
1033 5424 1188 5490 viros
1209 5435 1473 5490 videntes
1499 5435 1680 5490 Deum
1709 5437 1848 5492 facit

175 5521 514 5579 inhabitare
554 5523 683 5594 jam
726 5539 829 5593 per
859 5539 1025 5596 spem
1057 5523 1250 5579 locum
1298 5524 1453 5579 unde
1504 5531 1849 5581 corruerunt

177 5613 505 5679 dmmones;
541 5611 629 5666 vel
672 5611 771 5666 ubi
815 5613 982 5684 prius
1014 5613 1073 5666 in
1107 5613 1276 5669 nobis
1310 5613 1655 5668 habitabant
1684 5615 1846 5685 vitia,

178 5700 320 5757 fecit
349 5700 600 5758 virtutes
629 5698 916 5758 habitare.

1957 4740 2134 4795 super
2163 4738 2368 4777 omnes
2399 4719 2634 4784 Gentes,
2660 4741 2688 4767 «
2723 4719 2781 4773 in
2813 4736 3026 4774 manus
3058 4719 3306 4791 inimici,
3333 4746 3360 4771 »
3391 4723 3616 4781 scilicet

1955 4813 2222 4883 ejusdem
2255 4809 2475 4882 populi.
2502 4809 2588 4864 Ita
2616 4807 2947 4864 libertatem
2984 4810 3170 4864 nostri
3201 4811 3451 4879 arbitrii,
3484 4830 3614 4884 quas

1955 4905 2045 4957 est
2074 4901 2260 4954 virtus
2307 4903 2505 4953 nostra
2535 4902 2592 4953 et
2621 4897 2808 4970 gloria
2840 4902 3061 4966 nostra,
3088 4900 3333 4956 tradidit
3381 4907 3618 4974 propter

1956 4987 2278 5060 nequitiam
2311 4992 2574 5043 nostram
2608 4987 2667 5040 in
2700 4987 3001 5042 servitium
3033 4987 3273 5044 diaboli.

2029 5102 2055 5126 ‹‹
2091 5079 2160 5132 Et
2191 5076 2479 5132 conclusit
2523 5077 2580 5130 in
2610 5076 2804 5148 gladio
2851 5076 3136 5148 populum
3187 5095 3385 5148 suum,
3416 5100 3443 5127 ››
3475 5078 3618 5149 quia

1956 5167 2225 5241 permisit
2253 5184 2351 5222 eos
2382 5182 2454 5222 ao
2509 5165 2764 5220 inimicis
2815 5166 3020 5232 occidi,
3048 5190 3075 5215 «
3110 5171 3166 5221 et
3215 5166 3614 5223 hereditatem

1958 5274 2126 5315 suam
2180 5256 2478 5329 sprevit;»
2514 5253 2785 5310 similiter
2815 5253 3011 5326 gladio
3062 5254 3278 5311 diaboli
3329 5254 3618 5328 permittit

1959 5364 2065 5402 nos
2097 5346 2305 5401 occidi.

2029 5459 2054 5485 ‹‹
2079 5435 2334 5491 Juvenes
2367 5449 2577 5488 norum
2600 5432 2856 5488 comedit
2877 5432 3090 5505 ignis,»
3119 5433 3177 5487 id
3199 5436 3307 5502 est,
3331 5434 3493 5490 furor
3510 5433 3618 5488 ini-

1959 5526 2247 5580 micorum
2286 5521 2688 5593 :«etvirgines
2721 5539 2924 5576 eorum
2975 5539 3090 5576 non
3143 5527 3284 5578 sunt
3332 5522 3618 5580 lamenta-

1957 5620 2048 5682 ιω,
2077 5637 2103 5662 ››
2131 5613 2283 5668 sicut
2315 5612 2680 5666 consuetudo
2702 5611 2988 5683 exigebat.
3025 5611 3109 5667 Ita
3130 5613 3396 5683 juvenes,
3421 5613 3478 5668 id
3509 5617 3619 5680 est,

1962 5705 2139 5759 fortes
2190 5701 2247 5756 in
2303 5700 2581 5766 Ecclesia,
2619 5699 2870 5755 comedit
2918 5698 3073 5772 ignis
3124 5701 3604 5774 concupiscentia
