3936 6420
373 420 495 481 467

805 423 1213 485 HAYMONIS
1244 423 1786 485 HALBERSTAT.
1815 419 2056 482 EPISC.
2092 420 2265 483 OPP.
2296 422 2501 485 PARS
2533 423 2581 484 Ι.
2718 423 3129 486 COMMENT.
3164 424 3360 485 BIBL.

3670 423 3791 485 468

374 571 531 628 rum,
562 557 621 612 et
646 553 901 628 virgines
929 554 989 609 in
1019 569 1259 627 corpore
1303 571 1418 610 non
1463 556 1603 610 sunt
1630 553 1960 608 lamentatae
1989 570 2024 610 a
2053 552 2110 621 Α
2132 562 2273 609 Vum
2301 570 2498 624 suum,
2523 559 2580 611 et
2610 556 2855 613 sustulit
2879 573 3013 613 eum
3045 557 3116 613 de
3146 555 3424 630 gregibus
3455 556 3714 628 ovium,»
3736 560 3794 613 et

374 644 632 718 prelatis
658 644 948 713 Ecclesia,
980 642 1121 716 quia
1168 660 1411 716 prorsus
1459 644 1773 715 desperant
1825 642 1895 697 de
1939 642 2024 698 eis

374 735 748 807 quandoque.

450 842 475 872 ι
507 822 852 878 Sacerdotes
880 836 1107 890 eorum,
1135 844 1162 870 ››
1185 820 1410 877 scilicet
1443 820 1633 893 Ophni
1665 824 1723 876 et
1753 819 2023 889 Phinees,

268 924 273 927 '
372 909 479 967 filii
502 909 629 966 Heli
648 933 678 960 «
702 910 1040 968 ceciderunt
1059 910 1116 965 in
1140 908 1335 983 gladio
1362 931 1388 958 ››
1414 908 1887 976 Philistinorum;
1916 932 1941 958 ‹‹
1970 914 2027 965 et

366 998 556 1055 viduae
577 1014 779 1055 eorum
798 1016 915 1054 non
938 997 1376 1070 plorabantur.»
1395 997 1676 1053 Similiter
1696 998 2027 1054 sacerdotes

370 1088 557 1145 nostri
587 1088 808 1145 cadunt
837 1087 898 1143 in
927 1086 1121 1161 gladio
1143 1087 1262 1144 oris
1294 1087 1417 1156 Dei,
1440 1104 1574 1142 cum
1606 1087 1701 1143 his
1730 1104 1857 1159 quae
1878 1087 2027 1144 bene

371 1175 726 1233 annuntiant
745 1175 1039 1232 contraria
1060 1176 1303 1245 faciunt,
1318 1181 1376 1231 et
1394 1177 1581 1232 viduae
1606 1180 1815 1232 nostrae
1843 1174 2025 1231 reales

371 1283 487 1323 non
520 1265 828 1339 plorantur
857 1283 891 1322 a
922 1264 1181 1338 praelatis
1223 1265 1514 1332 Ecclesiae,
1539 1265 1680 1337 quia
1708 1266 1779 1319 de
1808 1265 1893 1319 eis
1922 1265 2026 1320 dc-

370 1359 644 1428 speratur
680 1355 1055 1428 quandoque.
1089 1353 1193 1410 Vel
1240 1371 1343 1426 per
1388 1355 1596 1409 viduas
1645 1352 1937 1425 quoslibet
1966 1353 2025 1407 in

369 1443 633 1501 Ecclesia
677 1443 1007 1500 castitatem
1049 1447 1345 1511 voventes,
1377 1460 1696 1515 possumus
1743 1442 2025 1514 accipere,

371 1532 471 1605 qui
510 1533 674 1606 juste
703 1549 820 1588 non
860 1531 1189 1605 plorantur,
1220 1532 1270 1589 si
1310 1536 1511 1588 votum
1552 1532 1907 1604 frangentes,
1941 1547 2027 1585 re-

371 1624 591 1681 cedunt
618 1623 679 1679 in
710 1638 888 1680 usum
918 1622 1206 1678 libidinis.

441 1735 471 1763 «
505 1714 578 1769 Et
605 1711 892 1768 excitatus
931 1714 1021 1767 est
1044 1734 1072 1761 »
1095 1711 1402 1767 Dominus.
1429 1711 1697 1767 Ostendit
1735 1709 2028 1782 quomodo

367 1805 442 1861 de
471 1801 945 1875 persecutoribus
976 1799 1292 1855 vindicavit
1322 1815 1384 1856 se
1421 1801 1599 1866 Deus,
1632 1800 1848 1872 quibus
1877 1799 2033 1855 vide-

2135 664 2163 691 ‹‹
2198 645 2422 716 accepit
2450 661 2585 700 eum
2614 667 2641 694 »
2674 646 2733 701 in
2766 661 2970 718 regum
2995 668 3022 695 ‹‹
3057 646 3127 701 de
3162 668 3188 694 ››
3211 649 3444 702 euntem
3468 668 3496 695 ‹‹
3522 650 3657 719 post
3688 646 3788 702 fce-

2133 733 2348 797 tantes,
2374 754 2401 781 ››
2422 733 2478 788 id
2509 738 2616 801 est,
2650 738 2781 806 post
2811 752 2966 791 oves.

2206 820 2394 893 Elegit
2417 843 2445 875 ‹‹
2476 840 2714 895 pascere
2745 824 2947 895 Jacob,
2972 847 2999 873 ››
3024 824 3081 879 id
3113 828 3225 893 est,
3247 828 3312 880 ut
3331 829 3534 898 pascat
3556 848 3584 876 «
3607 825 3788 882 Jaeob

2135 926 2368 964 servum
2413 927 2610 979 suum,
2635 916 2693 967 et
2724 913 2899 968 Israel
2934 936 2962 963 ››
2983 913 3256 969 eumdem
3305 915 3588 987 populum
3623 932 3638 970 :
3678 932 3788 971 non

2137 1001 2368 1054 tantum
2399 1017 2656 1069 servum,
2681 1022 2708 1051 «
2742 1002 2841 1057 sed
2873 1001 3272 1058 hzereditatem
3304 1020 3494 1059 suam.
3518 1005 3591 1059 Et
3614 1026 3642 1053 ι»
3668 1004 3789 1076 ipse

2136 1085 2316 1141 David
2348 1110 2376 1137 «
2412 1089 2570 1160 pavit
2597 1107 2697 1146 eos
2745 1089 2805 1144 in
2857 1090 3191 1147 innocentia
3218 1093 3412 1148 cordis
3457 1092 3549 1148 sui
3583 1117 3609 1141 »ι
3643 1111 3789 1166 prae-

2138 1174 2327 1231 bendo
2349 1177 2435 1233 eis
2455 1179 2787 1250 exemplum
2809 1179 3177 1248 innocentiae,
3202 1206 3228 1231 ‹‹
3253 1186 3311 1237 et
3334 1182 3568 1238 deduxit
3600 1200 3703 1239 eos
3734 1183 3786 1237 in

2138 1264 2533 1323 intellectibus
2566 1284 2851 1324 manuum
2896 1287 3206 1338 suarum,»
3231 1271 3287 1326 id
3319 1274 3439 1337 est,
3469 1272 3526 1325 in
3558 1271 3789 1328 intelle-

2138 1354 2433 1413 ctualibus
2454 1358 2750 1429 Operibus,
2775 1359 2943 1415 factis
2961 1376 3095 1416 cum
3118 1361 3466 1417 discretione
3486 1366 3543 1417 et
3563 1361 3787 1418 intelle-

2137 1446 2258 1512 ctu,
2279 1442 2336 1498 in
2360 1445 2577 1517 quibus
2599 1448 2765 1503 daret
2788 1447 2920 1504 aliis
2950 1449 3282 1522 exemplum
3304 1450 3450 1506 bene
3471 1454 3529 1507 et
3548 1451 3789 1507 honeste

2139 1533 2437 1603 operandi
2476 1534 2582 1589 Per
2622 1535 2803 1591 David
2836 1537 3137 1593 Christum
3171 1538 3580 1613 intelligimus,
3612 1558 3787 1613 quem

2140 1621 2382 1677 sustulit
2407 1623 2563 1680 Deus
2588 1625 2658 1680 de
2685 1629 2815 1697 post
2837 1626 3126 1696 fcetantes,
3151 1628 3288 1699 quia
3309 1629 3636 1701 assumpsit
3654 1646 3787 1686 eum

2141 1706 2201 1761 in
2233 1708 2464 1778 coelum,
2490 1728 2623 1767 eum
2649 1713 2772 1785 ipse
2803 1713 2861 1768 in
2888 1715 2998 1770 hoc
3020 1716 3241 1772 mundo
3263 1716 3482 1773 multos
3511 1718 3790 1775 fecundos

2140 1795 2256 1851 Deo
2278 1797 2492 1855 faceret
2515 1817 2527 1854 :
2551 1801 2639 1856 vel
2664 1803 2733 1857 de
2754 1802 2997 1859 Judaico
3029 1803 3264 1876 populo,
3290 1805 3389 1861 ubi
3415 1823 3549 1861 cum
3574 1806 3788 1865 multos

364 1889 1092 1989 baturic-dprmiens‘Deus
1115 1892 1452 1989 :tanquam
1477 1889 1699 1989 ebrius,
1723 1888 1865 1944 dum
1887 1906 2028 1989 suos
2056 1924 2104 1989 B
2140 1884 2421 1989 fe‘c‘undo‘s
2448 1888 2716 1989 faciebat,
2742 1891 2984 1989 sustulit
3004 1894 3075 1948 ad
3093 1893 3374 1989 gentilem
3408 1895 3712 1989 populum,
3736 1900 3790 1952 et

364 1980 451 2038 ita
484 1977 667 2053 afﬂigi
702 1977 1084 2052 permitteret.
1111 1977 1505 2034 Continuatio.
1533 1979 1772 2050 Propter
1788 1982 2026 2050 peccata

364 2087 477 2129 sua
495 2070 579 2126 ita
601 2065 873 2142 permisit
903 2065 1084 2139 afﬂigi
1116 2084 1276 2135 suos,
1303 2090 1331 2116 ‹‹
1356 2071 1413 2123 et
1433 2090 1460 2117 υ
1488 2068 1726 2123 tandem
1748 2090 1775 2117 ‹‹
1810 2068 2023 2123 excita-

363 2164 465 2218 tus
495 2162 587 2215 est
612 2154 923 2226 Dominus,
944 2160 1228 2227 tanquam
1266 2156 1584 2224 dormiens,
1608 2160 1894 2228 tanquam
1919 2173 2025 2228 po-

361 2253 499 2306 tens
527 2244 866 2319 crapulatus
897 2260 931 2299 a
959 2243 1127 2300 vino:
1157 2266 1179 2294 ι
1209 2244 1348 2316 quia
1375 2243 1529 2300 sicut
1550 2244 1763 2317 aliquis
1794 2249 2022 2317 potens,

364 2338 419 2396 si
451 2335 703 2395 multum
736 2336 994 2407 potatus,
1024 2332 1339 2402 obdormit,
1371 2333 1680 2402 excitatus,
1702 2338 1759 2389 et
1796 2333 1868 2389 ad
1906 2333 2025 2389 ira-

362 2425 648 2487 cundiam
703 2426 924 2490 motus,
973 2421 1297 2477 maximum
1348 2423 1603 2479 furorem
1652 2426 1898 2493 exercet,
1946 2422 2027 2478 ita

362 2514 654 2575 Dominus
682 2510 853 2585 quasi
876 2525 1156 2582 magnum
1180 2510 1435 2566 furorem
1459 2512 1781 2578 exercebat,
1806 2528 1939 2567 eum
1965 2527 2027 2567 se

359 2607 440 2664 de
470 2600 781 2661 Philistaais
810 2603 933 2656 tam
964 2598 1247 2654 acerrime
1276 2599 1610 2655 vindicavit.

440 2716 469 2746 ‹‹
501 2692 574 2748 Et
601 2688 910 2763 percussit.
932 2710 960 2738 »
983 2686 1282 2744 Excitatus
1312 2691 1421 2755 est,
1446 2711 1473 2738 ‹‹
1502 2692 1559 2744 et
1591 2689 1878 2760 percussit
1912 2689 2026 2744 ini-

359 2782 556 2843 micos
586 2794 747 2848 suos,
773 2799 803 2829 ››
825 2776 1049 2834 scilicet
1073 2774 1327 2844 Azotios,
1351 2799 1377 2826 ‹‹
1407 2776 1467 2831 ἱη
1490 2776 1866 2849 posteriora,»
1891 2777 2030 2849 quia

359 2869 621 2932 immisit
647 2867 732 2925 eis
762 2882 984 2937 mures,
1012 2864 1112 2938 qui
1155 2865 1429 2921 roderent
1457 2865 1542 2921 eis
1574 2883 1760 2922 annos
1785 2882 1798 2922 :
1831 2871 1888 2921 et
1917 2866 2027 2923 hoc

363 2985 396 3016 ι(
429 2957 812 3034 opprobrium
860 2955 1025 3013 dedit
1073 2954 1159 3010 eis
1210 2955 1709 3028 sempiternum.»
1751 2956 2028 3012 Inimicos

361 3066 508 3111 suos
537 3045 791 3122 percutit
818 3045 974 3102 Deus
1025 3043 1085 3099 in
1133 3044 1475 3115 posteriora,
1501 3042 1558 3099 id
1590 3048 1697 3112 est,
1722 3044 1779 3099 in
1811 3044 1896 3100 eis
1926 3045 2026 3117 qui

362 3138 776 3210 relinquentur
794 3136 929 3207 post
956 3132 1109 3188 hanc
1130 3131 1347 3188 vitam:
1373 3132 1515 3204 quia
1535 3133 1726 3188 aufert
1742 3133 1827 3189 eis
1847 3133 2025 3189 vitam

365 3233 668 3294 cateruam,
686 3228 746 3281 et
772 3223 876 3280 dat
901 3221 988 3278 eis
1017 3220 1398 3293 opprobrium
1430 3220 2027 3294 sempiternum,quia

368 3316 771 3375 detruduntur
796 3311 858 3365 in
891 3308 1208 3364 infernum.

442 3428 473 3454 ‹‹
504 3404 577 3459 Et
605 3398 840 3472 repulit.
864 3418 893 3447 »
920 3397 1097 3468 Plaga
1125 3396 1372 3452 deeima.
1405 3396 1778 3452 Continuatio
1802 3415 1815 3453 :
1841 3398 1935 3455 Sic
1956 3416 2028 3473 se

372 3494 446 3549 de
474 3487 691 3563 populo
720 3503 828 3543 suo
849 3484 1185 3549 vindicavit,
1211 3508 1236 3533 ‹‹
1263 3489 1320 3539 et
1340 3482 1553 3555 repulit
1581 3485 2027 3542 tabernaculum

368 3577 620 3650 Joseph;
641 3580 700 3631 et
727 3573 948 3629 tribum
980 3571 1257 3644 Ephraim
1286 3594 1313 3619 ››
1336 3590 1461 3644 qua:
1487 3571 1693 3627 melior
1720 3579 1846 3629 erat
1876 3575 2029 3631 inter

368 3667 523 3726 filios
551 3663 790 3735 Joseph,
817 3684 845 3712 ‹‹
878 3677 995 3716 non
1025 3659 1201 3732 elegit
1231 3682 1258 3708 »
1282 3662 1435 3731 quod
1479 3676 1676 3732 regem
1708 3664 2024 3720 constitue-

368 3759 458 3814 ret
486 3771 622 3812 eum
652 3749 889 3825 populo.

462 3866 491 3895 ‹‹
519 3844 631 3901 Sed
666 3840 844 3914 elegit
877 3837 1098 3895 tribum
1129 3838 1285 3894 Juda
1311 3861 1337 3887 ››
1371 3844 1436 3893 ut
1474 3855 1640 3911 reges
1673 3838 1808 3895 inde
1839 3843 2026 3898 facere

368 3955 398 3984 ‹‹
433 3936 708 3990 montem
740 3930 883 3989 Sion
910 3944 1085 4001 quem
1110 3926 1330 3994 dilexit,
1360 3950 1386 3975 ››
1408 3926 1466 3982 in
1490 3945 1606 4000 quo
1637 3927 1732 3984 ille
1756 3947 1853 3986 rex
1874 3932 2023 3987 situs

358 4022 603 4080 domum
634 4020 949 4077 aedificaret
976 4033 1169 4073 suam.

429 4134 460 4162 ‹‹
482 4112 555 4167 Et
581 4108 889 4167 aedificavit
918 4105 1312 4164 sanctificium
1346 4122 1544 4173 suum,
1580 4129 1605 4154 ››
1628 4106 1683 4162 id
1718 4112 1808 4163 est
1836 4109 2023 4164 taber-

359 4199 638 4256 naculum
662 4214 861 4265 suum,
887 4219 915 4247 «
942 4196 1097 4252 sicut
1125 4194 1484 4262 unicornis,»
1510 4194 1566 4249 id
1596 4200 1703 4262 est,
1729 4202 2016 4268 potenter,

353 4289 512 4360 quod
545 4286 748 4344 nullus
788 4284 980 4358 possit
1027 4284 1113 4340 eis
1163 4282 1457 4353 resistere,
1484 4305 1511 4332 α
1540 4283 1597 4337 in
1640 4287 1814 4351 terra,
1839 4303 2017 4358 quam

355 4376 625 4434 fundavit
655 4375 716 4430 in
748 4372 964 4430 saecula
990 4389 1003 4426 :
1031 4394 1059 4420 »
1082 4371 1193 4427 hoc
1234 4382 1350 4426 non
1391 4376 1584 4443 potest
1614 4372 1725 4428 dici
1759 4375 1830 4430 ad
1864 4375 2016 4432 litte-

354 4482 504 4533 ram,
524 4464 625 4521 sed
650 4462 842 4536 magis
867 4460 1315 4533 intelligendum
1338 4463 1427 4515 est
1449 4460 1521 4514 ad
1546 4459 1907 4533 allegoriam.
1935 4465 2021 4520 Ita

353 4555 510 4611 Deus
542 4553 601 4609 in
635 4552 760 4608 haec
792 4552 912 4607 vita
952 4548 1170 4622 repulit
1208 4547 1654 4604 tabernaculum
1686 4550 1924 4623 Joseph,
1960 4553 2014 4608 id

2135 1974 2207 2028 ad
2230 1973 2339 2029 hoc
2361 1975 2536 2049 elegit
2559 1984 2623 2033 ut
2655 1984 2919 2052 pasceret
2946 1982 3146 2050 Jacob,
3171 1983 3228 2037 id
3251 1988 3358 2050 est,
3385 1983 3665 2055 gentilem
3685 2002 3789 2057 po-

2134 2062 2340 2133 pulum
2377 2068 2672 2137 postorius
2700 2072 2926 2135 natum,
2952 2074 3008 2125 et
3028 2070 3529 2143 supplantatorem
3558 2072 3787 2129 Judaici

2135 2152 2365 2223 populi:
2387 2158 2444 2208 et
2462 2155 2658 2223 Israel,
2676 2157 2733 2212 id
2752 2162 2859 2225 est,
2877 2158 3035 2226 ipsos
3051 2159 3286 2215 Judazos
3308 2164 3570 2232 pasceret
3585 2163 3786 2218 eadem

2135 2240 2430 2312 spirituali
2463 2244 2746 2311 doctrina,
2772 2262 2948 2317 quam
2982 2251 3040 2302 et
3068 2248 3318 2320 gentiles
3348 2249 3645 2321 pascebat.

2575 2333 2647 2388 IN
2690 2333 3020 2390 PSALMUS
3061 2336 3351 2393 LXXVIII.

2528 2421 2783 2478 Trruws
2831 2438 2843 2475 :
2892 2424 3146 2481 Psalmus
3194 2426 3395 2499 Asaph.

2210 2530 2237 2557 (ι
2263 2508 2434 2575 Deus,
2466 2514 2751 2565 venerunt
2782 2510 3012 2567 Gentes.
3031 2533 3060 2561 »
3084 2512 3356 2571 Psalmus
3384 2515 3496 2573 iste
3524 2517 3787 2573 convenit

2134 2596 2351 2668 Asaph,
2374 2596 2431 2652 id
2466 2602 2575 2664 est,
2595 2597 2748 2653 fideli
2782 2599 3119 2673 Synagogze,
3145 2619 3273 2674 quae
3301 2603 3397 2660 hic
3428 2603 3694 2678 loquitur
3721 2606 3787 2660 de

2134 2685 2458 2742 vastatione
2480 2686 2866 2758 Hierusalem,
2889 2704 3066 2759 quam
3087 2690 3248 2746 videt
3267 2692 3528 2748 futuram
3551 2694 3665 2749 sub
3685 2695 3786 2749 An-

2134 2775 2330 2831 tiocho
2354 2775 2584 2848 rege,in
2615 2779 2877 2849 tempore
2907 2777 3373 2835 Machabzsorum
3397 2781 3470 2852 (ΙΙ
3485 2781 3661 2838 Much.
3679 2783 3782 2853 v1):

2135 2869 2194 2921 et
2223 2864 2495 2921 similiter
2523 2864 2583 2920 in
2615 2864 2877 2921 Ecclesia
2905 2864 3118 2922 Christi
3168 2866 3448 2941 intelligit
3500 2870 3785 2943 Propheta

2136 2953 2436 3009 multoties
2467 2957 2833 3010 eventurum.
2862 2953 3103 3009 Materia
3133 2960 3223 3011 est
3251 2955 3506 3028 pepulus
3536 2957 3641 3014 ille
3672 2957 3781 3014 Dei.

2138 3043 2347 3099 Modus
2372 3060 2384 3098 :
2412 3044 2473 3099 In
2499 3042 2690 3115 prima
2710 3047 2876 3115 parte
2896 3044 3151 3099 ostendit
3176 3044 3331 3100 mala
3351 3062 3479 3117 qua:
3508 3046 3787 3102 sustinuit

2137 3133 2391 3206 populus
2421 3132 2537 3200 ille,
2570 3138 2626 3187 et
2656 3131 3040 3204 pollutionem
3072 3133 3275 3206 templi
3320 3134 3419 3191 Dei
3467 3136 3684 3192 factam
3717 3137 3783 3192 ab

2136 3222 2421 3278 Antiocho
2455 3238 2608 3295 rege.
2644 3223 2707 3276 In
2739 3222 2996 3277 secunda
3025 3224 3208 3293 parte,
3232 3239 3359 3294 quae
3388 3224 3593 3297 incipit
3616 3243 3665 3280 :«
3693 3224 3786 3281 Us-

2137 3328 2391 3383 queque,
2418 3310 2683 3377 Domine,
2705 3309 2974 3366 irasceris
2998 3309 3057 3365 in
3082 3311 3298 3366 linem?
3322 3334 3349 3360 »
3371 3316 3644 3384 precatur
3671 3313 3786 3368 vin-

2136 3399 2353 3455 dictam
2387 3400 2457 3455 de
2488 3399 2765 3466 inimicis,
2802 3403 2861 3455 et
2891 3398 3249 3470 adjutorium
3300 3400 3516 3473 populo
3564 3401 3689 3457 Dei.
3725 3402 3780 3457 In

2136 3490 2308 3544 tertia
2339 3495 2521 3560 parte,
2545 3506 2672 3560 quae
2705 3488 2943 3559 incipit:
2975 3509 3001 3538 ‹‹
3046 3487 3378 3544 Innotescat
3428 3489 3487 3545 in
3536 3488 3780 3545 nationi-

2136 3578 2267 3643 bus,
2293 3599 2320 3626 »
2348 3577 2492 3648 petit
2523 3577 2678 3648 quod
2712 3594 2814 3647 per
2835 3576 3152 3631 vindictam
3174 3580 3473 3632 convertat
3499 3577 3654 3633 Deus
3686 3576 3783 3632 ini-

2135 3664 2339 3730 micos,
2368 3669 2424 3718 et
2456 3681 2686 3735 semper
2716 3664 3032 3735 possideat,
3066 3668 3123 3719 et
3154 3664 3429 3720 defendat
3458 3664 3610 3720 ﬁlios
3640 3682 3782 3720 mor-

2132 3752 2510 3817 tifieatorum,
2544 3752 2601 3806 id
2635 3756 2743 3816 est,
2775 3752 2909 3807 illos
2940 3752 3038 3824 qui
3073 3753 3131 3807 in
3164 3753 3500 3809 defensione
3528 3753 3780 3809 veritatis

2133 3841 2443 3897 imitantur
2479 3840 2716 3896 Judreos
2760 3839 2906 3896 istos
2940 3858 2952 3894 :
2989 3840 3087 3912 qui
3122 3857 3224 3913 pro
3256 3841 3497 3898 veritate
3545 3842 3619 3897 ab
3666 3844 3779 3898 An-

2133 3930 2324 3986 tiocho
2375 3929 2828 3995 interficiuntur,
2873 3930 3026 3985 sicut
3075 3930 3414 3998 Eleazarus,
3458 3935 3515 3986 et
3562 3936 3778 4003 septem

2131 4020 2365 4085 fratres,
2389 4018 2489 4089 qui
2513 4016 2703 4089 magis
2727 4017 2873 4072 mori
2896 4016 3217 4090 elegerunt,
3236 4035 3412 4090 quam
3439 4020 3777 4075 mandatum

2130 4108 2229 4163 Dei
2262 4105 2553 4179 praeterire
2580 4107 2651 4174 (II
2671 4105 2840 4160 Much.
2864 4124 2919 4173 v,
2944 4123 3020 4166 v1.
3047 4110 3168 4175 vn).
3196 4107 3442 4162 Intentio
3464 4112 3554 4163 est
3574 4124 3681 4163 nos
3711 4106 3776 4163 ad

2129 4195 2597 4269 compassionem
2645 4195 2911 4249 invitare.
2937 4196 3005 4249 Et
3035 4194 3349 4266 deplorans
3396 4196 3773 4252 vestationcm

2129 4284 2326 4359 pepuli
2362 4283 2453 4339 sui
2487 4288 2543 4339 et
2570 4282 2758 4338 fidelis
2791 4283 3132 4355 Synagogae.

2199 4374 2293 4431 Sic
2331 4372 2539 4444 incipit
2572 4372 2652 4427 :0
2675 4371 2902 4438 «Deus,
2929 4372 3164 4440 Gentes,
3190 4394 3216 4422 ››
3242 4372 3299 4427 id
3355 4376 3462 4438 est,
3511 4372 3769 4445 gentiles,

2127 4463 2351 4519 scilicet
2370 4460 2694 4516 Antiochus
2722 4463 2778 4515 et
2797 4459 2909 4527 sui,
2935 4482 2961 4509 «
2982 4465 3269 4516 venerunt
3290 4459 3347 4515 in
3383 4460 3769 4517 hazreditatem

2126 4558 2356 4617 tuam,»
2378 4548 2621 4617 scilicet,
2654 4547 3039 4615 Hierusalem,
3069 4571 3095 4599 «
3129 4548 3462 4620 polluerunt
3491 4549 3765 4623 templum

352 4647 463 4710 est,
484 4644 899 4715 augmentatos
921 4639 976 4694 in
999 4639 1107 4694 hoc
1125 4637 1358 4703 szeeulo,
1375 4638 1529 4707 quod
1556 4655 1669 4692 non
1695 4639 1813 4694 sint
1834 4642 2020 4697 taber.
2046 4657 2095 4722 D
2131 4644 2399 4697 sanctum
2424 4642 2652 4703 tuum,»
2671 4637 2809 4709 quia
2830 4636 2889 4690 in
2912 4636 3129 4708 templo
3152 4642 3252 4692 tuo
3272 4639 3531 4693 fecerunt
3547 4635 3765 4692 adorari

349 4730 631 4788 naculum
682 4729 889 4795 Dei,et
929 4727 1150 4783 tribum
1200 4724 1500 4797 Ephraim,
1540 4725 1594 4779 id
1627 4732 1734 4795 est,
1766 4729 2009 4786 fructifi-

346 4823 551 4876 cantes
578 4817 638 4873 in
670 4817 781 4873 hoc
822 4816 1055 4873 saeculo.
1084 4819 1150 4870 Et
1179 4814 1356 4888 elegit
1383 4813 1558 4881 Juda,
1593 4814 1650 4869 id
1680 4820 1789 4883 est,
1824 4820 2009 4874 confi—

341 4911 581 4965 tentes:
615 4911 674 4962 et
724 4908 985 4961 montem
1036 4904 1197 4968 Sion,
1236 4902 1461 4957 scilicet
1509 4907 1773 4959 sanctam
1820 4906 2011 4963 Eccle-

341 4995 515 5053 siam.
538 4995 611 5050 Et
640 4993 948 5049 aedificavit
991 4989 1383 5047 sanctificium
1427 5007 1625 5057 suum,
1661 4991 1717 5046 id
1764 4998 1871 5061 est,
1898 4995 2007 5050 Ee-

339 5082 580 5141 clesiam
624 5082 1049 5145 sanctificatam
1102 5078 1213 5136 sibi
1264 5077 1435 5133 bonis
1467 5077 1726 5149 praelatis
1772 5086 1830 5136 et
1875 5083 2007 5138 aliis

338 5172 515 5230 bonis
537 5171 843 5238 membris,
868 5171 1021 5225 sicut
1045 5167 1371 5230 unicornis.
1395 5169 1461 5220 ut
1485 5183 1682 5237 supra.
1707 5167 1807 5223 Vel
1829 5171 2003 5245 sicut,

337 5260 740 5327 unicornium,
765 5259 906 5331 quia
936 5258 1018 5313 illi
1053 5257 1151 5329 qui
1187 5260 1327 5310 sunt
1359 5255 1415 5308 in
1451 5254 1729 5323 Ecclesia,
1754 5264 1895 5314 sunt
1924 5262 2001 5315 si-

337 5349 509 5406 miles
541 5347 832 5415 unicorni,
858 5346 995 5420 quia
1029 5350 1085 5401 et
1112 5345 1360 5400 viriliter
1382 5342 1667 5397 resistunt
1698 5343 2000 5420 impugna.

334 5437 565 5493 toribus
588 5439 647 5489 et
668 5435 813 5490 casti
841 5439 1015 5491 sunt:
1044 5451 1222 5507 quam
1248 5431 1567 5487 Ecclesiam
1593 5431 1859 5489 fundavit
1880 5456 2003 5509 pcr-

332 5536 683 5580 mansuram
714 5521 771 5576 in
805 5522 1036 5578 saecula.
1066 5523 1152 5577 Ita
1180 5519 1365 5576 Judaei
1404 5522 1754 5590 putaverunt
1787 5529 1999 5582 terram

330 5615 387 5665 et
416 5611 615 5681 legem
651 5624 818 5663 suam
850 5626 980 5665 esse
1013 5611 1255 5664 fundata
1285 5609 1342 5662 in
1376 5606 1609 5662 smcula.

397 5696 655 5753 Tribum
683 5693 837 5751 Juda
862 5695 1037 5765 elegit
1059 5720 1083 5743 ‹‹
1112 5702 1168 5751 et
1192 5718 1218 5743 »
1240 5696 1375 5752 inde
1398 5720 1422 5743 ‹‹
1461 5694 1636 5765 elegit
1669 5697 1847 5757 David
1884 5723 2000 5762 ser-

2130 4729 2377 4796 idolum,
2402 4731 2459 4781 et
2493 4724 2715 4797 stupris
2738 4729 2795 4780 et
2816 4725 2945 4780 aliis
2974 4726 3369 4781 immunditiis
3393 4725 3535 4781 illud
3562 4724 3767 4797 pollue-

2122 4822 2278 4885 runt,
2304 4821 2361 4871 et
2380 4840 2406 4863 ‹‹
2434 4819 2758 4888 posuerunt
2787 4813 2846 4868 in
2878 4830 3186 4885 pomorum
3210 4815 3558 4881 custodiam,
3588 4837 3613 4862 »ι
3636 4812 3764 4885 quia

2121 4908 2384 4962 fecerunt
2413 4921 2541 4959 eam
2592 4903 2905 4971 desertam,
2936 4902 3087 4957 sicut
3125 4902 3335 4958 casula:
3382 4919 3509 4974 quae
3542 4906 3677 4958 sunt
3706 4900 3757 4953 in

2117 4994 2398 5069 pomariis
2428 4991 2515 5048 vel
2545 4991 2752 5056 vineis,
2785 5007 2913 5063 qum
2962 4990 3220 5047 collectis
3261 4992 3548 5046 fructibus
3596 4990 3752 5045 dese-

2116 5089 2346 5140 runtur.

2187 5175 2255 5229 Et
2284 5189 2398 5227 non
2448 5175 2676 5226 tantum
2728 5169 2782 5222 in
2833 5168 3090 5225 viventes
3137 5169 3401 5237 saeviunt,
3435 5168 3533 5221 sed
3584 5166 3745 5221 etiam

2116 5267 2403 5329 mortuos,
2425 5265 2483 5315 et
2512 5260 2619 5314 hoc
2650 5263 2738 5314 est
2760 5282 2785 5305 ‹‹
2816 5264 3139 5329 posuerunt
3171 5258 3534 5325 morticina,»
3558 5256 3615 5311 id
3645 5260 3745 5324 est,

2113 5353 2396 5407 cadavera
2437 5347 2752 5419 insepulta,
2777 5370 2804 5394 ‹‹
2840 5364 3140 5403 servorum
3182 5352 3443 5411 tuorum,
3475 5363 3635 5401 escas
3663 5363 3745 5398 vo-

2114 5440 2376 5498 latilibus
2406 5437 2693 5501 cwli,»ct
2739 5453 2852 5490 non
2904 5441 3132 5491 tantum
3188 5436 3412 5503 avibus,
3433 5435 3532 5491 sed
3583 5433 3745 5489 etiam

2118 5556 2138 5581 α
2177 5529 2381 5585 hostiis
2415 5532 2578 5582 terra:
2603 5547 2628 5573 ››
2655 5524 2876 5579 scilicet
2898 5524 3051 5595 lupis
3080 5530 3135 5580 et
3167 5525 3411 5581 canibus
3440 5522 3745 5595 posuerunt

2111 5638 2275 5675 escas
2307 5642 2329 5661 ‹‹
2368 5632 2573 5671 carnes
2614 5637 2640 5659 ιι
2678 5630 2793 5666 non
2841 5618 3070 5667 tantum
3123 5616 3250 5669 dico
3307 5630 3619 5679 servorum,
3652 5607 3736 5663 sed

2110 5710 2285 5764 etiam
2321 5729 2345 5755 ‹‹
2381 5708 2717 5761 sanctorum
2753 5706 3008 5758 tuorum.
3038 5724 3063 5747 ››
3744 5704 3747 5707 ·
