3936 6368
157 401 276 464 4⁸73

158 626 266 684 lies
298 625 550 682 filiorum
579 625 834 682 extendit
857 651 883 676 ‹‹
909 643 1098 698 usque
1119 627 1190 682 ad
1222 628 1439 682 flumen
1468 649 1494 675 »
1515 626 1808 683 Jordanis.

231 740 257 765 ‹‹
294 715 366 771 Ut
396 715 560 787 quid,
594 737 620 762 ››
651 714 1130 788 quandoquidem
1178 720 1266 771 tot
1316 715 1596 772 beneficia
1626 714 1810 770 fecisti

159 805 243 860 illi
275 803 490 877 populo
514 827 543 854 «
577 807 642 858 ut
671 803 812 876 quid
845 804 1184 860 destruxisti
1231 803 1545 860 maceriam
1595 803 1811 875 ejus?»

162 894 218 950 id
263 897 372 961 est,
406 892 806 949 defensionem
855 894 983 964 ejus
1018 909 1082 948 :«
1116 898 1173 949 et
1203 916 1230 943 ››
1267 898 1330 948 ut
1381 893 1523 966 quid
1553 917 1580 942 «
1613 892 1812 948 vinde-

161 982 368 1050 miant,
395 1004 422 1030 ι)
447 981 502 1035 id
537 985 644 1049 est,
679 981 1045 1048 conculcant,
1072 1006 1098 1032 «
1134 999 1262 1038 eam
1297 999 1503 1038 omnes
1532 981 1631 1053 qui
1665 999 1813 1054 pra:-

158 1070 597 1144 tergrediuntur
623 1069 799 1139 viam,
820 1092 846 1119 »
871 1071 928 1125 id
959 1076 1066 1139 est,
1101 1075 1388 1144 praecepta
1431 1055 1694 1138 Domini;
1726 1069 1815 1125 vel

161 1160 429 1232 gentiles,
454 1161 554 1232 qui
586 1159 776 1233 legem
807 1177 922 1216 non
955 1159 1193 1216 habent.

229 1252 380 1306 Bene
439 1249 590 1315 dico,
637 1249 793 1322 quod
853 1250 1394 1323 praetergredientes
1451 1247 1812 1315 conculcent,

161 1340 302 1413 quia
325 1363 352 1389 «
381 1354 543 1412 aper,
567 1361 593 1388 »
619 1338 677 1393 id
708 1337 1254 1410 est,Vespasianus,
1278 1338 1624 1393 immundus
1646 1337 1816 1410 quasi

159 1429 398 1495 veniens
434 1429 507 1483 de
533 1449 561 1478 ‹‹
583 1427 749 1495 silva,
774 1450 801 1476 υ
823 1426 880 1482 id
914 1431 1022 1494 est,
1047 1429 1118 1483 de
1148 1427 1370 1483 inculta
1398 1431 1574 1494 terra,
1599 1426 1820 1483 scilicet

163 1519 234 1574 de
279 1517 625 1592 gentilitate,
651 1540 679 1567 ‹‹
713 1516 1124 1572 exterminavit
1170 1533 1375 1582 eam,»
1408 1517 1467 1572 id
1517 1520 1624 1584 est,
1659 1519 1820 1572 extra

161 1608 445 1664 terminos
475 1611 642 1662 terrm
673 1623 792 1664 suae
832 1606 1086 1678 captavit
1114 1622 1266 1677 eam,
1291 1629 1320 1656 «
1354 1609 1412 1662 et
1441 1604 1818 1678 singularis,»

163 1696 220 1752 id
252 1701 360 1766 est,
389 1697 578 1767 Titus,
604 1695 814 1751 «ferus
847 1717 876 1744 »
900 1699 959 1751 et
1007 1695 1320 1768 superbus,
1349 1716 1377 1746 «
1408 1695 1687 1768 depastus
1731 1697 1821 1749 est

161 1802 314 1856 eam,
342 1809 370 1836 »
402 1785 460 1841 id
500 1789 608 1856 est,
641 1802 883 1858 prorsus
923 1784 1268 1854 dexstruxit,
1298 1783 1437 1856 quia
1467 1801 1616 1858 quos
1654 1787 1820 1856 pater

164 1893 310 1932 suus
327 1874 728 1948 Vespasianus
749 1873 914 1948 prius
931 1873 1250 1945 attriverat,
1267 1874 1377 1931 iste
1399 1873 1666 1930 funditus
1686 1890 1818 1929 con-

163 1964 460 2038 sumpsit:
487 1963 588 2037 qui
619 1963 750 2020 ideo
779 1962 1091 2036 singulari,
1112 1962 1172 2018 id
1203 1967 1313 2031 est,
1337 1979 1498 2036 apro,
1522 1979 1819 2034 compara-

163 2057 281 2122 tur,
307 2053 446 2127 quia
476 2053 635 2110 ferus
662 2057 754 2109 est
784 2052 937 2109 sicut
967 2068 1126 2125 aper.
1156 2053 1262 2108 Per
1282 2052 1511 2108 vineam
1542 2051 1819 2107 eductam

165 2144 237 2199 de
267 2145 531 2216 Egypto,
553 2140 875 2198 Ecclesiam
905 2140 1310 2214 intelligimus,
1331 2141 1601 2197 eductam
1633 2139 1706 2195 de
1733 2143 1818 2196 te-

167 2233 367 2288 nebris
391 2231 571 2303 hujus
592 2230 822 2300 mundi,
842 2230 1012 2301 cujus
1032 2228 1260 2286 itineris
1279 2231 1398 2286 dux
1419 2232 1508 2286 est
1528 2227 1820 2295 Christus,

165 2321 266 2393 qui
303 2320 640 2394 propositus
669 2323 761 2376 est
801 2319 993 2388 nobis,
1025 2323 1092 2376 ut
1131 2319 1259 2391 ejus
1289 2318 1468 2374 vitam
1496 2317 1818 2373 imitemur.

164 2412 237 2467 Et
287 2411 515 2466 radices
562 2407 852 2476 Ecclesia,
886 2408 944 2463 id
975 2410 1084 2476 est,
1119 2412 1355 2464 sanctos
1402 2407 1687 2473 doctores,
1721 2421 1824 2477 per

166 2517 319 2572 quos
337 2501 708 2556 sustentatur
725 2496 1004 2565 Ecclesia,
1031 2496 1309 2568 plantasti
1334 2497 1433 2564 ita,
1447 2496 1603 2568 quod
1627 2493 1822 2566 aliquo

162 2593 338 2646 vento
361 2586 576 2643 diaboli
598 2604 714 2642 non
741 2589 991 2659 possunt
1009 2585 1321 2642 dimoveri:
1342 2589 1402 2641 et
1422 2585 1548 2656 ipsa
1567 2581 1825 2640 Ecclesia

167 2676 438 2752 imp‘levit
468 2681 706 2745 terram,
733 2675 872 2748 quia
902 2692 1005 2746 per
1050 2677 1238 2730 totum
1288 2673 1579 2729 mundum
1610 2671 1825 2728 diffusa

165 2772 258 2824 est
293 2783 306 2822 :
340 2769 398 2823 et
426 2765 639 2822 umbra
665 2765 817 2837 ejus,
840 2763 899 2818 id
939 2767 1030 2818 est
1067 2761 1398 2819 sollicitudo
1429 2765 1485 2818 et
1510 2777 1651 2817 cura
1670 2760 1820 2832 ejus,

169 2855 404 2928 operuit
434 2852 750 2920 montes,id
782 2855 892 2918 est,
925 2851 1232 2924 Apostolos
1263 2849 1528 2923 impedit,
1552 2851 1693 2905 dum
1725 2865 1825 2904 eos

167 2963 202 3001 a
234 2941 726 3015 contemplatione
767 2957 875 2996 sua
921 2943 1167 3007 revocat,
1201 2943 1260 2994 et
1306 2938 1548 2994 arbusta
1577 2939 1727 3008 ejus,
1760 2940 1828 2993 ut

164 3050 368 3106 supra.
390 3030 493 3087 Vel
539 3029 771 3097 umbra,
803 3028 863 3084 id
915 3032 1024 3094 est,
1060 3028 1340 3100 protectio
1387 3026 1657 3083 Ecclesia:
1688 3042 1824 3097 ope-

165 3122 288 3177 ruit
318 3122 569 3190 montes,
585 3116 726 3190 quia
751 3115 953 3172 nullus
983 3121 1075 3173 est
1115 3120 1236 3172 tam
1268 3115 1422 3171 altus
1459 3115 1520 3169 in
1568 3113 1827 3170 Ecclesia

166 3209 312 3281 quin
346 3207 457 3264 sub
506 3204 864 3279 protectione
914 3203 1182 3260 Ecclesia:
1239 3204 1340 3260 Dei
1389 3206 1729 3276 protegatur
1768 3205 1826 3258 et

1337 404 1587 466 EXPLA
1597 403 1836 465 NA'I'IO
1879 403 1958 463 IN
2000 403 2387 468 PSALMOS.

159 535 400 610 pagines
431 535 580 608 ejus,
606 557 634 588 »
659 534 718 592 id
755 539 861 602 est,
898 535 1265 594 extensiones
1305 539 1454 610 ejus,
1488 537 1711 594 scilicet
1742 537 1813 592 fl-
1842 533 1900 602 Α

3457 415 3573 476 4⁵14

2000 560 2030 588 ‹‹
2057 539 2129 594 Et
2175 539 2386 611 perfice
2439 557 2568 598 eam
2603 564 2624 594 ι
2659 541 2911 612 vineam,
2962 543 3020 599 id
3078 549 3187 614 est,
3231 546 3573 613 Ecclesiam,

1925 649 1952 678 «
1985 644 2161 700 quam
2195 628 2475 702 plantavit
2504 631 2739 686 dextera
2769 635 2941 700 tua,»
2967 633 3024 688 id
3057 637 3165 701 est,
3200 635 3381 692 Filius
3411 640 3573 709 tuus,

1923 739 1951 766 «
1984 721 2042 771 et
2067 739 2094 766 »
2131 718 2341 790 perfice
2363 742 2390 767 ‹‹
2416 737 2592 791 super
2623 719 2809 776 filium
2836 743 2863 770 ››
2886 725 2950 777 ut
2982 721 3125 794 ipse,
3153 722 3310 778 filius
3342 725 3420 780 sit
3449 727 3578 782 fun-

1923 805 2264 861 damentum
2297 807 2585 875 Ecclesize,
2615 830 2642 858 ‹‹
2677 826 2852 881 quem
2893 811 3253 867 confirmasti
3286 811 3392 866 tibi
3423 835 3452 864 »
3487 814 3572 869 di-

1923 895 2104 948 cendo
2140 912 2153 950 ε
2190 895 2292 950 ilic
2326 900 2415 951 est
2464 895 2641 952 Filius
2675 913 2842 954 meus
2873 897 3142 971 dilectus,
3169 899 3232 954 in
3281 917 3396 972 quo
3429 902 3574 958 mihi

1923 983 2069 1038 bene
2096 983 2422 1056 complacui
2453 985 2658 1053 (Matth.
2685 1003 2770 1053 ιιι,
2800 1003 2946 1056 xvn;
2978 987 3141 1043 Marc.
3175 987 3238 1058 ι).

1999 1071 2132 1126 Dico
2162 1072 2396 1144 perfice,
2427 1090 2530 1129 nec
2562 1073 2786 1145 dubito,
2807 1073 2946 1147 quia
2973 1094 2996 1124 α
3028 1074 3349 1147 peribunt»
3383 1076 3443 1132 in
3475 1076 3577 1132 illa

1924 1159 2202 1228 Ecclesia,
2231 1182 2258 1209 ‹‹
2289 1161 2362 1216 ab
2405 1161 2797 1234 increpatione
2827 1163 3024 1220 vultus
3053 1164 3196 1232 tui,»
3222 1165 3279 1220 id
3312 1169 3419 1234 est,
3447 1165 3574 1221 Filii

1928 1249 2063 1303 «tui
2091 1271 2116 1297 »
2152 1248 2251 1321 qui
2283 1249 2497 1305 dicitur
2525 1250 2723 1306 vultus
2754 1256 2812 1306 et
2841 1251 3034 1325 imago
3063 1256 3175 1308 tum
3207 1255 3573 1320 substantiae,

1925 1337 2025 1408 qui
2048 1355 2150 1410 per
2170 1355 2231 1392 se
2251 1342 2307 1393 et
2328 1356 2431 1410 per
2451 1356 2610 1407 suos,
2636 1339 2905 1397 homines
2925 1341 3189 1414 increpat
3209 1344 3280 1398 de
3301 1347 3534 1415 peccato
3557 1361 3570 1400 :

1926 1424 2200 1497 peribunt
2232 1425 2360 1481 dico
2382 1450 2408 1476 «
2443 1426 2682 1483 incensa
2719 1427 2862 1502 igni,
2887 1451 2914 1479 »
2949 1429 3007 1484 id
3039 1434 3148 1499 est,
3191 1435 3427 1502 peccata
3453 1430 3573 1503 igni

1926 1514 2363 1587 comparabilia,
2378 1515 2557 1572 veluti
2579 1517 2780 1585 libido,
2805 1521 2862 1573 et
2881 1517 3120 1590 similia,
3135 1543 3162 1569 ‹‹
3187 1523 3246 1574 et
3265 1521 3576 1586 suffossa,»

1924 1601 1984 1658 id
2016 1606 2123 1670 est,
2157 1608 2392 1676 peccato
2423 1604 2622 1662 dolose
2647 1607 2801 1662 facta
2827 1624 2840 1664 :
2871 1611 2930 1662 et
2959 1625 3062 1680 per
3089 1608 3210 1664 haac
3241 1608 3579 1665 duo'innui-

1925 1694 2026 1747 tur
2053 1691 2373 1748 destructio
2404 1693 2669 1750 omnium
2703 1698 3097 1768 peccatorum.

1996 1781 2067 1835 Et
2098 1784 2163 1836 ut
2199 1780 2322 1836 haec
2372 1781 2630 1838 Ecclesia
2688 1782 2772 1839 ita
2827 1783 3189 1856 perficiatur,
3212 1808 3241 1835 «
3292 1785 3395 1841 fiat
3451 1783 3586 1844 ma?

1927 1885 2040 1924 nus
2096 1873 2199 1924 tua
2227 1891 2254 1920 »
2289 1869 2348 1925 id
2406 1874 2497 1926 est
2553 1871 2810 1944 operatio
2871 1877 2992 1938 tua,
3031 1895 3052 1922 ιι
3087 1890 3265 1946 super
3319 1873 3510 1930 virum
3547 1897 3571 1925 ι

1927 1957 1986 2012 id
2043 1962 2155 2026 est,
2185 1957 2506 2028 Christum,
2540 1980 2568 2009 ‹‹
2607 1961 2851 2017 dextera)
2909 1964 3023 2018 tua:
3055 1983 3083 2012 »
3114 1962 3173 2018 id
3224 1967 3334 2030 est,
3385 1964 3576 2021 Verbo

1926 2049 2028 2101 tuo
2072 2045 2307 2102 unitum
2340 2064 2354 2102 :
2383 2068 2410 2097 «
2440 2050 2498 2103 et
2550 2065 2728 2121 super
2784 2047 2973 2107 filium
3005 2071 3033 2101 »
3067 2068 3184 2106 non
3243 2036 3574 2121 hominum,

1927 2136 2030 2190 sed
2063 2158 2092 2185 «
2125 2135 2402 2202 hominis,
2431 2159 2452 2185 ιι
2508 2136 2566 2191 id
2623 2141 2713 2193 est
2757 2137 3022 2213 virginis,
3053 2162 3082 2190 α
3133 2155 3309 2212 quem
3366 2125 3583 2197 confir?

1930 2223 2105 2280 masti
2137 2224 2264 2280 tibi.
2289 2247 2316 2276 »
2353 2225 2454 2281 llic
2483 2224 2678 2282 innuit
2708 2226 3008 2283 Christum
3047 2227 3233 2284 Deum
3281 2232 3339 2285 et
3387 2229 3584 2286 homi-.

1930 2330 2086 2381 nem,
2119 2313 2241 2386 qui,
2275 2331 2380 2386 per
2425 2315 2822 2389 operationem
2866 2316 2990 2385 Dei,
3024 2316 3344 2376 Ecclesiam
3394 2319 3582 2392 possit

1931 2403 2227 2473 perficere.

2004 2513 2032 2540 «
2056 2492 2144 2558 Et,
2168 2513 2197 2543 ν»
2222 2491 2272 2546 si
2292 2491 2402 2548 hoc
2425 2493 2544 2562 fiat,
2563 2511 2728 2558 «non
2751 2493 3112 2553 discedimus
3134 2500 3268 2566 ate,
3293 2498 3393 2571 qui
3416 2497 3582 2572 prius

1933 2577 2334 2650 discessimus,
2359 2583 2594 2652 quando
2625 2586 2834 2655 praeter
2862 2587 2918 2639 te
2949 2584 3106 2641 aliud
3128 2587 3535 2658 quaerebamus
3562 2604 3577 2644 :

1933 2671 1992 2721 et
2012 2672 2096 2734 tu,
2119 2668 2417 2738 Domine,«
2441 2670 2761 2728 vivificabis
2791 2689 2898 2728 nos
2927 2695 2954 2722 »
2975 2691 3112 2730 vera
3129 2674 3249 2731 vita
3268 2693 3395 2748 quas
3426 2677 3583 2735 Deus

1932 2759 2022 2810 est
2057 2772 2069 2809 :
2097 2778 2123 2806 ‹‹
2157 2762 2214 2812 et
2242 2780 2270 2808 »
2300 2759 2509 2814 deinde
2543 2781 2572 2811 «
2602 2759 3004 2819 invocabimus
3035 2779 3250 2819 nomen
3278 2767 3470 2821 tuum.
3495 2787 3526 2816 η

2004 2845 2076 2899 Et
2104 2850 2168 2900 ut
2198 2863 2232 2900 a
2263 2850 2319 2902 te
2349 2865 2465 2902 non
2507 2848 2906 2920 discedamus,
2932 2871 2961 2901 ι(
2991 2851 3237 2913 Domine
3283 2853 3438 2910 Deus
3464 2852 3580 2910 vir-

1934 2935 2152 3002 tutum,
2184 2939 2451 2991 converte
2503 2953 2629 3005 nos,
2657 2941 2714 2992 et
2759 2939 3000 2994 ostende
3051 2939 3257 2994 faciem
3307 2944 3492 3010 tuam,
3522 2945 3583 2998 et

1933 3020 2075 3076 salvi
2103 3020 2344 3089 erimus,
2363 3045 2390 3072 »
2417 3027 2481 3079 ut
2511 3041 2710 3097 supra.
2744 3026 2816 3082 Et
2844 3025 2937 3082 hic
2980 3043 3184 3083 versus
3214 3029 3387 3084 toties
3417 3045 3578 3102 repe-

1932 3108 2077 3164 titur
2105 3111 2245 3182 quia
2273 3129 2509 3168 summa
2536 3114 2792 3170 materias
2823 3116 3035 3188 pendet
3061 3115 3123 3171 in
3151 3133 3238 3173 eo.

2406 3219 2478 3275 IN
2520 3220 2868 3278 PSALMUM
2909 3223 3116 3280 LXXX.

168 3270 426 3354 unione:
461 3295 602 3367 quia
631 3295 678 3350 si
712 3298 1016 3366 separetur
1045 3294 1114 3349 de
1145 3293 1362 3350 unione
1391 3291 1661 3349 Ecclesia:
1693 3291 1816 3362 Dei,

169 3387 243 3434 ab
273 3384 434 3434 nmni
469 3382 779 3434 altitudine
809 3382 1057 3434 decidet.

2005 3307 2280 3362 Trruws.
2307 3289 2586 3434 'Infnem,
2614 3326 2715 3392 pro
2744 3311 3122 3397 torcularibus.
3132 3314 3377 3386 psalmus
3403 3316 3514 3389 ipsi

2415 3381 2572 3434 sanh.
2604 3398 2666 3434 ιη
2694 3391 2886 3434 aumta
2909 3383 3141 3434 sabbaa-

2415 3397 2441 3434 S

169 3387 243 3442 ab
273 3384 435 3442 omni
469 3382 779 3439 altitudine
809 3382 1057 3437 decidet.

242 3458 528 3532 Similiter
557 3471 801 3527 arbusta
821 3471 949 3541 eius
970 3471 1175 3525 cedros
1204 3469 1304 3525 Dei
1338 3473 1396 3524 et
1423 3468 1525 3525 illa
1551 3468 1740 3534 vinea,
1766 3467 1822 3522 id

167 3567 258 3618 est
304 3560 584 3627 Ecclesia,
616 3557 878 3614 extendit
916 3557 1208 3630 palmites,
1243 3558 1298 3612 id
1340 3562 1451 3628 est,
1485 3555 1824 3628 praadicato-

168 3668 261 3707 res
292 3667 454 3717 suos,
487 3665 676 3720 usque
705 3649 775 3703 ad
817 3664 979 3702 mare
1009 3646 1300 3702 Orientale
1335 3651 1392 3702 et
1412 3645 1782 3701 Occidentale
1807 3662 1820 3700 :

166 3743 222 3795 et
251 3737 624 3812 propagines,
655 3736 713 3792 id
746 3741 853 3804 est,
884 3735 1036 3791 filios
1083 3752 1223 3791 suos
1272 3735 1488 3808 quibus
1520 3733 1821 3802 dilatatur,

164 3826 429 3885 extendit
458 3843 646 3898 usque
691 3825 763 3881 ad
812 3826 1030 3880 ﬂumen
1080 3824 1374 3893 Jordanis,
1411 3842 1513 3897 per
1560 3824 1821 3878 medium

165 3916 394 3983 mundi,
413 3931 596 3987 usque
615 3914 687 3969 ad
705 3911 1066 3984 baptismum
1085 3912 1384 3983 pervenire
1404 3912 1556 3968 fecit.
1578 3912 1822 3968 Flumen

164 4003 292 4061 ideo
314 4002 500 4077 ponit,
521 4001 662 4075 quia
683 4001 816 4056 inde
835 3999 1009 4072 cmpit
1036 4001 1388 4074 baptismus,
1411 4018 1514 4074 per
1541 4002 1698 4072 quod
1721 4017 1824 4072 per

161 4095 352 4148 totum
375 4091 667 4148 mundum
687 4088 950 4145 Ecclesia
971 4087 1270 4158 dilatatur,
1291 4094 1348 4144 et
1367 4089 1529 4145 illius
1550 4089 1821 4145 Ecclesiae

162 4180 474 4236 materiam
508 4177 762 4234 destruit
791 4178 969 4246 Deus,
995 4179 1230 4249 quando
1255 4177 1542 4250 permittit
1561 4194 1701 4234 suos
1725 4177 1822 4232 tri-

163 4269 376 4338 bulari,
399 4267 488 4323 vel
528 4267 588 4321 in
618 4269 857 4338 peccata
886 4265 1146 4338 demergi
1179 4281 1193 4320 :
1226 4269 1284 4322 et
1330 4265 1430 4338 qui
1482 4269 1820 4338 praetergre-

165 4357 410 4414 diuntur
435 4357 616 4423 viam,
637 4355 696 4410 id
721 4358 828 4422 est,
852 4355 1134 4410 mandata
1163 4353 1290 4424 Dei,
1311 4354 1399 4410 vel
1431 4354 1626 4426 ipsum
1650 4354 1820 4409 Chri-

165 4448 465 4518 stum,‘;per
483 4460 659 4517 quem
681 4443 898 4499 debent
914 4441 1110 4498 venire
1131 4443 1203 4498 ad
1227 4443 1405 4499 Deam
1425 4460 1438 4499 :
1457 4442 1822 4500 vindemiant

166 4550 316 4602 eam,
342 4534 401 4589 id
422 4537 531 4602 est,
557 4531 905 4589 conculcant
933 4536 990 4587 et
1020 4531 1292 4604 affligunt
1321 4548 1472 4586 eam.
1494 4533 1648 4604 Aper
1677 4531 1819 4587 dici-

2444 3381 2572 3451 aph,
2604 3381 2666 3435 in
2694 3383 2886 3452 quinta
2909 3381 3141 3441 sabbati.

2008 3487 2036 3514 «
2056 3465 2357 3522 Exsultate
2380 3468 2516 3524 Deo.
2540 3489 2568 3518 »
2596 3469 2865 3533 Psalmus
2895 3471 3007 3527 iste
3035 3473 3230 3545 Asaph
3252 3477 3360 3541 est,
3382 3474 3442 3531 id
3473 3479 3581 3546 est,

1934 3552 2124 3608 fidelis
2158 3556 2497 3627 Synagogaa,
2525 3575 2653 3629 quae
2684 3557 2948 3630 loquitur
2974 3560 3069 3616 hic
3101 3577 3114 3616 :
3149 3579 3253 3634 pro
3279 3563 3584 3620 torculari-

1932 3641 2040 3697 bas
2069 3643 2328 3712 habitus,
2365 3644 2420 3699 id
2451 3649 2542 3700 est
2589 3663 2692 3718 pro
2743 3647 3001 3704 Ecclesia
3037 3667 3165 3722 quis
3195 3652 3586 3710 torcularibus

1932 3738 2330 3803 comparatur,
2355 3733 2492 3806 quia
2521 3735 2674 3790 sicut
2705 3735 2762 3790 in
2794 3737 3071 3794 torculari
3103 3739 3305 3796 vinum
3337 3741 3588 3798 habetur

1933 3823 2090 3892 quod
2123 3828 2470 3890 reservatur,
2504 3827 2562 3878 et
2613 3824 2850 3879 acinum
2901 3827 3056 3897 quod
3104 3826 3354 3898 ejicitur,
3387 3829 3470 3885 ita
3524 3831 3583 3888 in

1931 3909 2191 3966 Ecclesia
2219 3911 2460 3982 quidam
2493 3913 2564 3966 ad
2610 3912 3034 3969 beatitudinem
3071 3919 3429 3982 assumatur,
3456 3915 3585 3988 qui-

1932 3999 2068 4053 dam
2102 3998 2466 4070 rejiciuntur.
2492 3999 2910 4056 Torcularibus
2949 4001 3079 4057 dico
3123 4002 3492 4074 significatis,
3523 4004 3584 4062 in

1931 4087 2141 4158 quinta
2181 4087 2432 4156 sabbati,
2469 4087 2527 4142 id
2575 4091 2686 4153 est,
2715 4105 2818 4161 per
2845 4105 3022 4162 cpera
3070 4091 3224 4146 facta
3266 4091 3324 4146 in
3377 4092 3587 4165 quinta

1930 4174 2181 4229 sabbati.
2206 4175 2270 4230 In
2302 4193 2370 4231 ea
2398 4175 2556 4230 enim
2587 4175 2700 4245 die,
2724 4178 2996 4250 produxit
3027 4177 3086 4233 in
3119 4179 3378 4236 animam
3399 4180 3586 4238 viven-

1929 4266 2047 4318 tem
2079 4263 2269 4334 pisces
2318 4268 2377 4320 et
2423 4281 2559 4320 aves
2614 4281 2684 4320 ex
2740 4266 2910 4337 aquis
2944 4283 2957 4323 :
2991 4267 3133 4340 quia
3189 4285 3394 4326 omnes
3451 4287 3586 4326 aves

1928 4367 1998 4406 ex
2055 4352 2225 4424 aquis
2283 4352 2417 4407 fecit
2477 4369 2490 4408 :
2555 4355 2712 4409 unde
2771 4359 2830 4410 et
2898 4356 3204 4413 monachis
3259 4362 3399 4415 sunt
3455 4376 3586 4431 per-

1929 4440 2144 4496 missa).
2206 4442 2313 4498 Per
2378 4459 2511 4498 aves
2585 4459 2714 4514 quas
2791 4444 3173 4501 sublevantur
3240 4447 3300 4503 in
3375 4447 3582 4520 altum,

1929 4530 2066 4586 boni
2101 4531 2170 4586 de
2200 4530 2458 4586 Ecclesia
2489 4530 2903 4604 intelliguntur
2936 4548 2949 4586 :
2983 4534 3144 4605 quia,
3170 4534 3387 4592 relictis
3417 4553 3585 4593 mun-

165 4626 262 4678 tur
290 4623 461 4696 quasi
509 4639 702 4694 asper,
733 4621 791 4676 id
823 4625 932 4689 est,
966 4620 1257 4686 diabolus,
1280 4620 1518 4677 veniens
1549 4621 1620 4676 de
1651 4621 1816 4688 silva,
1851 4636 1900 4702 Ι)
1931 4619 2124 4687 danis,
2159 4620 2231 4674 ad
2263 4619 2520 4675 cwlestia
2551 4621 2824 4675 tendunt.
2859 4621 2966 4676 Per
3002 4621 3191 4694 pisces
3222 4641 3349 4696 quae
3376 4625 3435 4680 in
3466 4624 3583 4681 imo

165 4709 222 4766 id
253 4716 366 4777 est,
391 4713 462 4767 de
510 4710 879 4767 silvestribus
925 4709 1286 4778 hominibus,
1312 4709 1412 4782 qui
1445 4708 1668 4765 cultum
1718 4709 1820 4764 Dei

165 4799 458 4871 ignorant,
481 4799 832 4854 exterminat
859 4798 1200 4865 Ecclesiam,
1225 4799 1368 4853 dum
1401 4799 1667 4854 membra
1693 4799 1822 4869 ejus

167 4887 384 4944 alienat
421 4889 495 4944 ab
531 4905 600 4944 ea
633 4905 644 4943 :
678 4891 737 4943 et
779 4887 906 4960 ipse
955 4888 1112 4942 idem
1164 4886 1432 4942 diabolus
1482 4886 1821 4958 singularis,

167 4977 344 5048 ferus,
373 4979 654 5051 depastus
685 4981 776 5032 est
796 4993 926 5031 eam
958 4975 1301 5042 Ecclesiam,
1329 4976 1469 5048 quia
1490 4980 1672 5031 totam
1707 4977 1824 5032 fere

169 5071 474 5133 consumet
504 5083 634 5122 eam
664 5065 725 5121 in
756 5069 1018 5138 tempore
1045 5064 1409 5121 Antichristi.

242 5175 271 5205 «
302 5154 478 5212 Deus.
506 5177 534 5204 »
561 5154 702 5211 Pars
731 5153 924 5210 tertia.
959 5155 1090 5210 Haec
1138 5153 1294 5209 mala
1340 5153 1617 5210 eveniunt
1643 5153 1823 5210 vineae

169 5244 302 5310 tum,
327 5244 427 5300 sed
451 5261 495 5299 te
519 5267 546 5293 ‹‹
571 5243 727 5298 Deus
747 5242 1055 5308 virtutum,
1077 5247 1460 5313 convertere,»
1488 5243 1559 5298 ab
1590 5242 1676 5298 ira
1698 5247 1822 5308 tua,

171 5331 323 5404 quod
337 5332 476 5402 .jam
506 5348 624 5386 non
654 5330 800 5387 velis
828 5329 1044 5387 inferre
1081 5331 1131 5387 ei
1173 5330 1330 5386 mala
1350 5354 1378 5381 «
1413 5336 1472 5388 et
1502 5332 1723 5404 respice
1753 5331 1822 5387 de

171 5417 332 5488 ccelo,
356 5443 384 5471 »
410 5419 469 5474 id
500 5422 592 5476 est
619 5419 692 5476 de
729 5419 1100 5478 humanitate
1132 5418 1369 5488 Christi,
1397 5442 1426 5470 ‹‹
1451 5425 1507 5476 et
1535 5420 1686 5488 vide,
1709 5443 1736 5471 ››
1763 5421 1820 5475 id

169 5510 275 5575 est,
303 5508 389 5563 fac
420 5509 624 5577 videri,
648 5510 803 5581 quod
836 5513 900 5564 tu
935 5508 1144 5581 diligas
1187 5526 1314 5564 eam
1347 5509 1696 5564 conferendo
1728 5509 1824 5564 bo-

169 5609 243 5649 na
267 5611 315 5649 ;‹‹
338 5597 410 5652 Et
437 5596 610 5653 visita
651 5596 882 5654 vineam
929 5597 1155 5654 istam»
1185 5598 1446 5654 sanando
1491 5614 1616 5653 eam
1652 5598 1820 5671 quasi

169 5678 350 5738 infirn
367 5701 485 5740 am.

1931 4713 2238 4764 remanent
2284 4713 2343 4764 et
2400 4726 2632 4781 semper
2689 4713 2830 4766 sunt
2887 4710 3140 4780 solliciti,
3173 4712 3586 4788 intelliguntur

1931 4796 2012 4851 illi
2045 4797 2146 4868 qui
2191 4797 2440 4853 terrenis
2497 4797 2804 4867 insistunt,
2839 4803 2897 4854 et
2927 4816 3159 4872 semper
3213 4801 3273 4858 in
3321 4803 3583 4874 appetitu

1932 4885 2139 4940 mundi
2171 4890 2311 4941 sunt
2347 4885 2578 4942 solliciti
2615 4903 2628 4940 :
2663 4885 2929 4959 qsalmus
2973 4889 3101 4945 dico
3133 4890 3393 4963 dirigens
3425 4892 3483 4947 in
3516 4892 3583 4947 fi-

1932 4991 2088 5030 nem.
2125 4975 2369 5030 Materia
2397 4979 2486 5030 est
2529 4975 2805 5046 Ecclesia,
2839 4976 3062 5033 scilicet
3109 4979 3448 5053 quicunque
3495 4997 3583 5037 re-

1932 5063 2054 5120 nati
2087 5068 2226 5119 sunt
2255 5063 2424 5136 aquis
2452 5065 2844 5137 baptismatis.
2869 5066 3098 5128 Modus.
3123 5067 3185 5122 In
3209 5067 3399 5140 prima
3422 5074 3585 5142 parte

1930 5153 2150 5226 Asaph,
2185 5154 2240 5207 id
2272 5157 2378 5221 est,
2417 5153 2723 5226 Propheta,
2753 5154 2840 5209 vel
2883 5155 3036 5210 alius
3077 5156 3270 5212 ﬁdelis
3301 5158 3371 5214 de
3400 5143 3584 5231 gyna-

1931 5260 2102 5316 goga,
2126 5244 2403 5298 admonet
2423 5243 2710 5316 perfectos
2732 5243 2802 5298 de
2824 5243 3100 5313 Ecclesia,
3117 5245 3337 5301 scilicet
3359 5247 3458 5318 qui
3481 5265 3586 5319 per

1933 5350 2065 5388 aves
2095 5331 2532 5404 intelliguntur,
2565 5331 2855 5388 exsultare
2884 5332 2946 5387 in
2980 5333 3226 5389 Domino
3257 5339 3315 5390 et
3344 5335 3584 5392 laudare

1931 5437 2088 5476 eum.
2124 5421 2189 5476 In
2247 5421 2524 5487 secunda,
2577 5438 2706 5492 qua:
2754 5420 2960 5492 incipit
2990 5438 3003 5476 :
3031 5443 3059 5471 «
3105 5423 3278 5491 Audi,
3329 5424 3585 5496 populus

1932 5528 2121 5577 meus,
2150 5531 2177 5558 »
2203 5509 2427 5564 inducit
2459 5508 2646 5564 fidelis
2677 5511 2984 5583 Synagoga
3006 5510 3190 5566 Deum
3225 5510 3584 5584 loquentem,

1931 5605 1988 5655 et
2017 5599 2413 5670 increpantem
2447 5597 2633 5654 malos
2679 5599 2750 5654 de
2790 5599 3069 5666 Ecclesia,
3103 5616 3228 5672 qua:
3260 5618 3365 5673 per
3393 5602 3584 5676 pisces

1929 5687 2358 5763 intelliguntur,
2393 5685 2504 5757 ipsi
2538 5689 2733 5744 tamen
2785 5704 2899 5745 non
2949 5688 3264 5751 desistunt.
3301 5690 3364 5750 In
3414 5690 3586 5752 tertia
