3936 6422
356 382 476 445 475

728 379 1137 443 HAYMONIS
1184 375 1731 439 HALBEllSTAT.
1777 368 2019 435 EPISG.
2068 370 2240 433 OPP.
2289 370 2491 432 PARS
2535 371 2584 431 Ι.
2631 402 2710 415 -
2753 368 3160 432 COMMENT.
3206 370 3406 432 BIBL.

3658 371 3760 433 476

359 518 544 590 parte,
569 532 696 589 quae
717 513 925 586 incipit
949 529 997 569 :«
1024 511 1248 568 Inimici
1282 509 1512 565 Domini
1546 507 1773 563 mentiti
1796 510 1954 574 sunt,
1978 527 2007 557 »
2038 502 2099 575 Α
2126 507 2252 561 tum
2307 505 2575 578 prorupit
2599 508 2656 560 et
2699 504 2875 561 etiam
2904 524 2931 557 α
2960 503 3198 577 probavi
3230 507 3286 560 te
3311 525 3339 557 ο
3366 509 3578 577 postea
3624 505 3760 578 apud

360 606 625 678 increpat
646 606 955 677 Synagoga
977 600 1183 666 malos,
1209 598 1308 672 qui
1333 599 1541 654 nolunt
1560 616 1594 653 a
1616 614 1723 653 sua
1749 594 2013 669 nequitia

359 711 605 752 cessare.
634 691 885 748 Intentio
918 695 1007 746 est
1036 690 1350 745 admonere
1380 689 1451 743 ad
1484 687 1764 742 volatum.

429 786 499 840 Et
528 784 807 839 admonet
836 779 966 853 ipsa
995 780 1302 851 Synagoga
1331 778 1639 849 perfectos,
1664 774 1746 830 ita
1767 774 1968 829 dicens
1993 789 2005 827 :

359 896 387 923 ‹‹
409 871 703 927 Exsultate
734 870 871 937 Deo,
902 892 928 917 »
953 869 1007 923 id
1043 873 1151 939 est,
1175 868 1247 923 ad
1295 866 1577 921 honorem
1610 866 1759 936 ejus,
1788 886 1815 914 ‹‹
1839 863 2006 935 adju-

353 960 464 1016 tori
498 963 693 1015 nostro
720 980 747 1007 »
782 958 878 1030 qui
914 975 1021 1013 nos
1062 958 1300 1027 adjuvat
1344 956 1416 1011 ad
1471 955 1617 1009 bene
1645 952 2006 1024 operandum

351 1054 556 1105 contra
586 1048 877 1103 mundum
902 1048 1301 1118 deceptorem;
1328 1067 1355 1095 «
1378 1048 1437 1099 et
1457 1042 1729 1115 jubilate,
1759 1065 1779 1089 ιι
1808 1040 1863 1095 id
1897 1043 2004 1107 est,

349 1136 823 1210 inexplicabilem
880 1136 1077 1191 verbis
1135 1133 1397 1189 laetitiam
1454 1136 1648 1188 mente
1696 1129 2004 1201 concipitc,

350 1250 378 1276 ‹‹
415 1227 533 1282 Deo
566 1226 769 1282 Jacob.
799 1248 825 1274 ι)
850 1226 921 1280 Et
954 1227 1018 1278 ut
1061 1223 1301 1295 possitis
1332 1220 1620 1277 exsultare
1650 1222 1707 1274 et
1727 1217 2004 1291 jubilare,

350 1338 375 1364 ‹‹
415 1315 631 1371 sumite
676 1312 1040 1387 psalmum,»
1069 1313 1125 1366 id
1178 1316 1287 1377 est,
1314 1309 1679 1383 spiritualcm
1719 1306 2005 1380 operatio-

350 1421 509 1471 nem,
534 1427 562 1454 ‹‹
588 1407 645 1459 et
674 1404 809 1458 date
833 1424 858 1452 ››
895 1402 1012 1457 Deo
1035 1425 1061 1449 ‹‹
1100 1405 1464 1472 tympanum,
1492 1422 1518 1447 ››
1542 1399 1598 1453 id
1636 1402 1744 1461 est,
1771 1396 2005 1450 laudem

348 1497 407 1549 et
428 1490 936 1548 mortiﬁcationem
957 1488 1151 1544 carnis
1168 1493 1401 1543 verstra:
1422 1504 1434 1540 :
1456 1491 1513 1541 et
1536 1486 1662 1541 idco
1683 1485 1792 1539 hoc
1815 1482 2003 1549 facite,

352 1580 498 1652 quia
520 1604 547 1630 «
584 1578 952 1653 psalterium,
979 1601 1005 1626 »
1029 1577 1086 1631 id
1120 1580 1228 1638 est,
1270 1574 1706 1647 contemplatio,
1729 1574 2006 1644 junctum

350 1693 379 1718 «ι
409 1686 546 1725 cum
582 1668 828 1733 cithara,
860 1689 879 1716 ι
910 1667 963 1720 id
999 1670 1106 1733 est,
1132 1682 1267 1720 cum
1312 1661 1761 1719 mortiﬁcatione
1790 1660 2004 1727 carnis,

348 1757 577 1812 scilicet
599 1756 786 1811 activa
810 1755 947 1820 vita,
967 1759 1055 1810 est
1072 1754 1406 1824 jucundum
1429 1775 1456 1802 »
1482 1751 1617 1817 Deo,
1643 1749 1780 1822 quia
1805 1749 2005 1803 «idem

347 1844 676 1917 accipimus
709 1861 812 1916 per
840 1843 1185 1916 psalterium
1217 1842 1371 1913 quod
1404 1858 1505 1913 per
1535 1839 1852 1912 psalmum.

420 1960 448 1984 ‹‹
480 1933 851 2000 Buccinate,»
875 1930 932 1986 id
965 1934 1075 1997 est,
1100 1929 1232 1985 aliis
1261 1929 1606 1984 annuntiate
1636 1927 1871 1983 laudem
1904 1925 2004 1981 Dei

344 2049 373 2075 α
400 2024 564 2091 tuba,
594 2044 621 2071 ι)
644 2022 701 2078 id
733 2025 822 2077 est
851 2019 971 2075 alta
992 2036 1149 2087 voce,
1176 2042 1202 2067 ‹‹
1231 2017 1289 2073 in
1320 2018 1657 2084 Neomenia,
1682 2039 1709 2065 ››
1732 2016 1790 2071 id
1812 2019 1920 2084 est,
1945 2015 2006 2070 in

340 2117 542 2171 vestra
572 2110 954 2167 invocatione.
981 2109 1338 2179 Praeceptum
1364 2111 1452 2161 est
1482 2107 1540 2161 in
1570 2106 1695 2177 lege
1729 2105 1785 2160 in
1817 2106 2009 2177 ﬁgura

344 2206 564 2260 nostra;
594 2198 999 2265 invocationis,
1024 2197 1179 2270 quod
1221 2195 1472 2269 populus
1523 2195 1619 2250 ille
1668 2194 2011 2249 buccinaret

343 2294 410 2349 in
461 2289 797 2357 Neomenia,
847 2287 906 2343 id
966 2290 1056 2343 est
1113 2286 1172 2341 in
1229 2302 1376 2341 nova
1432 2284 1593 2339 luna.
1630 2283 1794 2338 Mene
1848 2282 2006 2337 enim

350 2382 572 2448 Grmce,
609 2379 829 2435 mensis
860 2381 948 2433 est
978 2375 1201 2442 Latine,
1234 2391 1383 2430 neon
1427 2389 1560 2428 vere
1591 2389 1826 2427 novum.
1861 2372 2007 2426 Buc-

352 2470 547 2528 cinate
574 2491 602 2519 »
633 2468 763 2523 dico
796 2489 823 2517 «
857 2465 917 2520 in
951 2463 1168 2537 insigni
1201 2462 1294 2518 die
1325 2460 1717 2518 solemnitatis
1746 2463 2003 2525 vestrm,»

349 2561 412 2617 id
444 2564 556 2628 est,
597 2559 656 2613 in
705 2553 1134 2611 illuminatione
1181 2556 1385 2607 vestra:
1434 2549 1844 2616 innovationis,
1880 2566 2008 2621 qua:

343 2649 517 2706 vobis
548 2648 721 2704 debet
750 2662 879 2702 esse
911 2659 1128 2715 magna
1157 2639 1521 2697 solemnitas.

423 2738 556 2794 Ideo
588 2725 914 2801 buccinate,
939 2755 966 2782 ‹‹
1003 2730 1145 2802 quia
1173 2732 1526 2802 przeccqtum
1560 2727 1618 2783 in
1654 2727 1827 2783 Israel
1861 2732 1949 2783 est
1980 2750 2007 2776 ››

345 2825 468 2885 illis
490 2826 560 2881 ad
582 2824 834 2879 litteram
861 2822 1004 2892 (Lev.
1027 2819 1224 2889 xxxn),
1246 2818 1414 2873 nobis
1436 2815 1874 2890 spiritualiter,«
1903 2822 1961 2872 et
1978 2838 2005 2867 »ι

345 2916 399 2974 si
432 2912 751 2987 negligitis,
795 2909 1127 2966 timendum
1173 2912 1263 2962 est
1308 2906 1493 2973 vobis,
1519 2906 1657 2979 quia
1691 2907 1861 2961 «Deo
1910 2906 2007 2962 Ja-

346 3004 458 3062 cob
489 3006 579 3059 est
618 2999 913 3075 judicium
938 3021 964 3046 ››
988 2997 1049 3052 in
1101 3014 1215 3069 quo
1266 2994 1516 3052 salvabit
1564 2995 1920 3064 obedientes,
1954 2998 2011 3051 et

347 3091 657 3150 damnabit
686 3087 1069 3162 negligentes.

421 3183 494 3238 Et
526 3203 553 3231 «
587 3179 735 3234 illud
778 3200 805 3226 »
855 3179 1232 3248 prmceptum,
1288 3172 1509 3230 scilicet
1566 3173 1751 3246 legem
1813 3190 2007 3241 suam,

354 3294 376 3323 ι
414 3268 612 3342 posuit
643 3268 703 3322 in
732 3244 972 3336 Joseph,
1001 3286 1022 3311 υ
1045 3244 1106 3317 id
1140 3268 1247 3329 est,
1271 3262 1555 3334 populum
1588 3244 2007 3335 augmentavit,
2038 3244 2082 3312 (ἶ

350 3359 576 3417 scilicet
592 3354 869 3428 gentilem
888 3352 1168 3425 populum
1180 3352 1299 3425 ,qui
1324 3353 1751 3422 superaecrevit
1763 3353 1793 3408 J
1803 3352 2008 3407 udaico

351 3444 593 3520 populo,
625 3445 708 3497 ita
737 3442 890 3513 quod
923 3445 1080 3495 esset
1122 3439 1207 3493 illi
1239 3463 1265 3488 ‹‹
1300 3440 1728 3508 testimonium,
1758 3463 1785 3489 ››
1808 3440 1866 3495 id
1898 3443 2007 3509 est,

353 3532 511 3606 quod
544 3532 858 3586 testaretur
890 3528 1030 3599 quid
1076 3531 1230 3581 esset
1260 3526 1776 3599 faciendum,quid
1818 3529 2011 3584 dimit-

353 3621 624 3686 tendum,
655 3642 675 3667 ιι
701 3634 835 3673 cum
865 3639 885 3665 ι
915 3615 1011 3671 ille
1043 3614 1294 3686 populus
1316 3634 1347 3666 ε
1370 3616 1551 3670 exiret
1576 3616 1646 3671 de
1677 3621 1831 3672 terra
1848 3619 2012 3691 [Egy-

355 3708 466 3782 pti,
491 3706 682 3775 (Exod.
706 3708 848 3773 xxu)
870 3704 1131 3775 linguam
1167 3720 1344 3774 quam
1396 3720 1510 3757 non
1565 3710 1821 3776 noverat,
1846 3708 2009 3761 audi-

353 3798 456 3865 vit,
487 3818 507 3844 ιι
535 3794 595 3849 id
625 3799 714 3850 est
772 3793 983 3866 legem.
1012 3790 1294 3847 Similiter
1350 3791 1601 3864 populus
1643 3793 2011 3852 Christianus

354 3886 554 3944 exiens
586 3886 655 3940 de
686 3885 953 3956 ngypto,
978 3880 1035 3936 id
1086 3887 1174 3935 est
1204 3883 1276 3935 de
1317 3881 1576 3938 tenebris
1622 3883 2007 3955 inﬁdelitatis,

354 3975 523 4034 audit
553 3974 1025 4048 praedicationem
1061 3972 1192 4027 ﬁdei
1233 3976 1291 4027 et
1339 3972 1525 4045 legem
1556 3972 1785 4030 vivendi
1833 3993 2009 4047 quam

353 4064 521 4140 prius
550 4082 665 4120 non
697 4063 982 4121 audierat.

431 4174 456 4206 ι
486 4154 731 4209 Divertit
763 4172 790 4204 ιι
828 4152 1004 4208 etiam
1049 4152 1204 4207 Deus
1230 4174 1250 4201 ι
1286 4152 1527 4208 dorsum
1561 4154 1691 4225 ejus
1725 4174 1752 4208 ι
1789 4157 2010 4229 populi,

354 4244 413 4299 id
445 4248 535 4297 est
565 4241 890 4309 Israelitici,
922 4260 945 4288 ε
980 4241 1052 4297 ab
1085 4240 1408 4296 oneribuSI
1450 4258 1577 4313 quae
1611 4246 1921 4315 portabant
1952 4247 2011 4303 in

353 4333 621 4405 Egypto,
652 4352 672 4379 ι
708 4334 765 4385 et
796 4345 1009 4384 manus
1060 4330 1187 4400 ejus
1224 4353 1245 4377 ι
1282 4330 1482 4403 populi
1518 4351 1547 4383 α
1576 4333 1901 4390 servierunt
1953 4337 2013 4391 in

353 4420 628 4495 cophino.
658 4418 1006 4491 nCophinus
1062 4435 1165 4473 vas
1220 4422 1328 4486 est,
1383 4419 1442 4474 in
1491 4437 1606 4492 quo
1654 4424 2016 4495 cogebantur

356 4514 590 4585 portare
620 4510 849 4564 ﬁmum.
884 4507 1167 4563 Similiter
1198 4507 1430 4563 divertit
1472 4509 1626 4564 Deus
1654 4510 1917 4575 dorsum,
1955 4512 2011 4567 id

2033 1874 2084 1943 B

2119 610 2330 667 aquam
2356 592 2835 649 eontradictionis
2850 611 2862 662 ;
2877 614 2904 645 ω
2923 593 3189 666 probavit
3211 593 3365 649 Deus
3389 593 3762 650 Israeliticum

2120 684 2427 757 populum,
2460 688 2518 740 et
2557 684 2755 757 ipsum
2806 684 3067 757 Moysen,
3091 682 3429 739 dubitantes
3468 684 3543 740 de
3587 684 3764 740 divina

2120 777 2407 845 potestate
2431 774 2616 845 (Num.
2641 773 2755 845 xx).
2778 772 2904 839 Vel,
2928 776 2993 827 ut
3023 772 3119 827 alii
3173 772 3400 843 dicunt,
3430 773 3505 828 de
3550 788 3614 829 se
3644 790 3761 846 pra)-

2120 867 2473 929 sumentem,
2508 866 2564 917 et
2593 862 2723 917 ideo
2756 879 2870 917 non
2918 861 3109 933 potuit
3140 861 3425 934 populum
3458 862 3521 918 in
3563 866 3760 920 terram

2118 951 2527 1023 promissionis
2583 951 2880 1007 inducere.
2913 951 3007 1007 Sic
3065 951 3273 1023 probat
3322 950 3481 1007 Deus
3526 950 3660 1008 illos
3704 953 3761 1008 do

2117 1040 2377 1096 Ecclesia
2406 1041 2477 1096 ad
2510 1056 2724 1113 aquam
2765 1039 3267 1106 contradictionis,
3300 1040 3360 1096 id
3392 1044 3505 1108 est,
3535 1042 3611 1097 ad
3640 1042 3760 1098 doc-

2119 1130 2303 1185 trinas
2343 1131 2773 1199 hzereticorum,
2799 1130 3018 1202 quibus
3064 1128 3203 1185 boni
3257 1130 3686 1199 contradicunt,
3716 1136 3763 1188 et

2118 1220 2253 1276 mali
2286 1222 2520 1275 cedunt.

2187 1330 2217 1361 α
2249 1310 2420 1364 Audi.
2451 1332 2472 1358 ι
2501 1310 2639 1364 Pars
2667 1309 2943 1364 secunda.
2970 1308 3100 1363 Haec
3120 1307 3266 1363 dixit
3287 1307 3574 1363 Dominus
3606 1309 3761 1365 bonis

2117 1400 2187 1454 de
2217 1398 2493 1465 Ecclesia,
2520 1398 2693 1452 modo
2719 1398 2925 1470 incipit
2969 1397 3156 1452 malos
3200 1396 3537 1453 admonere.
3561 1398 3764 1454 Contra

2118 1488 2238 1543 haec
2262 1487 2459 1543 omnia
2481 1488 2635 1543 bona
2657 1486 2762 1542 feci
2784 1486 2912 1555 tibi,
2932 1489 2988 1541 et
3010 1486 3138 1543 ideo
3162 1502 3194 1541 o
3215 1509 3241 1535 ‹‹
3269 1484 3523 1559 populus
3544 1503 3757 1555 meus,-

2118 1578 2306 1634 faetus
2338 1594 2506 1633 meus
2536 1577 2594 1632 in
2630 1576 2943 1649 baptismo,
2980 1599 2999 1623 ιι
3029 1575 3164 1631 audi
3199 1591 3313 1643 me,
3342 1598 3363 1626 ι
3393 1573 3450 1629 id
3480 1580 3588 1643 est,
3613 1576 3765 1632 intel-

2117 1667 2252 1739 lige,
2282 1688 2307 1720 ιι
2329 1672 2387 1722 et
2423 1667 2793 1722 contestabor
2824 1671 2902 1732 te,
2926 1686 2950 1717 ι
2981 1665 3037 1720 id
3071 1668 3160 1720 est
3196 1662 3550 1719 testimoniis
3580 1664 3762 1738 Scrip-

2116 1761 2382 1811 turarum
2409 1755 2804 1827 comprobabo
2827 1770 2952 1826 quae
2976 1753 3081 1808 tibi
3105 1753 3335 1807 dixero:
3361 1756 3413 1808 et
3436 1769 3469 1808 o
3489 1771 3512 1801 ι
3536 1752 3758 1821 Israel,-

2117 1846 2175 1900 id
2208 1849 2317 1913 est,
2341 1844 2544 1900 videns
2568 1844 2752 1899 Deum
2775 1843 2908 1909 ﬁde,
2936 1867 2959 1890 α
2989 1843 3036 1897 si
3061 1840 3368 1897 audieritis
3390 1858 3483 1897 me
3509 1863 3529 1889 ι
3557 1841 3765 1897 obtem~

2117 1935 2373 2017 perando
2404 1934 2708 2006 prmccptis
2759 1932 2928 1997 meis,
2960 1951 2982 1979 α
3019 1948 3133 1986 non
3183 1929 3294 1985 erit
3323 1929 3382 1984 in
3413 1933 3468 1985 te
3498 1930 3652 1986 Deus
3684 1949 3762 1987 re-

2117 2042 2256 2082 cens
2282 2049 2301 2076 ι
2333 2024 2505 2079 sicuti
2539 2029 2600 2079 tu
2635 2021 2782 2078 dicis
2809 2038 2820 2076 :
2854 2020 2990 2093 quia
3022 2025 3077 2076 et
3109 2019 3157 2075 si
3191 2022 3366 2074 natus
3396 2018 3456 2074 in
3488 2022 3762 2091 tempore,

2116 2119 2311 2170 tamen
2346 2129 2478 2169 sum
2511 2116 2834 2168 coaeternus
2871 2125 3005 2165 cum
3048 2108 3215 2164 Patre
3249 2124 3261 2162 :
3293 2130 3313 2155 α
3352 2123 3541 2180 neque
3567 2108 3763 2163 adora-

2118 2205 2208 2261 bis
2239 2228 2265 2253 ››
2300 2204 2359 2259 in
2392 2219 2485 2259 me
2524 2222 2544 2248 α
2581 2202 2756 2257 deum
2790 2197 3071 2255 alienum.
3104 2218 3123 2245 ι

2187 2295 2258 2349 Et
2281 2307 2412 2347 vere
2444 2308 2560 2346 non
2594 2305 2728 2345 sum
2760 2285 3007 2352 alienus,
3037 2307 3058 2334 ι
3091 2299 3195 2357 ego
3226 2282 3384 2339 enim
3416 2298 3550 2338 sum
3582 2282 3765 2339 Domi-

2118 2401 2231 2440 nus
2263 2383 2417 2437 Deus
2449 2384 2610 2449 tuus,
2634 2399 2660 2431 ιι
2698 2378 2753 2432 id
2779 2381 2867 2432 est
2888 2379 3116 2432 creator
3136 2378 3299 2441 tuus,
3328 2376 3386 2428 et
3408 2388 3521 2428 non
3545 2390 3760 2442 recens,

2125 2494 2153 2527 α
2174 2471 2273 2545 qui
2305 2468 2475 2526 eduxi
2507 2472 2561 2525 te
2591 2468 2662 2523 de
2694 2471 2847 2522 terra
2875 2463 3126 2536 Egypti,
3147 2480 3174 2512 ι
3214 2460 3272 2516 id
3302 2464 3411 2529 est,
3436 2460 3508 2517 de
3528 2460 3762 2517 inﬁdeli-

2118 2567 2236 2619 tate
2262 2578 2273 2616 :
2300 2560 2429 2616 dico
2455 2557 2612 2629 audi,
2637 2560 2693 2612 et
2720 2577 2741 2606 ι
2768 2553 2948 2609 dilata
2990 2569 3056 2607 os
3094 2555 3286 2618 tuum,
3311 2553 3370 2604 et
3415 2549 3668 2621 implebo
3700 2550 3760 2605 il-

2116 2651 2243 2720 lud,
2268 2675 2291 2703 ι
2319 2647 2542 2705 scilicet
2572 2642 2867 2717 ampliﬁca
2890 2658 2988 2698 cor
3007 2646 3175 2697 tuum
3199 2639 3269 2694 ad
3294 2638 3762 2707 desiderandum,

2117 2743 2176 2795 et
2207 2738 2278 2793 ad
2312 2733 2756 2807 intelligendum
2789 2731 2847 2785 in
2882 2727 3127 2801 psalmis
3152 2725 3290 2794 illis,
3316 2726 3558 2783 interius
3581 2727 3691 2782 ﬁde
3712 2733 3764 2782 et

2119 2826 2449 2892 dilectione,
2482 2827 2538 2879 et
2569 2819 2822 2877 exterius
2856 2816 3267 2891 praedicatione
3298 2819 3355 2871 et
3384 2815 3760 2871 confessione.

2190 2920 2308 2990 Ego
2342 2914 2425 2971 sic
2476 2910 2756 2968 admonui
2811 2924 2993 2972 meos,
3023 2926 3045 2953 ι
3080 2909 3137 2961 et
3169 2928 3190 2955 ι
3226 2910 3423 2961 tamen
3460 2927 3481 2954 α
3516 2904 3763 2977 populus

2119 3023 2287 3063 meus
2313 3029 2335 3057 ι
2373 3002 2470 3075 qui
2504 3016 2709 3057 omnes
2754 2996 2974 3052 debent
3003 2994 3116 3049 mei
3148 3010 3294 3062 esse,
3325 3016 3345 3042 α
3382 3010 3496 3049 non
3546 2992 3767 3049 audivit

2116 3113 2316 3154 vocem
2341 3108 2553 3159 meam,
2575 3109 2601 3141 α
2623 3089 2679 3144 id
2704 3091 2815 3155 est,
2838 3083 3299 3141 admonitionem
3320 3098 3511 3138 meam
3535 3100 3547 3138 :
3571 3087 3627 3138 et
3650 3101 3761 3139 non

2118 3189 2351 3242 tantum
2386 3198 2500 3237 non
2532 3176 2778 3244 audivit,
2800 3175 2901 3231 sed
2931 3194 2957 3228 α
2978 3178 3033 3229 et
3065 3171 3239 3229 Israel
3262 3171 3407 3227 mihi
3438 3189 3552 3227 non
3585 3172 3765 3228 inten-

2120 3274 2226 3341 dit,
2257 3297 2277 3322 ι»
2312 3272 2370 3328 id
2399 3274 2487 3326 est
2517 3267 2704 3324 noluit
2733 3265 2908 3321 etiam
2942 3263 3237 3318 attendere
3267 3261 3504 3317 verbum
3537 3277 3721 3317 unum
3746 3279 3760 3316 :

2124 3388 2145 3415 ι
2181 3369 2239 3420 et
2267 3383 2293 3414 ιι
2321 3361 2450 3417 ideo
2478 3382 2499 3409 α
2536 3356 2733 3414 dimisi
2766 3372 2864 3411 eos
2905 3353 3229 3411 secundum
3261 3350 3545 3408 desideria
3572 3352 3764 3408 cordis

2120 3469 2320 3511 eorum
2347 3475 2367 3503 ι
2399 3453 2463 3505 ut
2490 3445 2773 3503 voluntati
2808 3461 2925 3501 sua:
2956 3441 3378 3509 satisfacerent,
3404 3444 3461 3497 et
3491 3440 3599 3512 ipsi
3631 3441 3765 3496 sub-

2118 3547 2307 3599 tracta
2326 3538 2514 3613 gratia
2540 3553 2688 3602 meo,
2712 3559 2730 3583 ιι
2764 3534 2932 3589 ibunt
2961 3532 3019 3587 in
3051 3530 3558 3586 adinventionibus
3590 3529 3757 3585 suis.

2120 3638 2175 3689 et
2206 3632 2382 3688 etiam
2415 3623 2664 3699 propriis
2697 3622 2946 3679 inventis
2975 3621 3119 3687 suis,
3147 3618 3365 3675 scilicet
3398 3623 3630 3691 propter
3652 3622 3767 3674 tra-

2121 3720 2374 3777 ditiones
2405 3732 2566 3785 suas,
2598 3711 2829 3768 irritum
2864 3709 3140 3765 facientes
3173 3708 3513 3763 mandatum
3537 3707 3659 3763 Dei.

2194 3810 2289 3865 Sic
2320 3804 2520 3863 dimisi
2561 3820 2680 3869 eos,
2704 3801 2805 3856 sed
2842 3824 2863 3849 ι
2900 3799 2948 3855 si
2999 3796 3250 3871 pepulus
3297 3814 3463 3853 meus
3509 3796 3774 3852 audisset

2122 3917 2215 3955 me
2245 3922 2264 3945 ιι
2302 3893 2609 3959 credendo,
2645 3894 2702 3946 et
2728 3889 2853 3961 ipse
2900 3888 3089 3943 factus
3136 3903 3307 3942 verus
3342 3905 3370 3939 α
3403 3884 3599 3957 Israel,
3631 3885 3683 3941 si
3711 3885 3775 3939 in

2120 3988 2232 4043 viis
2279 3983 2425 4040 meis
2474 3979 2836 4037 ambulasset
2878 4001 2902 4025 υ
2930 3975 3323 4048 complendo«
3366 3973 3776 4031 humiliassem

2122 4075 2396 4132 inimicos
2430 4086 2633 4127 eorum
2662 4092 2688 4117 ››
2714 4068 2792 4123 ita
2814 4066 2965 4138 quod
2990 4090 3015 4113 ‹‹
3042 4082 3145 4138 pro
3178 4063 3358 4120 nihilo
3386 4086 3411 4112 ι)
3436 4069 3777 4136 reputaren-

2122 4170 2237 4231 tur,
2260 4163 2349 4219 vel
2381 4160 2564 4236 gratis
2602 4156 3012 4214 humiliassem
3038 4171 3050 4209 :
3077 4178 3101 4203 ‹‹
3136 4158 3194 4210 ct
3222 4169 3397 4226 super
3424 4152 3776 4209 tribulantes

2124 4272 2223 4311 eos
2255 4252 2551 4309 misissem
2584 4262 2826 4304 manum
2861 4261 3051 4300 meam
3088 4266 3113 4291 ›ι
3148 4243 3206 4298 id
3236 4247 3345 4311 est,
3377 4242 3776 4314 operationem

2124 4360 2339 4410 meam,
2374 4341 2454 4396 ita
2486 4338 2639 4412 quod
2673 4333 2931 4408 operatio
2972 4350 3101 4389 mea
3133 4330 3466 4405 przevaleret
3496 4330 3776 4397 inimicis,

2123 4436 2181 4490 et
2210 4432 2531 4487 removeret
2562 4443 2680 4483 eos.

2197 4544 2224 4570 ‹‹
2251 4516 2478 4576 Inimici
2511 4512 2763 4571 Domini.
2792 4536 2820 4563 ››
2854 4513 2993 4568 Pars
3032 4510 3221 4567 tertia.
3246 4508 3634 4565 Continuatio.
3665 4508 3779 4564 Do-

355 4603 463 4667 est,
485 4599 773 4654 rationem
792 4614 920 4669 quae
942 4596 1253 4669 eriguntur
1270 4597 1471 4653 ﬁdeles
1489 4598 1561 4653 ad
1584 4600 1915 4670 superiora;
1938 4602 2011 4658 ab
2044 4614 2093 4678 ι)
2124 4608 2321 4665 minus
2352 4607 2430 4662 ita
2463 4602 2815 4677 promiserat
2854 4602 3002 4656 bene
3042 4598 3255 4673 populo
3288 4615 3414 4668 suo,
3450 4597 3550 4653 sed
3582 4613 3781 4653 sermo

355 4689 635 4745 oneribus
657 4691 1053 4760 peccatorum,
1078 4690 1134 4741 et
1154 4703 1366 4741 manus
1387 4687 1640 4755 divertit,
1669 4689 1725 4743 id
1756 4693 1847 4744 est
1877 4708 2010 4762 ope-

359 4777 614 4833 rationcs
638 4775 930 4841 ﬁdelium;
961 4793 994 4829 a
1024 4775 1295 4847 cophino,
1323 4774 1380 4830 id
1405 4779 1493 4829 est
1516 4778 1587 4831 ab
1613 4777 2009 4846 immunditia,

358 4868 416 4922 in
449 4883 567 4938 qua
596 4864 761 4938 prius
791 4862 1025 4920 diabolo
1057 4864 1406 4919 serviebant.

429 4957 492 5011 In
523 4954 900 5010 tribulatione
930 4953 1185 5024 divertit,
1212 4953 1413 5008 dicens
1446 4969 1457 5005 ε
1491 4974 1517 5004 σι
1540 4954 1604 5009 In
1636 4955 2013 5013 tribulatione

356 5042 639 5098 invocasti
672 5058 765 5097 me
802 5064 823 5090 ι
849 5041 1061 5107 verbis,
1093 5064 1113 5091 ι
1150 5045 1206 5095 et
1234 5041 1473 5096 liberavi
1506 5046 1561 5097 te
1596 5059 1608 5096 ε
1637 5066 1656 5092 ι
1689 5044 1865 5099 etiam
1896 5065 1917 5094 ι
1954 5046 2011 5101 in

358 5131 702 5187 abscondito
724 5130 1088 5202 tempestatis
1109 5130 1371 5186 cxaudivi
1398 5134 1505 5197 te,»
1530 5134 1766 5201 quando
1790 5151 1893 5189 nec
1918 5152 2016 5190 au-

359 5222 561 5289 debas,
596 5219 972 5275 audientibus
1017 5219 1320 5292 .‘Egyptiis,
1353 5219 1421 5273 ed
1458 5235 1549 5274 me
1596 5236 1842 5290 genere:
1869 5240 2012 5294 pra:-

359 5309 514 5381 cepit
543 5309 699 5363 enim
748 5308 989 5375 Pharao,
1014 5307 1151 5380 quia
1183 5308 1405 5363 audivit
1449 5324 1547 5363 eos
1577 5308 1648 5363 ad
1680 5308 1861 5365 Deum
1896 5311 2012 5367 cla-

362 5414 576 5464 masse,
602 5403 667 5451 ut
710 5396 793 5451 sic
827 5396 1103 5468 operibus
1154 5400 1556 5468 gravarentur,
1581 5397 1734 5468 quod
1784 5399 1868 5455 eis
1900 5418 2013 5457 non

360 5490 590 5540 vacaret
621 5487 691 5540 ad
724 5486 909 5540 Deum
933 5483 1206 5540 clamare.
1234 5485 1317 5539 Ita
1343 5485 1581 5540 exaudit
1607 5486 1761 5543 Deus
1785 5507 1924 5546 suos
1959 5494 2019 5546 ﬁ-

363 5573 521 5628 deles
542 5574 598 5628 in
624 5573 968 5630 abscondito
992 5574 1377 5646 tempestatis,
1402 5576 1637 5647 quando
1661 5578 1826 5633 sedat
1848 5579 1905 5635 in
1932 5583 2017 5638 eis

364 5658 581 5715 bellum
614 5659 1033 5731 suggestionis,
1064 5680 1191 5734 qua:
1222 5664 1483 5718 nondum
1517 5663 1588 5719 ad
1620 5670 1890 5737 apertum
1922 5688 2015 5727 ac-

2122 4700 2251 4770 ejus
2286 4714 2400 4751 non
2434 4692 2609 4765 coepit
2637 4690 2696 4746 in
2744 4689 2861 4746 illis
2896 4707 2908 4744 :
2943 4689 3084 4761 quia
3114 4705 3250 4744 cum
3283 4687 3558 4743 deberent
3603 4685 3783 4741 amici

2122 4806 2273 4853 esse,
2310 4784 2442 4841 facti
2478 4805 2505 4832 ‹‹
2536 4779 2759 4836 inimici
2795 4777 3055 4849 Domini,
3078 4776 3303 4833 mentiti
3355 4779 3494 4831 sunt
3523 4776 3574 4829 ei
3602 4797 3628 4821 ››
3664 4792 3783 4828 non

2125 4878 2467 4949 peragentes
2500 4868 2826 4944 promissa:
2854 4892 2878 4917 ‹‹
2909 4872 2966 4924 et
2990 4892 3015 4917 ››
3040 4868 3166 4923 ideo
3194 4891 3219 4915 ‹‹
3252 4870 3482 4937 tempus
3513 4879 3787 4932 eorum,»

2125 4965 2181 5020 id
2213 4967 2322 5029 est,
2348 4959 2589 5016 variatio
2620 4974 2823 5013 eorum
2863 4973 2967 5028 per
2996 4972 3199 5029 pcenas
3226 4979 3250 5003 α
3283 4952 3388 5009 erit
3420 4952 3479 5007 in
3512 4950 3730 5007 saacula
3757 4972 3787 4999 »ι

2125 5057 2340 5109 zeterna
2373 5066 2385 5104 :
2419 5047 2507 5105 vel
2538 5052 2772 5119 tempus
2803 5045 3071 5101 vindicta:
3103 5061 3329 5101 eorum.

2198 5165 2223 5189 ‹‹
2259 5141 2329 5194 Et
2362 5162 2389 5187 ››
2415 5136 2621 5191 merito
2667 5135 3129 5200 damnabuntur,
3164 5132 3303 5205 quia
3332 5131 3484 5187 Deus
3505 5154 3534 5180 «
3568 5128 3791 5187 cibavit

2125 5229 2255 5285 illos
2278 5246 2346 5284 ex
2368 5226 2541 5297 adipe
2563 5224 2862 5294 frumenti,
2889 5247 2914 5271 ››
2936 5223 2991 5278 id
3016 5227 3125 5295 est,
3150 5222 3359 5277 intima
3385 5218 3646 5275 medulla
3668 5219 3791 5274 fru~

2126 5315 2329 5383 menti,
2373 5313 2594 5369 scilicet
2642 5312 2939 5367 secretiori
2989 5316 3045 5367 et
3092 5308 3456 5385 profundiori
3503 5307 3792 5380 mysteria

2127 5424 2245 5464 suae
2290 5401 2734 5473 incarnationis,
2766 5406 2822 5457 et
2878 5400 3009 5457 aliis
3066 5401 3272 5474 gratiis
3323 5396 3787 5469 spiritualibus:

2127 5520 2154 5547 ‹‹
2189 5501 2247 5551 et
2279 5491 2563 5551 saturavit
2593 5508 2691 5547 eos
2740 5490 2911 5546 melle
2942 5491 3010 5545 de
3042 5494 3227 5562 petra,
3256 5512 3283 5539 ››
3310 5488 3366 5543 id
3414 5489 3523 5557 est,
3558 5484 3792 5541 fortiori

2126 5584 2412 5651 doctrina,
2438 5580 2575 5654 quia
2626 5578 2737 5635 mel
2771 5584 2859 5636 est
2887 5580 3054 5635 cibus
3088 5578 3292 5635 fortior
3324 5594 3336 5632 :
3370 5579 3535 5649 petra
3583 5577 3793 5631 autem

2126 5678 2251 5730 erat
2277 5670 2567 5728 Christus.

3422 6394 3470 6402 ——-
3546 6396 3581 6402 ἡ
3648 6397 3684 6404 -.
3758 6398 3786 6404 ν.
3842 6394 3875 6412 -ιι
3896 6388 3901 6393 “
