3936 6390
193 457 320 518 ’481

1388 453 1901 520 EXPLANATIO
1937 452 2022 520 IN
2066 456 2450 522 PSALMOS.

3529 461 3656 526 482

207 591 406 644 autem
459 587 774 644 combures
823 604 923 643 eos
975 588 1108 660 igne
1159 589 1437 660 puniente
1472 606 1484 644 :
1519 595 1576 645 et
1607 589 1715 644 hoc
1767 593 1875 657 est,
1907 587 1966 656 Α
1993 592 2176 661 parte,
2201 591 2531 648 ostenditur
2552 591 2705 664 quod
2728 591 3010 664 Ecclesia,
3034 591 3168 649 licet
3199 591 3532 651 innumeris
3556 595 3653 652 tri-

209 677 366 732 sicut
396 676 552 748 ignis
576 699 603 725 «
631 677 731 748 qui
764 677 1058 732 comburit
1087 677 1316 746 silvam,
1355 683 1412 733 et
1453 680 1609 734 sicut
1642 680 1881 734 ﬂamma

207 765 566 821 comburens
589 770 844 821 montes.
873 789 900 814 »
921 765 1086 822 Silvae
1109 766 1257 822 bene
1281 773 1581 838 comparet
1603 785 1722 835 eos,
1746 768 1885 839 quia

211 855 326 927 ipsi
361 857 504 910 sunt
535 853 835 910 silvestres
889 859 946 910 et
995 854 1201 910 inculti
1259 855 1384 928 lege
1415 855 1516 912 Dei
1545 873 1557 911 :
1584 857 1882 912 montibus

209 947 518 1015 comparat
548 948 786 1015 propter
819 942 1158 1000 elationem.

286 1057 315 1084 «
341 1034 484 1088 Ita.»
509 1031 674 1088 Sicut
704 1033 859 1106 ignis
896 1032 1127 1102 silvam,
1155 1058 1181 1084 «
1209 1033 1290 1089 ita
1315 1057 1341 1083 »
1365 1039 1427 1090 tu
1452 1059 1478 1084 ‹‹
1513 1035 1884 1107 persequeris

212 1139 336 1190 eos,
367 1144 395 1170 »
418 1120 590 1192 quasi
624 1120 980 1193 impotentes
1013 1139 1074 1178 se
1105 1139 1382 1178 excusare
1405 1148 1431 1174 ‹‹
1459 1125 1517 1178 in
1541 1127 1886 1196 tempestate

213 1215 340 1276 tua,
367 1232 396 1261 »
429 1210 488 1265 id
543 1213 655 1280 est,
699 1210 759 1265 in
805 1210 1056 1282 judicio,
1087 1211 1242 1283 quod
1304 1211 1388 1268 ita
1445 1213 1639 1268 subito
1696 1212 1887 1266 veniet

214 1298 386 1371 quasi
421 1303 763 1371 tempestas,
787 1302 845 1355 et
866 1300 1166 1371 separabit
1191 1317 1374 1372 grana
1394 1317 1428 1356 a
1449 1301 1653 1373 paleis,
1678 1306 1734 1354 et
1755 1301 1886 1356 dico

217 1387 612 1461 persequeris,
638 1391 696 1444 et
725 1388 1192 1460 comprehendes
1214 1389 1690 1461 comprehensos,
1705 1413 1730 1438 «
1766 1394 1890 1445 tur'

215 1477 398 1533 babis
431 1493 530 1532 eos
559 1476 620 1531 in
652 1476 738 1532 ira
759 1480 882 1548 tua,
909 1500 937 1526 »
963 1477 1280 1534 ostendens
1310 1478 1395 1535 eis
1426 1483 1481 1534 te
1513 1478 1750 1545 iratum,
1776 1496 1890 1551 pm-

227 1583 364 1622 nam
395 1569 678 1622 aaternam
713 1565 1036 1622 inferendo.

289 1654 461 1710 Petiit
479 1655 919 1710 damnationem
942 1654 1258 1724 malorum,
1294 1657 1471 1712 modo
1496 1657 1639 1728 petit
1660 1672 1892 1712 conver-

216 1745 447 1801 sionem
479 1743 921 1811 salvandorum,
947 1745 1118 1815 quasi
1159 1743 1417 1800 diceret:
1452 1746 1724 1802 Nolentes
1753 1763 1888 1801 con-

218 1832 365 1888 verti
398 1830 479 1887 ita
507 1831 742 1902 punies,
767 1831 869 1886 sed
895 1855 922 1880 ‹‹
963 1831 1140 1887 facies
1166 1848 1429 1903 eorum,»
1452 1837 1888 1904 persecutorum

217 1919 465 1991 scilicet,
483 1919 584 1991 qui
614 1919 843 1991 przsvisi
877 1924 1014 1974 sunt
1035 1920 1108 1975 ad
1141 1919 1415 1989 salutem,
1442 1945 1469 1970 «
1505 1919 1684 1992 imple
1715 1921 1884 1992 igno-
1914 1958 1965 2025 Β

219 2009 408 2066 minia
432 2032 459 2057 ››
482 2007 539 2064 id
562 2011 670 2075 est,
692 2012 757 2063 ut
783 2008 1132 2065 erubescant
1154 2009 1224 2063 de
1255 2010 1510 2080 peccatis
1540 2009 1685 2077 suis,
1711 2032 1737 2058 ‹‹
1772 2013 1829 2064 et
1852 2033 1880 2059 »

219 2098 330 2163 sic,
354 2103 420 2153 ut
440 2121 467 2148 «
507 2101 770 2170 quaerent
817 2113 1032 2153 nomen
1081 2101 1252 2152 tuum
1298 2120 1326 2146 »
1359 2097 1602 2166 scilicet,
1629 2101 1693 2153 ut
1739 2098 1884 2154 ﬁant

217 2185 562 2243 Christiani.
820 2254 822 2256 ν

295 2275 404 2342 Qui
427 2281 624 2332 autem
644 2274 919 2332 obstinati
945 2280 1084 2332 sunt
1100 2280 1157 2332 et
1178 2275 1387 2331 nolunt
1403 2275 1498 2331 hic
1517 2276 1880 2344 erubescere,

219 2366 284 2422 in
317 2363 432 2421 alia
469 2365 590 2421 vita
619 2388 647 2415 ‹‹
683 2365 1032 2421 erubescant
1064 2389 1091 2414 ››
1123 2366 1196 2420 de
1238 2364 1705 2437 turpitudinibus
1735 2364 1883 2437 suis,

219 2479 251 2505 «
287 2457 346 2510 et
375 2454 800 2510 conturbantur
824 2475 852 2504 »
887 2455 957 2510 de
990 2454 1200 2527 poenis,
1225 2453 1526 2510 duraturis
1549 2477 1576 2504 ‹‹
1610 2453 1670 2508 in
1704 2471 1884 2509 sazcu-

221 2543 351 2599 lum
383 2542 580 2599 sazeuli
613 2559 626 2597 :
659 2547 718 2599 et
761 2543 1202 2610 confundantur
1225 2567 1252 2591 »
1277 2543 1476 2600 anima
1506 2547 1564 2598 et
1602 2560 1840 2615 corpore
1869 2561 1882 2598 :

219 2656 252 2684 «
289 2637 350 2689 et
381 2657 409 2682 ››
441 2632 543 2688 illa
585 2633 852 2689 confusio
902 2649 1020 2688 non
1070 2632 1149 2689 sit
1195 2632 1560 2706 reparabilis,
1609 2634 1709 2688 sed
1735 2657 1759 2682 ‹‹
1787 2649 1886 2705 pe-

226 2725 398 2777 reant
421 2745 448 2770 »
482 2721 712 2778 aeternis
743 2723 1076 2777 tormentis.

297 2835 326 2862 «ί
358 2811 428 2868 Et
478 2833 504 2862 ιο
554 2816 696 2866 tunc
754 2809 961 2866 saltem
1013 2834 1041 2860 «
1093 2814 1474 2882 cognoscant,
1523 2810 1662 2882 quia
1718 2809 1823 2865 tibi
1859 2832 1886 2859 η

219 2900 497 2957 convenit
552 2899 662 2955 hoc
695 2922 723 2949 ‹‹
757 2915 970 2954 nomen
1029 2897 1316 2954 Dominus
1351 2921 1379 2947 ››
1416 2904 1475 2954 et
1523 2899 1622 2970 qui
1670 2900 1729 2952 in
1778 2899 1889 2953 hac

220 2991 346 3046 vita
378 2988 667 3061 putabant
695 3004 757 3042 se
789 2986 937 3042 altos
963 2990 1021 3041 et
1050 2990 1339 3058 potentes,
1368 2991 1504 3042 tunc
1534 2986 1892 3059 cognoscant

219 3078 370 3150 quia
399 3099 427 3126 «
462 3079 524 3130 tu
557 3074 720 3131 solus
757 3074 1100 3131 Altissimus
1130 3075 1188 3130 iu
1225 3075 1386 3130 omni
1427 3078 1602 3145 terra,
1630 3098 1658 3123 »
1686 3075 1742 3130 id
1778 3078 1887 3142 est,

220 3183 409 3238 super
464 3181 670 3220 omnes
727 3169 1009 3231 terrenos,
1062 3163 1203 3236 quia
1259 3164 1414 3220 sicut
1471 3167 1679 3236 potens
1717 3181 1780 3219 es
1829 3163 1886 3217 in

223 3254 703 3310 remuneratione
733 3253 1046 3322 bonorum,
1079 3252 1163 3308 ita
1201 3253 1260 3308 in
1291 3251 1667 3309 damnatione
1706 3251 1890 3307 malo-

230 3360 390 3400 rum.

660 3432 733 3488 IN
775 3431 1124 3488 PSALMUM
1172 3430 1461 3486 LXXXIII.

304 3521 582 3578 Trruws.
629 3521 693 3576 In
738 3522 926 3592 ﬁnem,
961 3536 1063 3592 pro
1103 3519 1468 3577 torcularibus
1512 3519 1650 3591 ﬁliis
1689 3519 1819 3576 Core

922 3591 1198 3664 psalmus.

301 3722 332 3749 ‹‹
373 3700 560 3765 Quam
608 3698 841 3755 dilecta.
873 3721 902 3748 »
934 3697 1206 3756 Psalmus
1265 3699 1376 3754 iste
1435 3697 1705 3754 convenit
1751 3696 1890 3754 ﬁliis

226 3789 394 3859 Core,
428 3787 487 3842 id
518 3791 631 3856 est,
663 3787 801 3844 filiis
841 3788 1055 3860 crucis,
1088 3787 1487 3844 imitatoribus
1517 3787 1754 3855 Christi,
1789 3787 1888 3859 qui

226 3877 324 3933 hic
355 3876 640 3949 loquitur,
670 3876 909 3932 habitus
959 3893 1064 3949 pro
1108 3875 1526 3944 torcularibus,
1553 3875 1612 3931 id
1643 3879 1752 3944 est,
1784 3892 1889 3948 pro

223 3965 524 4036 Ecclesiis,
539 3982 667 4038 qua:
691 3965 1083 4021 torcularibus
1105 3969 1552 4037 comparantur;
1573 3964 1714 4036 quia
1734 3964 1890 4019 sicut

227 4056 289 4110 in
321 4054 598 4111 torculari
628 4055 1004 4127 cognoscitur
1035 4053 1175 4126 quid
1214 4053 1292 4109 sit
1320 4053 1520 4108 vinum
1552 4057 1609 4107 et
1638 4053 1778 4125 quid
1813 4051 1890 4108 sit

223 4143 454 4214 acinus,
473 4143 557 4199 sic
580 4160 682 4216 per
702 4160 1012 4216 pressurus
1035 4143 1094 4199 in
1116 4141 1375 4198 Ecclesia
1395 4140 1768 4213 cognoscitur
1785 4139 1887 4212 qui

221 4232 348 4289 sint
403 4233 564 4301 boni,
591 4236 650 4288 et
698 4231 799 4304 qui
850 4231 1029 4288 mali:
1063 4249 1167 4304 pro
1217 4230 1476 4287 Ecclesia
1521 4229 1616 4284 hic
1674 4228 1890 4285 dicitur

222 4337 419 4395 agere,
449 4322 588 4395 quia
609 4321 868 4378 ostendit
897 4321 992 4377 hic
1023 4336 1300 4394 magnam
1323 4319 1669 4392 dignitatem
1698 4317 1887 4390 ipsius

222 4409 523 4483 Ecclesiae,
548 4411 773 4468 scilicet
802 4411 957 4483 quod
1004 4427 1235 4482 semper
1282 4407 1428 4482 petit
1475 4405 1751 4464 cmlestia.
1782 4406 1886 4462 Vel

221 4517 547 4573 possumus
595 4499 787 4556 dicere
818 4499 973 4571 quod
1023 4516 1139 4555 non
1171 4499 1248 4554 sit
1274 4515 1383 4554 vox
1431 4496 1685 4553 ﬁliorum
1719 4496 1882 4566 Core,

221 4589 328 4646 sed
371 4588 692 4661 Propheta},
721 4588 810 4645 vel
858 4587 1110 4659 alicujus
1157 4586 1396 4660 perfecti
1432 4602 1446 4642 :
1481 4585 1585 4657 sic,
1619 4585 1886 4658 psalmus

1993 677 2394 735 bulationibus
2427 685 2779 749 conteratur,
2804 685 3001 736 tamen
3025 682 3098 736 ad
3121 681 3417 737 caelestem
3442 683 3652 738 Hieru-

1991 767 2174 822 salem
2209 769 2507 839 pervenire
2540 769 2856 825 desiderat.
2891 770 2954 824 In
3005 771 3264 824 secunda
3307 775 3489 842 parte,
3523 789 3652 844 quae

1991 855 2198 928 incipit
2239 874 2254 912 :
2305 859 2517 914 Beatus
2562 860 2651 914 vir
2697 859 2869 930 cujus
2915 862 3022 928 est,
3056 859 3314 914 ostendit
3366 859 3652 915 auxilium

1993 946 2148 1016 quod
2177 946 2334 1002 Deus
2363 947 2502 1002 facit
2531 946 2678 1018 suis,
2709 951 2768 1002 et
2805 963 2982 1018 quam
3029 947 3173 1003 utile
3203 947 3282 1003 sit
3311 946 3456 1002 illud
3487 948 3653 1004 auxi-

1993 1033 2161 1088 lium.
2188 1035 2252 1089 In
2282 1036 2456 1091 tertia
2483 1040 2668 1109 parte,
2691 1053 2817 1107 quae
2851 1034 3094 1107 incipit:
3128 1035 3415 1101 Quoniam
3448 1037 3658 1092 melior

1994 1126 2104 1191 est,
2129 1124 2388 1178 ostendit
2411 1125 2566 1195 quod
2603 1123 2770 1179 malit
2799 1140 2928 1180 esse
2959 1124 3224 1194 abjectus
3255 1124 3315 1179 in
3347 1125 3520 1180 domo
3551 1125 3652 1180 Dei

1995 1226 2173 1282 quam
2195 1215 2570 1282 peccatorum
2588 1212 2889 1267 abundare
2906 1211 3148 1282 divitiis,
3161 1217 3227 1268 ut
3247 1230 3350 1285 per
3369 1212 3653 1269 auxilium

1997 1300 2154 1370 quod
2180 1300 2293 1355 sibi
2326 1300 2524 1372 posuit
2556 1300 2615 1356 in
2639 1301 2900 1356 secunda
2931 1305 3118 1372 parte,
3140 1302 3326 1374 possit
3357 1301 3656 1374 pervenire

1997 1389 2070 1446 ad
2101 1388 2485 1457 desiderium,
2516 1389 2672 1461 quod
2703 1388 3012 1460 proposuit
3039 1388 3098 1444 in
3130 1389 3322 1462 prima
3351 1393 3535 1460 parte.
3570 1391 3659 1445 In-

1997 1477 2180 1534 tentio
2211 1481 2302 1534 est
2350 1478 2666 1534 admonere
2715 1495 2844 1547 nos,
2878 1482 2943 1534 ut
2971 1494 3205 1551 semper
3252 1477 3655 1534 desideremus

1998 1566 2160 1622 illam
2190 1566 2486 1622 caelestem
2520 1565 2907 1624 Hierusalem.

2069 1657 2139 1711 Et
2167 1657 2482 1711 ostendens
2517 1655 2614 1712 ille
2639 1656 2740 1728 qui
2764 1655 3046 1728 loquitur,
3071 1657 3343 1712 affectum
3366 1656 3656 1726 Ecclesiae,

1999 1743 2142 1798 dicit
2168 1760 2181 1798 :
2209 1744 2252 1799 Ο
2277 1767 2304 1794 ‹‹
2329 1744 2575 1799 Domine
2597 1745 2911 1800 virtutum!
2942 1769 2968 1794 ››
2986 1744 3048 1799 id
3069 1749 3178 1810 est,
3202 1745 3528 1802 cwlestium
3561 1764 3661 1802 an-

2000 1832 2286 1905 gelorum,
2313 1856 2340 1881 ‹‹
2376 1833 2753 1888 tabernacula
2802 1838 2904 1888 tua
2938 1856 2966 1882 ››
2999 1832 3058 1888 id
3109 1838 3219 1899 est,
3252 1833 3354 1888 illa
3401 1851 3659 1907 superna

1999 1921 2286 1976 habitatio
2339 1925 2463 1992 tua,
2498 1925 2638 1976 sunt
2694 1921 2928 1988 dilecta,
2965 1921 3020 1976 id
3067 1926 3174 1988 est,
3219 1922 3566 1991 desiderata,
3600 1927 3658 1979 et

1999 2034 2020 2060 α
2061 2026 2239 2081 quam
2289 2009 2521 2080 dilecta,
2543 2031 2572 2060 »
2606 2008 2832 2064 inﬁnite
2863 2009 3105 2064 scilicet.
3132 2009 3297 2065 lllam
3337 2027 3655 2083 supernam

1991 2099 2415 2154 habitationem
2459 2102 2628 2153 vocat
2684 2097 3154 2166 tabernaculum,
3184 2102 3423 2170 propter
3467 2099 3656 2155 solam

1992 2187 2440 2259 habitationem,
2464 2186 2602 2259 quia
2632 2186 2786 2243 sicut
2817 2187 2876 2242 in
2907 2186 3304 2244 tabernaculis
3334 2187 3656 2254 habitatur,

1993 2277 2079 2333 sic
2109 2275 2169 2330 in
2202 2275 2304 2330 illa
2334 2291 2592 2348 superna
2629 2275 3017 2331 Hierusalem.
3052 2275 3205 2331 Dum
3237 2275 3382 2330 dicit
3409 2276 3656 2332 Domine

1993 2366 2301 2433 virtutum,
2321 2364 2520 2420 innuit
2541 2381 2676 2420 eum
2698 2364 2919 2420 multas
2938 2365 3184 2420 virtutes
3214 2365 3340 2420 suis
3371 2366 3654 2436 conferre,

1994 2459 2052 2510 et
2080 2455 2209 2509 ideo
2241 2477 2268 2503 ‹‹
2307 2453 2507 2509 anima
2535 2470 2668 2510 mea
2698 2476 2726 2504 »
2760 2453 2898 2508 licet
2929 2453 3132 2508 multis
3173 2453 3657 2512 tribulationibus

1995 2559 2278 2616 oppressa
2311 2563 2338 2592 «
2381 2541 2746 2614 concupiscit
2795 2564 2824 2590 »
2871 2539 3092 2598 intrare
3137 2564 3165 2593 ‹‹
3218 2542 3276 2597 in
3337 2542 3487 2598 atria
3540 2542 3657 2599 Do-

1997 2631 2163 2698 mini,
2209 2653 2237 2680 ››
2270 2630 2327 2686 id
2389 2635 2498 2698 est,
2550 2630 2610 2685 in
2669 2647 2988 2702 supernam
3050 2629 3416 2686 Hierusalem
3475 2648 3654 2703 quam

1998 2717 2147 2774 atria
2176 2717 2446 2772 nominat
2478 2721 2715 2788 propter
2744 2715 3215 2788 amplitudinem,
3239 2740 3268 2767 «
3301 2721 3409 2772 et»
3443 2734 3655 2774 concu-

1997 2805 2276 2878 piscendo
2301 2827 2327 2854 α
2352 2803 2610 2873 deficit,»
2635 2804 2693 2858 id
2725 2807 2836 2872 est,
2869 2805 2941 2858 ab
2989 2804 3266 2860 omnibus
3314 2806 3562 2861 terrenis
3591 2823 3655 2861 se

1998 2893 2274 2960 abstinet,
2312 2892 2466 2963 quod
2498 2892 2677 2946 etiam
2717 2891 2776 2945 in
2829 2908 3069 2963 corpore
3115 2891 3365 2948 deficiat.
3399 2893 3562 2949 Unde
3591 2893 3651 2949 in

1998 2980 2255 3036 Canticis
2291 2997 2302 3034 :
2331 3002 2359 3029 ‹‹
2401 2981 2612 3034 Amore
2651 2979 2904 3051 langueo
2933 2979 3112 3048 (Cant.
3137 2982 3221 3048 ιι).
3248 3002 3277 3029 ››
3297 2980 3400 3036 Vel
3431 2981 3648 3051 deficit,

1999 3069 2137 3142 quia
2151 3071 2676 3140 quantumcunque
2694 3067 3088 3139 concupiscat,
3103 3071 3299 3123 tamen
3323 3086 3437 3124 non
3458 3073 3654 3142 potest

1998 3157 2489 3229 comprehendere
2517 3156 2801 3228 gaudium
2831 3156 2992 3212 illius
3021 3155 3291 3213 civitatis.
3314 3157 3417 3214 Vel
3437 3175 3542 3231 per
3571 3164 3653 3216 ta-

1999 3245 2315 3302 bernacula
2335 3261 2653 3318 possumus
2672 3244 2934 3318 accipere
2952 3250 3296 3318 praesentem
3308 3246 3648 3318 Ecclesiam,

1998 3340 2065 3392 ut
2091 3336 2176 3392 sic
2209 3335 2476 3390 dicamus
2514 3333 2911 3402 tabernacula,
2943 3334 3002 3389 id
3043 3338 3135 3390 est
3171 3351 3427 3408 prmsens
3457 3336 3650 3393 Eccle-

1997 3423 2105 3491 sia,
2131 3422 2191 3478 in
2223 3438 2339 3494 qua
2364 3422 2437 3476 ad
2469 3426 2706 3493 tempus
2725 3421 2831 3476 tibi
2856 3421 3212 3491 militamus;
3237 3440 3417 3496 quam
3441 3424 3654 3481 dilecta

1997 3516 2157 3581 sunt,
2193 3512 2252 3567 id
2281 3515 2390 3580 est,
2422 3527 2601 3584 quam
2652 3511 2978 3584 gloriosum
3011 3515 3070 3568 et
3097 3529 3276 3584 quam
3317 3513 3653 3586 jucundum

1999 3606 2090 3659 est
2119 3605 2274 3657 stare
2303 3604 2362 3656 et
2393 3600 2648 3656 militare
2695 3600 2804 3656 tibi
2835 3600 2896 3656 in
2926 3600 3159 3658 castris.
3191 3600 3356 3658 Unde
3401 3602 3652 3675 Aposto-

1997 3692 2092 3747 lus
2128 3707 2142 3746 :
2174 3691 2301 3748 Non
2349 3693 2581 3746 tantum
2630 3689 2957 3763 gloriamur
2984 3690 3044 3746 in
3074 3707 3197 3763 spe,
3230 3691 3332 3748 sed
3381 3692 3560 3748 etiam
3592 3691 3652 3748 in

1999 3778 2484 3837 tribulationibus
2523 3779 2697 3848 (Rom.
2729 3781 2806 3848 v).
2841 3781 2910 3833 Et
2948 3777 3222 3835 Salomon
3266 3795 3279 3833 :
3324 3779 3452 3848 Fili,
3485 3796 3654 3837 acce-

1999 3871 2144 3925 dens
2175 3870 2246 3924 ad
2278 3867 2620 3924 servitutem
2653 3866 2774 3934 Dei,
2800 3883 3063 3938 praepara
3093 3867 3352 3921 animam
3384 3871 3548 3924 tuam
3578 3869 3652 3924 ad

2000 3957 2378 4014 tentationem
2411 3957 2574 4028 (Eccl.
2605 3958 2691 4024 ιι).
2715 3956 2786 4010 Et
2813 3955 2953 4026 quia
2982 3953 3063 4008 ita
3082 3955 3351 4025 jucunda
3379 3961 3522 4024 sunt
3551 3960 3654 4012 tua

1997 4043 2396 4113 tabernacula,
2431 4044 2560 4098 ideo
2601 4043 2782 4115 diligo
2814 4041 3067 4096 militare
3116 4041 3176 4096 in
3227 4041 3366 4114 illis,
3393 4043 3532 4115 quia
3560 4059 3650 4100 se-

1996 4151 2174 4189 curus
2204 4149 2361 4201 sum,
2385 4132 2543 4204 quod
2581 4147 2684 4203 per
2712 4131 2864 4186 hanc
2896 4129 3170 4186 militiam
3213 4131 3546 4204 perveniam
3577 4132 3651 4188 ad

1994 4221 2158 4278 illam
2203 4221 2500 4277 caelestem
2554 4219 2978 4276 habitationem
3015 4237 3029 4276 :
3062 4219 3260 4276 ethoc
3291 4220 3654 4293 concupiscit

1995 4317 2053 4368 et
2080 4310 2296 4379 deﬁcit,
2331 4314 2398 4366 ut
2429 4326 2634 4382 supra.

2070 4423 2098 4452 α
2111 4401 2221 4456 Cor
2237 4415 2435 4454 meum
2453 4397 2875 4470 concupiscit,»
2887 4402 2946 4454 et
2960 4397 3070 4454 hoc
3086 4415 3221 4454 cum
3238 4396 3647 4466 exsultatione,

1995 4495 2052 4548 et
2080 4490 2192 4545 hoc
2219 4493 2328 4558 est,
2355 4512 2382 4539 «
2410 4504 2510 4544 cor
2539 4503 2736 4543 meum
2771 4509 2799 4536 ››
2823 4487 2882 4542 id
2913 4491 3022 4558 est,
3049 4487 3327 4544 secretior
3345 4503 3482 4558 pars
3511 4485 3651 4555 mei,

1995 4579 2239 4647 scilicet,
2272 4577 2470 4633 anima
2497 4591 2627 4632 mea
2657 4573 2861 4631 multis
2898 4574 3380 4631 tribulationibus
3410 4574 3648 4644 afflicta,

221 4677 338 4733 iste
368 4677 729 4750 prmponitur
759 4676 898 4733 ﬁliis
928 4677 1071 4732 Core
1102 4675 1439 4742 incitandis,
1472 4674 1714 4745 scilicet,
1743 4674 1964 4756 sim-1)
1999 4691 2028 4722 «
2058 4673 2115 4725 et
2149 4691 2177 4718 »
2199 4667 2376 4724 etiam
2399 4689 2425 4716 «
2452 4681 2585 4721 caro
2617 4681 2748 4720 mea
2779 4687 2807 4714 ››
2835 4665 2961 4736 jam
2994 4663 3203 4720 rationi
3253 4662 3647 4732 Βυῦεθΐνίθῐιεν

220 4765 571 4839 plicioribus
602 4766 956 4822 Christianis
991 4782 1004 4820 :
1041 4781 1220 4838 agens
1250 4781 1354 4837 pro
1384 4763 1800 4835 torcularibus,
1827 4764 1884 4821 id

220 4858 338 4923 est,
359 4854 432 4908 de
453 4853 750 4922 Ecclesiis,
774 4858 839 4908 ut
859 4857 1098 4909 ostensa
1121 4851 1403 4925 dignitate
1424 4851 1715 4918 Ecclesiae,
1737 4852 1888 4908 ﬁlios

219 4944 368 4999 Core
400 4948 598 4998 monet
638 4944 711 4998 ad
754 4943 1021 4999 eamdem
1057 4943 1404 5014 dignitatem
1436 4958 1766 5019 properare,
1800 4943 1887 4997 di-

221 5031 424 5104 rigens
455 5032 515 5086 in
549 5032 748 5088 ﬁnem.
771 5031 876 5087 Vel
909 5032 1027 5087 ita:
1056 5030 1324 5086 Psalmus
1350 5031 1461 5086 iste
1494 5030 1615 5102 agit
1643 5047 1747 5101 pro
1773 5034 1887 5086 tor-

223 5119 551 5192 cularibus,
582 5122 641 5175 id
689 5124 797 5188 est,
851 5137 954 5192 pro
1015 5119 1310 5190 pressuris
1361 5119 1884 5174 commendandis:

219 5208 639 5265 tribulationes
677 5214 845 5264 vocat
881 5207 1218 5278 toreularia,
1255 5207 1394 5280 quia
1442 5207 1596 5262 sicut
1636 5207 1890 5262 torcular

222 5300 462 5368 separat
492 5300 551 5352 et
580 5295 857 5368 exprimit
885 5295 1085 5352 vinum
1121 5296 1191 5350 ad
1225 5295 1433 5364 acinis,
1457 5296 1540 5350 ita
1558 5294 1886 5350 tribulatio—

223 5399 330 5438 nes
359 5381 540 5455 hujus
569 5382 697 5440 vitae
744 5383 1090 5439 discernunt
1130 5383 1315 5438 bonos
1347 5400 1381 5437 a
1410 5382 1602 5450 malis,
1636 5383 1886 5438 torcula-

222 5471 390 5528 ribus
411 5473 540 5528 dico
559 5471 892 5530 valentibus
915 5472 974 5527 in
999 5473 1200 5528 ﬁnem.
1219 5471 1383 5528 Unde
1403 5472 1620 5528 dicitur
1639 5490 1651 5529 :
1677 5473 1889 5530 Beatus

219 5561 311 5618 vir
341 5559 441 5633 qui
463 5561 672 5618 suffert
698 5561 1110 5630 tentationem,
1135 5560 1416 5633 quoniam
1439 5576 1574 5614 cum
1605 5562 1887 5632 probatus

220 5649 424 5721 fuerit,
447 5651 696 5723 accipiet
724 5667 1001 5707 coronam
1037 5651 1188 5706 vitae.
1213 5648 1457 5706 Materia
1491 5652 1581 5706 est
1607 5649 1885 5720 Ecclesia,

222 5736 284 5795 in
325 5740 619 5811 pra'ssuris
668 5739 852 5812 hujus
879 5739 1010 5796 vita
1059 5738 1270 5812 posita.
1307 5737 1518 5796 Modus
1552 5755 1564 5796 :
1602 5737 1666 5795 In
1697 5738 1888 5813 prima

1997 4755 2514 4829 multiplicioribus
2573 4753 2747 4810 malis
2805 4753 3042 4810 afﬂicta.
3078 4752 3241 4809 Unde
3292 4752 3430 4809 alibi
3477 4753 3648 4825 (Psal.

1999 4844 2387 4915 1.xn):Sitivit
2415 4844 2474 4898 in
2507 4847 2563 4899 te
2607 4842 2806 4898 anima
2836 4859 2984 4911 mea,
3020 4859 3199 4914 quam
3249 4841 3654 4913 multipliciter

1999 4936 2102 4992 tibi
2126 4951 2258 4990 caro
2283 4951 2474 4988 mea.«
2500 4931 3010 4998 Exsultaverunt,»
3029 4932 3085 4985 id
3112 4935 3223 4999 est,
3246 4947 3380 4985 cum
3403 4930 3654 4985 exsulta-

1997 5025 2154 5081 tione
2176 5022 2543 5078 sustinerunt
2561 5019 2967 5075 tribulationes
2984 5019 3162 5090 hujus
3181 5019 3326 5085 vitae,
3342 5019 3651 5074 tendentes

1998 5138 2024 5164 ‹‹
2060 5114 2118 5168 in
2146 5113 2328 5168 Deum
2355 5134 2381 5160 ››
2406 5117 2471 5165 ut
2499 5126 2635 5164 eum
2680 5109 2984 5164 obtineant
3003 5130 3031 5157 ‹‹
3065 5108 3261 5163 vivum
3288 5129 3314 5155 ››
3338 5107 3437 5178 qui
3461 5107 3650 5162 vivere

1998 5203 2136 5258 facit
2168 5201 2470 5256 tendentes
2500 5199 2573 5253 ad
2605 5214 2666 5253 se
2696 5197 2756 5251 in
2787 5197 2906 5253 vita
2934 5201 3166 5252 aeterna.

2070 5289 2297 5346 Etenim
2329 5306 2427 5344 cor
2457 5303 2654 5342 meum
2686 5284 3020 5351 exsultavit,
3052 5285 3110 5340 id
3142 5289 3249 5353 est,
3294 5283 3492 5340 anima
3523 5301 3652 5340 mea

1996 5386 2052 5436 et
2082 5397 2214 5435 caro
2245 5395 2396 5447 mea,
2421 5400 2447 5426 ‹‹
2473 5376 2687 5432 etenim
2727 5391 2949 5447 passer,
2976 5397 3004 5425 »
3038 5375 3095 5429 id
3127 5378 3234 5443 est,
3273 5374 3401 5446 ipsa
3429 5373 3646 5442 anima,

1998 5494 2026 5521 ‹‹
2058 5467 2279 5524 invenit
2322 5466 2432 5522 sibi
2466 5466 2730 5533 domum,
2755 5468 2811 5520 et
2841 5468 3055 5532 turtur,
3084 5487 3112 5513 »
3139 5463 3195 5518 id
3228 5467 3338 5534 est,
3360 5463 3490 5535 ipsa
3516 5478 3649 5518 caro

1995 5558 2218 5616 invenit
2265 5554 2377 5612 sibi
2408 5577 2437 5603 «
2472 5553 2699 5622 nidum,
2733 5552 2836 5608 ubi
2885 5555 3066 5624 ponat
3114 5551 3308 5624 pullos
3339 5568 3500 5620 suos,
3531 5572 3558 5600 ››
3591 5550 3648 5606 id

1995 5653 2104 5718 est,
2157 5647 2286 5719 ipsa
2325 5659 2502 5716 opera
2558 5659 2685 5698 sua.
2719 5640 2945 5697 Passeri
3003 5644 3377 5713 comparatur
3428 5640 3648 5710 anima,

1997 5737 2137 5812 quia
2165 5733 2318 5792 sicut
2345 5746 2550 5805 passer
2578 5727 2824 5786 dimittit
2853 5727 3052 5797 silvas,
3084 5731 3142 5785 et
3171 5727 3434 5800 nidiﬁcat
3463 5728 3524 5785 in
3552 5727 3654 5785 do-
