3936 6388
403 464 524 535 483

777 470 1184 533 HAYMONIS
1229 464 1772 528 HALBERSTAT.
1820 460 2070 527 EPISC.
2118 459 2293 525 OPP.
2333 463 2538 527 PARS
2580 466 2628 527 Ι.
2677 502 2754 511 -
2798 468 3204 531 COMMENT.
3253 469 3453 532 BIBL.

3695 469 3800 531 48ι

406 605 626 673 mibus,
649 604 709 660 in
743 603 877 660 altis
910 607 1105 658 tamen
1127 600 1292 668 locis,
1319 600 1416 656 ubi
1446 604 1610 655 tutus
1631 601 1761 654 sita
1782 598 2057 653 manibus
2086 598 2141 664 Α
2170 599 2541 670 perfectione.
2576 601 2637 656 In
2668 601 2776 657 hoc
2806 619 2975 658 versu
3009 604 3266 659 ostendit
3296 602 3578 660 auxilium
3607 603 3727 672 Dei,
3758 609 3807 659 et

404 709 720 767 puerorum
743 695 798 747 et
816 689 1043 763 laqueis
1068 707 1081 745 :
1106 689 1189 745 ita
1214 688 1404 744 ﬁdelis
1426 689 1643 756 anima,
1668 687 1934 743 dimissis
1956 691 2063 742 ter-

404 780 562 837 renis
591 780 743 846 istis,
770 778 948 834 ivenit
978 778 1090 834 sibi
1112 779 1353 833 domum
1376 776 1694 843 cmlestem,
1724 777 1781 831 in
1804 778 2059 849 quajam

403 889 504 943 spe
534 869 848 939 inhabitat,
871 872 927 922 et
957 865 1450 938 contemplatione
1476 884 1486 920 :
1513 871 1570 921 ct
1592 866 1723 921 ideo
1745 867 1871 937 jam
1890 864 2063 921 vellet

401 958 638 1015 dissolvi
669 962 727 1013 et
771 973 899 1013 esse
958 973 1095 1012 cum
1152 955 1405 1022 Christo,
1441 955 1595 1009 sicut
1649 954 1790 1010 dicit
1847 954 2063 1010 Paulus

400 1047 630 1121 (Philip.
656 1047 730 1118 1):
756 1046 815 1102 Si
846 1045 969 1101 hare
992 1045 1203 1100 domus
1239 1048 1441 1100 nostra
1474 1043 1848 1125 dissolvatur,
1885 1043 2062 1098 habe-

400 1154 566 1193 mum
597 1136 840 1191 domum
882 1151 999 1190 non
1031 1133 1452 1199 manufactam,
1487 1136 1764 1188 teternam
1799 1131 1861 1186 in
1903 1131 2063 1188 oculis

399 1227 474 1297 (II
502 1224 624 1281 Cor.
659 1226 738 1292 v).
764 1223 870 1279 Per
911 1222 1082 1293 cujus
1121 1222 1334 1276 domus
1377 1220 1931 1292 contemplationem
1963 1237 2065 1276 ca-

398 1318 494 1371 vet
524 1313 637 1371 sibi
689 1310 881 1367 ﬁdelis
928 1310 1128 1366 anima
1158 1327 1192 1365 a
1221 1308 1449 1381 laqueis
1496 1308 1895 1366 inimicorum.
1930 1310 2063 1366 Ideo

399 1402 616 1459 turturi
664 1402 1040 1472 comparatur
1087 1415 1242 1467 caro,
1267 1398 1409 1470 quia
1446 1398 1599 1454 sicut
1638 1402 1831 1454 turtur
1861 1399 2063 1473 gemit,

402 1493 483 1548 ita
504 1507 637 1547 caro
660 1488 851 1544 ﬁdelis
873 1487 1056 1560 gemit
1087 1504 1290 1559 pressa
1317 1486 1519 1543 multis
1551 1487 1824 1556 miseriis,
1848 1494 1906 1544 et
1936 1489 2066 1562 ipsa

401 1579 625 1637 invenit
657 1577 769 1634 sibi
800 1577 1032 1644 nidum,
1052 1577 1111 1631 id
1134 1580 1223 1632 est
1245 1576 1445 1646 ﬁdem,
1469 1581 1526 1633 et
1556 1576 1671 1632 alia
1698 1580 2068 1633 sacramenta

399 1653 694 1735 Ecclesiae,
728 1666 787 1720 in
820 1664 1039 1737 quibus
1073 1665 1201 1736 ipsa
1234 1670 1413 1736 ponat
1445 1664 1637 1737 pullos
1668 1683 1828 1735 suos,
1861 1666 1919 1722 id
1951 1670 2061 1734 est,

402 1760 561 1813 tutos
583 1755 757 1811 faciat
777 1758 836 1809 et
857 1751 1102 1822 nutriat,
1130 1752 1378 1821 scilicet,
1400 1753 1556 1809 bona
1584 1771 1760 1826 opera
1782 1772 1911 1827 sua,
1935 1772 2065 1827 qua:

401 1844 532 1917 ipsa
560 1846 801 1916 generat
822 1841 976 1896 sicut
997 1839 1120 1896 avis
1142 1839 1355 1912 pullos,
1376 1841 1539 1912 quia,
1561 1842 1929 1897 sicut‘turtur
1948 1860 2063 1898 non

400 1936 593 2006 potest
623 1929 848 1986 nutrire
870 1929 1062 2001 pullos
1083 1932 1247 1985 extra
1268 1929 1498 1997 nidum,
1523 1945 1631 1985 nec
1649 1933 1809 1987 tutos
1824 1930 2059 2001 habere,

399 2021 484 2077 sic
517 2019 707 2075 ﬁdelis
738 2024 903 2074 extra
932 2016 1233 2085 ﬁdem,vel
1261 2021 1423 2073 extra
1445 2017 1792 2086 Ecclesium,
1812 2036 1927 2075 non
1959 2036 2059 2092 po-

398 2114 515 2168 test
544 2109 700 2165 bona
728 2125 905 2180 opera
933 2112 992 2163 et
1020 2107 1137 2162 Deo
1163 2105 1456 2178 placentia
1487 2108 1696 2164 facere.
1722 2108 1885 2163 Unde
1917 2109 2060 2165 dici-

396 2205 515 2266 tur,
532 2223 557 2247 α
579 2198 717 2254 Sine
746 2197 862 2252 ﬁde
898 2195 1265 2268 impossibile
1294 2200 1384 2252 est
1421 2196 1572 2253 Deos
1602 2197 1832 2270 placere
1862 2198 2055 2267 (Hebr.

397 2291 483 2363 ιι).
524 2310 551 2337 ››
579 2288 649 2341 Et
676 2284 1043 2358 Augustinus
1078 2300 1091 2338 :
1125 2284 1251 2339 Non
1283 2288 1374 2339 est
1414 2284 1577 2340 locus
1603 2285 1721 2340 veri
1784 2284 2054 2341 sacriﬁcii

397 2381 561 2432 extra
588 2373 935 2429 catholicam
965 2371 1311 2428 Ecclesiam.
1329 2373 1400 2426 Et
1429 2372 1582 2427 sicut
1602 2371 1746 2444 pulli
1770 2390 1885 2427 non
1918 2376 2060 2429 sunt

396 2466 457 2520 in
490 2464 652 2534 nido,
684 2463 795 2518 nisi
829 2462 901 2517 ad
942 2461 1150 2516 horam
1190 2459 1477 2528 mansuri,
1512 2460 1597 2515 sic
1638 2459 1839 2515 ﬁdeles
1878 2460 2055 2516 etiam

395 2555 456 2610 in
487 2553 609 2609 hmc
653 2550 925 2626 praesenti
966 2548 1178 2605 militia
1216 2566 1331 2605 non
1376 2553 1517 2604 sunt
1551 2548 1903 2605 mternaliter
1932 2565 2058 2621 per-

396 2642 686 2699 mansuri.

465 2733 538 2787 Et
565 2747 739 2803 quem
774 2729 978 2784 nidum
1009 2726 1231 2783 invenit
1262 2726 1536 2782 turtur?«
1563 2726 1771 2782 altaria
1801 2731 1923 2795 tua,
1944 2751 1965 2776 ι
1994 2727 2052 2782 id

395 2824 506 2889 est,
548 2822 917 2876 sacramenta
946 2815 1238 2884 Ecclesiaa,
1286 2817 1459 2871 ﬁdem
1493 2820 1549 2871 et
1579 2816 1964 2888 baptismum,
1998 2820 2056 2870 et

395 2909 631 2978 similia,
666 2924 844 2981 super
875 2923 1003 2979 quae
1033 2922 1210 2979 opera
1266 2910 1467 2961 nostra
1498 2904 1688 2977 posita
1743 2909 1884 2959 sunt
1937 2905 2054 2960 Deo

395 2997 801 3071 acceptabilia,
832 2996 988 3051 sicut
1018 3000 1075 3051 et
1125 3012 1195 3049 ea
1221 3011 1350 3067 qua:
1389 2995 1715 3050 offeruntur
1768 2993 1827 3049 in
1885 2992 2055 3049 altari

395 3112 422 3139 ‹‹
453 3086 720 3155 Domine,
751 3086 1058 3153 virtutum,
1090 3106 1116 3133 »
1147 3084 1205 3139 id
1250 3088 1341 3139 est
1379 3082 1644 3139 omnium
1685 3082 2050 3156 angelorum,

393 3194 545 3250 quas
566 3177 803 3250 quidem
826 3174 1070 3231 virtutes
1093 3174 1281 3230 mittis
1303 3174 1474 3229 nobis
1503 3172 1562 3228 in
1585 3172 1890 3241 auxilium,
1914 3177 1972 3227 et
1991 3173 2051 3227 in

394 3267 504 3322 hoc
534 3270 775 3338 apparet
805 3264 945 3336 quia
974 3268 1038 3319 tu
1068 3280 1132 3319 es
1155 3287 1181 3312 α
1218 3280 1315 3318 rex
1347 3279 1515 3317 meus
1543 3284 1569 3311 »
1592 3262 1745 3333 quod
1780 3261 1927 3315 bene
1958 3277 2053 3316 me

2170 704 2348 759 quam
2380 688 2523 743 utile
2555 688 2651 744 sit.

2242 776 2395 831 Bene
2416 776 2545 832 dico
2567 779 2724 850 quod
2746 780 2958 852 poterit
2979 781 3287 853 disponere
3309 781 3697 849 ascensiones,
3720 781 3809 854 qui

2171 863 2349 920 habet
2377 866 2661 921 auxilium
2695 868 2818 935 Dei,
2853 868 2992 940 quia
3025 887 3138 925 non
3173 873 3401 924 tantum
3434 870 3596 925 dabit
3625 870 3674 925 ei
3708 871 3809 926 Do-

2174 954 2374 1009 minus
2396 953 2651 1010 litteram
2682 957 3069 1025 oceidentem,
3098 959 3197 1013 sed
3234 959 3507 1030 spiritum
3540 958 3811 1014 viviﬁcan-

2176 1046 2313 1109 tem,
2347 1047 2404 1097 et
2435 1043 2543 1098 hoc
2573 1049 2682 1116 est,
2714 1069 2741 1095 ‹‹
2788 1046 3005 1101 etenim
3054 1046 3377 1118 lcgislatur,
3406 1070 3432 1095 »
3457 1047 3513 1102 id
3540 1052 3646 1116 est,
3670 1049 3812 1103 Deus

2174 1129 2274 1201 qui
2305 1131 2405 1186 dat
2434 1130 2623 1204 legem
2656 1138 3015 1201 monentem,
3040 1158 3067 1184 ‹‹
3096 1133 3261 1191 dabit
3289 1135 3812 1207 benedictionem,»

2176 1218 2230 1273 id
2265 1223 2353 1275 est
2376 1220 2627 1292 gratiam
2668 1222 3065 1295 adjuvantem,
3099 1227 3155 1279 et
3203 1241 3307 1297 per
3343 1223 3505 1280 illam
3532 1248 3558 1275 ‹‹
3594 1224 3812 1281 ibunt»

2173 1306 2442 1363 homines
2464 1332 2490 1358 α
2528 1309 2599 1365 de
2643 1309 2856 1365 virtute
2886 1310 2945 1365 in
2995 1311 3290 1380 virtutem,
3319 1334 3346 1361 »
3379 1312 3437 1368 id
3468 1318 3575 1380 est,
3608 1312 3667 1369 in
3715 1312 3813 1370 hac

2174 1396 2446 1467 praesenti
2477 1396 2754 1463 Ecclesia,
2789 1404 2846 1454 et
2880 1400 3115 1455 tandem
3137 1424 3164 1449 «
3190 1400 3483 1456 videbitur
3510 1401 3665 1458 Deus
3697 1402 3816 1457 deo-

2175 1500 2307 1539 rum
2338 1483 2398 1540 in
2432 1486 2591 1555 Sion,
2619 1510 2647 1535 n
2670 1487 2894 1542 scilicet
2922 1489 3159 1560 quando
3204 1489 3360 1545 Deus
3388 1490 3499 1546 erit
3539 1490 3735 1546 omnia
3761 1489 3815 1545 in

2174 1573 2469 1631 omnibus.

2245 1684 2273 1711 ‹‹
2299 1662 2544 1719 Domine
2574 1663 2729 1721 Deus
2759 1665 3066 1721 virtutum.
3095 1689 3123 1714 »
3154 1667 3224 1722 Et
3261 1666 3401 1740 quia
3439 1670 3603 1723 tanta
3644 1667 3819 1723 bene-

2175 1749 2308 1806 ﬁcia
2334 1750 2476 1808 facis
2505 1753 2642 1821 tuis,
2671 1771 2792 1822 oro,
2818 1753 3084 1823 Domine,
3109 1756 3266 1828 quod
3286 1756 3468 1813 facias
3491 1760 3551 1813 et
3582 1755 3749 1826 mihi,
3770 1759 3821 1814 et

2174 1838 2283 1894 hoc
2314 1844 2423 1909 est,
2449 1865 2474 1890 ‹‹
2502 1842 2746 1898 Domine
2767 1842 2922 1900 Deus
2942 1843 3248 1912 virtutum,
3273 1844 3482 1901 exaudi
3504 1846 3820 1902 orationem

2176 1944 2388 1997 meam,
2422 1952 2449 1978 ››
2481 1934 2537 1986 et
2568 1947 2683 1986 non
2729 1931 3077 2004 simpliciter
3113 1932 3346 1999 exaudi,
3388 1934 3490 1990 sed
3524 1957 3551 1983 ‹‹
3586 1933 3822 1990 auribus

2169 2016 2421 2090 persipe,
2456 2040 2483 2067 »
2518 2018 2573 2073 id
2629 2024 2737 2088 est,
2773 2019 2833 2074 in
2895 2020 3180 2076 memoria
3227 2023 3498 2091 reconde,
3559 2026 3625 2077 tu
3679 2022 3819 2089 dico,

2170 2129 2196 2155 ‹‹
2233 2105 2387 2161 Deus
2415 2106 2616 2178 Jacob,
2644 2131 2670 2155 ››
2695 2107 2795 2179 qui
2826 2107 3024 2180 diligis
3068 2125 3274 2164 omnes
3304 2107 3623 2166 luctatores
3656 2115 3719 2166 te
3745 2108 3820 2166 di-

2167 2193 2436 2267 ligentes,
2471 2201 2529 2252 et
2560 2196 2688 2251 ideo
2722 2212 2815 2251 me
2851 2197 3029 2252 debes
3060 2195 3319 2269 diligere.

2238 2306 2265 2331 ‹‹
2293 2283 2605 2339 Protector.
2632 2306 2659 2332 ››
2701 2284 2839 2340 Pars
2872 2284 3063 2339 tertia.
3107 2285 3272 2341 Sicut
3317 2285 3595 2359 opposuit
3623 2288 3819 2344 oratio-

2167 2387 2322 2439 nem,
2356 2389 2473 2444 qua
2501 2376 2723 2444 peteret
2751 2372 3037 2428 auxilium
3068 2373 3192 2443 Dei,
3228 2373 3312 2429 sic
3344 2374 3491 2447 petit
3517 2374 3610 2431 hic
3641 2380 3821 2448 prote-

2166 2459 2417 2515 ctionem
2450 2459 2574 2531 Dei,
2604 2477 2783 2533 quam
2828 2461 3222 2521 necessariam
3256 2467 3491 2535 reputat
3516 2481 3636 2519 sua:
3666 2465 3819 2536 obje-

2164 2547 2341 2604 ctioni
2373 2565 2552 2621 quam
2599 2549 2876 2605 ostendit.
2911 2549 3308 2606 Continuatio.
3343 2551 3563 2608 Exaudi
3605 2553 3813 2610 oratio-

2163 2654 2320 2706 nem,
2348 2641 2407 2693 et
2427 2662 2453 2687 «
2480 2642 2543 2693 tu
2577 2642 2872 2711 protector
2898 2642 3097 2694 noster
3120 2661 3147 2688 ››
3170 2639 3396 2696 scilicet
3424 2640 3484 2696 in
3517 2642 3809 2699 adversis:

2162 2743 2195 2781 o
2226 2750 2253 2776 ‹‹
2280 2726 2463 2794 Deus;
2497 2727 2751 2799 aspice,»
2773 2730 2836 2782 ut
2864 2744 2969 2799 per
2998 2728 3459 2785 misericordiam
3494 2747 3636 2786 mea;
3667 2732 3814 2804 abje-

2162 2815 2339 2871 ctioni
2362 2815 2690 2883 subveniat,
2720 2833 2791 2871 ne
2822 2818 3206 2873 succumbam
3231 2834 3245 2873 :
3271 2841 3298 2867 ‹‹
3326 2823 3383 2873 et
3406 2841 3434 2867 ››
3455 2819 3505 2876 si
3534 2836 3652 2876 non
3684 2835 3813 2877 sum

2163 2905 2379 2976 dignus
2412 2921 2514 2975 per
2545 2921 2660 2971 me,
2691 2908 2757 2958 ut
2790 2904 2849 2959 in
2882 2921 2975 2960 me
3005 2905 3308 2977 respicias,
3332 2930 3359 2956 «
3393 2908 3615 2980 respice
3646 2908 3707 2964 in
3740 2909 3815 2965 fa-

2162 2995 2311 3050 ciem
2352 2993 2567 3049 Christi
2629 2993 2738 3064 tui,
2765 3016 2793 3042 »
2826 2994 2883 3049 id
2934 2999 3044 3063 est,
3077 2994 3517 3052 multitudinem
3566 2996 3813 3069 justitia

2162 3082 2401 3150 Christi,
2429 3100 2532 3155 per
2551 3099 2727 3154 quam
2754 3083 2880 3155 ipse
2900 3084 2973 3139 ab
2997 3084 3273 3141 omnibus
3295 3084 3580 3141 discretus
3602 3087 3735 3159 fuit,
3749 3086 3818 3144 de

2161 3173 2333 3245 cujus
2358 3172 2603 3243 justitia:
2631 3170 2995 3243 plenitudine
3017 3173 3089 3227 ad
3122 3190 3228 3229 nos
3260 3173 3481 3246 aliquid
3502 3176 3813 3231 emanavit.

2161 3268 2221 3317 et
2252 3278 2360 3317 nos
2385 3262 2713 3316 eonformes
2735 3278 2840 3332 pro
2860 3262 3036 3317 modo
3063 3266 3262 3319 nostro
3294 3263 3449 3319 fecit.
3473 3264 3540 3319 Et
3559 3279 3712 3337 Opus
3731 3268 3814 3320 est

393 3355 551 3427 regis
570 3335 637 3408 in
670 3335 942 3425 praesenti
974 3352 1207 3419 militia,
1232 3375 1259 3401 ‹‹
1292 3356 1351 3406 et
1409 3351 1566 3405 Deus
1623 3367 1789 3405 meus
1816 3373 1842 3398 ››
1874 3350 1931 3404 id
1963 3354 2055 3406 est
2082 3335 2126 3402 Ο
2165 3355 2231 3405 ut
2264 3348 2569 3422 respicias_
2586 3353 2651 3404 ut
2693 3352 3004 3421 protector,
3029 3348 3169 3422 quia
3197 3366 3303 3423 ego
3329 3349 3525 3424 «elegi
3554 3335 3814 3423 abjectus
3902 3406 3903 3420 χ

393 3442 635 3497 Greator
665 3457 855 3496 meus.
873 3438 973 3494 Vel
1008 3439 1123 3493 ita:
1160 3456 1364 3510 passer
1392 3438 1611 3493 invenit
1641 3439 1753 3493 sibi
1785 3440 2049 3508 domum,

393 3528 621 3586 scilicet
647 3526 855 3583 altaria
878 3530 999 3581 tua.
1034 3527 1286 3581 Domum
1327 3526 1622 3582 cmlestem
1653 3530 1820 3583 vocat
1848 3527 2052 3595 altare,

394 3616 535 3689 quia
564 3633 658 3673 res
690 3615 808 3671 alta
842 3618 935 3671 est
966 3631 980 3670 :
1014 3615 1086 3670 de
1140 3618 1367 3670 turture
1400 3631 1515 3670 non
1574 3619 1841 3671 mutatur
1895 3617 2049 3688 quod

392 3705 619 3761 dictum
656 3709 766 3761 est.

464 3817 493 3844 ‹‹
530 3794 686 3850 Beati
721 3792 844 3866 qui.
864 3815 891 3841 »
913 3792 1184 3849 Ostendit
1206 3792 1275 3848 ad
1302 3810 1474 3865 quem
1503 3793 1675 3849 ﬁnem
1711 3795 1788 3849 sit
1808 3794 1929 3851 hinc
1950 3794 2054 3850 mi-

394 3884 532 3941 litiae
565 3887 935 3957 perventura,
972 3881 1197 3938 scilicet
1225 3883 1297 3937 ad
1330 3882 1508 3937 vitam
1539 3884 2050 3939 mternam.Conti-

392 3972 594 4030 nuatio
629 3990 642 4027 :
678 3973 767 4028 Tu
800 3971 948 4027 dicis
993 3970 1131 4043 quia
1162 3988 1365 4041 passer
1422 3970 1644 4026 invenit
1700 3972 1963 4039 domum,
1996 3975 2054 4027 et

388 4067 590 4119 turtur
618 4060 847 4129 nidum,
881 4065 938 4115 et
970 4077 1072 4133 per
1112 4060 1218 4116 hoc
1257 4059 1610 4116 habitabunt
1647 4060 1706 4115 in
1748 4061 1921 4116 domo
1950 4065 2055 4117 tua

390 4150 631 4219 caelesti,
665 4150 823 4223 quod
865 4167 981 4204 non
1031 4152 1089 4204 et
1140 4165 1406 4220 parvum,
1446 4149 1585 4220 quia
1614 4173 1641 4199 ‹‹
1677 4149 1829 4205 beati
1854 4172 1881 4199 »
1913 4154 2055 4206 sunt

388 4239 501 4309 illi,
522 4262 549 4288 ‹‹
576 4238 679 4310 qui
708 4237 981 4293 habitant
1014 4237 1070 4291 in
1095 4237 1270 4293 domo
1291 4242 1415 4306 tua,
1438 4237 1707 4306 Domine,
1728 4260 1755 4286 »
1778 4237 1880 4294 illa
1900 4255 1915 4294 ζ
1944 4238 2052 4294 hoc

390 4328 566 4384 modo
611 4325 788 4393 beati,
833 4324 1077 4395 scilicet,
1110 4324 1249 4397 quia
1285 4346 1306 4375 ι
1341 4325 1399 4382 in
1440 4325 1659 4381 saecqu
1701 4326 2050 4383 saeculorum

388 4416 721 4475 laudabunt
749 4419 806 4471 te
841 4437 867 4464 ››
902 4415 960 4470 in
993 4432 1109 4487 quo
1168 4419 1412 4488 apparet
1457 4416 1744 4489 gaudium
1792 4416 2053 4488 illorum,

390 4508 530 4581 quia
562 4505 610 4563 si
643 4504 1151 4574 contristarentur,
1182 4522 1298 4561 non
1329 4504 1656 4562 laudarent.

462 4619 492 4647 ‹‹
524 4596 805 4652 Beatus.»
841 4595 980 4650 Pars
1011 4594 1287 4650 secunda.
1326 4594 1414 4649 llli
1448 4598 1623 4650 erunt
1657 4594 1831 4665 beati,
1859 4595 1961 4669 qui
1992 4596 2052 4652 in

2161 3454 2290 3494 esse
2335 3436 2395 3492 in
2454 3437 2631 3492 domo
2660 3436 2782 3505 Dei,
2810 3460 2838 3486 ››
2871 3438 2928 3493 id
2979 3442 3088 3507 est,
3121 3438 3181 3495 in
3242 3438 3499 3496 Ecclesia
3544 3439 3813 3512 praesenti

2164 3549 2194 3578 «
2212 3527 2400 3599 magis
2418 3542 2595 3598 quam
2617 3526 2885 3583 habitare
2900 3526 2957 3583 in
2978 3527 3372 3585 tabernaculis
3388 3533 3810 3602 peccatorum,-

2161 3616 2218 3671 id
2276 3618 2385 3684 est,
2421 3631 2598 3687 quam
2631 3614 2850 3672 divitiis
2907 3615 3209 3673 abundare
3266 3617 3420 3673 inter
3464 3621 3813 3690 peccatores.

2160 3704 2417 3761 Electiva
2435 3703 2621 3761 oratio
2643 3708 2750 3760 est.
2776 3706 2920 3761 Cum
2948 3705 3091 3761 dicit
3116 3705 3515 3776 tabernacula,
3531 3722 3661 3779 quae
3683 3709 3817 3763 sunt

2160 3792 2505 3849 transitoria
2539 3797 2596 3848 ct
2625 3792 2684 3848 in
2717 3793 2932 3865 quibus
2983 3794 3137 3850 brevi
3189 3798 3450 3868 tempore
3496 3794 3814 3861 habitatur,

2162 3882 2357 3938 innuit
2373 3899 2442 3938 ea
2460 3900 2573 3938 non
2592 3898 2720 3938 esse
2737 3883 3086 3954 appetenda.
3103 3882 3251 3939 Cum
3269 3883 3410 3939 dicit
3423 3888 3812 3956 peccatorum,

2162 3971 2421 4027 ostendit
2440 3987 2508 4026 ea
2532 3970 2786 4027 maxime
2807 3988 2935 4027 esse
2957 3972 3237 4045 fugienda
3259 3988 3273 4028 :
3297 3977 3355 4028 et
3369 3972 3673 4045 praamittit
3693 3988 3813 4029 cau-

2162 4077 2311 4129 sam,
2337 4076 2518 4131 quare
2542 4076 2605 4115 se
2623 4058 2801 4132 elegit
2829 4077 2957 4116 esse
2989 4060 3282 4132 abjectum
3314 4065 3373 4117 et
3402 4061 3810 4134 despicabilem

2160 4150 2221 4205 in
2257 4151 2429 4205 domo
2460 4147 2572 4221 vel,
2605 4148 2688 4204 sic
2722 4166 2734 4204 :
2765 4172 2792 4198 ‹‹
2827 4149 2968 4221 quia
3002 4148 3207 4205 melior
3254 4152 3343 4206 est
3385 4149 3510 4206 dies
3535 4172 3563 4199 ››
3596 4150 3811 4207 scilicet

2162 4238 2264 4294 illa
2294 4256 2422 4311 quae
2449 4242 2539 4295 est
2569 4260 2597 4287 ‹‹
2625 4255 2795 4306 una,»
2823 4237 2881 4293 id
2912 4243 3023 4310 est,
3054 4237 3355 4309 continua,
3388 4238 3483 4295 cui
3512 4254 3808 4312 nunquam

2163 4327 2490 4383 succedunt
2520 4326 2793 4395 tenebrze,
2822 4349 2848 4376 «
2885 4326 2945 4382 in
2977 4327 3145 4391 atriis
3177 4326 3316 4398 tuis,
3341 4351 3370 4377 »
3397 4328 3453 4384 id
3486 4332 3598 4401 est,
3631 4328 3692 4384 in
3721 4344 3813 4384 ce-

2163 4416 2295 4473 lesti
2328 4414 2714 4484 habitatione,
2737 4438 2765 4465 ‹‹
2800 4431 2980 4487 super
3021 4415 3211 4473 millia
3238 4439 3266 4465 ››
3297 4415 3522 4472 dierum
3570 4415 3808 4473 istorum

2164 4503 2599 4562 transeuntium
2623 4519 2772 4575 quos
2794 4508 3082 4577 appetunt
3099 4504 3288 4562 stulti.
3310 4505 3619 4577 Abjectum
3651 4522 3715 4563 se
3732 4521 3811 4560 os-

2164 4593 2354 4651 tendit
2380 4592 2583 4662 David,
2617 4609 2751 4648 cum
2784 4610 2846 4649 se
2877 4593 3238 4650 denudatum
3271 4592 3537 4651 saltando
3568 4599 3705 4650 ante
3733 4610 3811 4649 ar-

390 4686 566 4741 domo
595 4689 699 4741 tua
727 4684 1099 4751 babitabunt,
1118 4687 1175 4738 et
1198 4682 1376 4739 etiam
1394 4682 1497 4771 ille
1513 4706 1540 4733 «
1565 4683 1652 4739 vir
1681 4684 1888 4741 beatus
1912 4708 1939 4736 »
1964 4690 2055 4743 est
2081 4706 2130 4771 D
2162 4700 2293 4740 eam
2348 4681 2601 4749 Domini,
2661 4698 2799 4737 cum
2858 4698 2987 4737 eam
3046 4684 3347 4740 reduceret
3379 4699 3393 4740 :
3429 4684 3584 4741 unde
3641 4683 3807 4739 etiam

391 4797 419 4824 «
454 4774 627 4845 cujus
656 4778 748 4829 est
778 4772 1063 4828 auxilium
1096 4794 1125 4820 ››
1158 4776 1361 4827 contra
1390 4770 1814 4843 impedimenta
1844 4775 2052 4832 mundi

393 4886 419 4911 ‹‹
456 4864 562 4919 abs
592 4867 671 4934 te,
699 4884 726 4911 ››
749 4860 808 4917 id
840 4865 947 4929 est,
974 4878 1009 4917 a
1038 4865 1112 4927 te,
1157 4860 1284 4917 ideo
1316 4860 1542 4930 beatus,
1568 4862 1707 4933 quia
1743 4862 1839 4919 ille
1878 4863 2053 4921 homo

391 4952 492 5023 qui
526 4951 754 5024 positus
785 4954 876 5005 est
904 4973 929 4998 α
966 4948 1024 5004 in
1054 4948 1202 5005 valle
1244 4948 1660 5022 lacrymarum,
1699 4974 1727 5000 »
1760 4951 1818 5007 id
1850 4957 1958 5022 est,
1994 4954 2053 5009 in

393 5039 647 5096 miseriis
679 5040 859 5111 hujus
898 5038 1125 5107 mundi,
1162 5062 1187 5087 ‹‹
1224 5038 1517 5110 disposuit
1546 5039 1605 5094 in
1653 5043 1825 5097 corde
1870 5060 1997 5110 suo,
2026 5065 2053 5091 ››

393 5129 618 5184 scilicet
648 5145 780 5184 cum
816 5145 1031 5199 magna
1062 5127 1285 5182 ratione
1333 5132 1393 5196 et
1433 5128 1740 5201 diligentia
1767 5132 2058 5187 ordinavit

394 5241 420 5265 ‹‹
456 5217 852 5281 escensiones,
881 5239 906 5263 η
934 5216 988 5270 id
1022 5220 1127 5283 est,
1154 5216 1439 5287 quosdam
1465 5217 1684 5288 gradus
1716 5220 2057 5290 proﬁciendi

394 5306 466 5360 de
496 5306 709 5361 virtute
737 5305 793 5360 in
817 5304 1093 5361 virtutem
1121 5321 1132 5359 :
1161 5305 1536 5360 aseensiones
1568 5306 1719 5374 dico,
1743 5311 2060 5380 perducen-

394 5398 481 5449 tes
513 5412 650 5452 eum
675 5419 702 5445 ‹‹
737 5395 795 5449 in
830 5392 1026 5449 locum
1060 5410 1235 5465 quem
1271 5394 1468 5465 posuit
1495 5418 1521 5442 ››
1558 5396 1702 5467 ipse,
1730 5397 1783 5452 id
1821 5403 1927 5467 est,
1952 5418 2060 5459 ccc-

396 5479 601 5537 lestem
636 5484 902 5549 domum,
937 5499 1112 5552 quem
1146 5481 1335 5536 solum
1371 5482 1496 5554 ipse
1529 5483 1721 5540 locum
1758 5490 2061 5561 proposuit

396 5569 507 5625 sibi
569 5577 842 5644 appetere
887 5575 945 5625 et
985 5588 1202 5627 amare.
1234 5571 1333 5626 Vel
1394 5573 1452 5626 in
1514 5572 1639 5629 loco
1697 5592 1875 5647 quem
1935 5574 2060 5652 ipse

397 5653 571 5712 homo
602 5660 823 5729 posuit,
858 5659 916 5712 id
951 5663 1057 5725 est,
1092 5659 1227 5713 fecit
1255 5676 1324 5714 ex
1354 5665 1590 5732 peccato
1633 5664 1804 5734 primi
1850 5684 2060 5739 paren-

402 5739 498 5819 tis,
532 5744 670 5812 quia
701 5746 855 5801 Deus
897 5763 1013 5802 non
1059 5748 1275 5802 creavit
1304 5762 1440 5807 eum
1480 5748 1539 5805 in
1574 5751 1832 5824 miseria,
1866 5756 1967 5814 sed
1999 5756 2058 5813 in

2166 4791 2311 4829 uxor
2343 4788 2453 4827 sua
2484 4771 2787 4826 deridebat
2816 4788 2973 4827 eum.

2236 4862 2370 4918 Ideo
2402 4859 2547 4933 elegi
2582 4860 2846 4931 abjectus
2896 4877 3027 4918 esse
3054 4885 3083 4911 ‹‹
3120 4861 3260 4934 quia
3287 4862 3437 4919 Deus
3468 4860 3663 4934 diligit
3707 4858 3809 4917 mi-

2168 4950 2547 5007 sericordiam
2584 4972 2604 4997 υ
2635 4949 2842 5018 facere,
2879 4950 2935 5004 id
2988 4955 3098 5017 est,
3130 4954 3366 5022 peccata
3404 4950 3719 5017 remittere,
3757 4951 3809 5004 et

2159 5039 2454 5113 justitiam
2482 5039 2620 5093 dare
2645 5055 2657 5093 :
2680 5061 2707 5087 ‹‹
2734 5043 2791 5094 et
2817 5062 2842 5087 ››
2866 5038 3059 5112 diligit
3080 5064 3107 5089 ‹‹
3139 5040 3396 5110 veritate,
3419 5063 3447 5089 ››
3470 5040 3526 5094 id
3559 5044 3670 5111 est,
3695 5054 3809 5112 pro-

2169 5129 2482 5184 missiones
2513 5126 2803 5198 complere
2827 5144 2838 5182 :
2863 5132 2921 5183 et
2943 5128 3082 5199 quia
3113 5128 3302 5202 diligit
3332 5128 3806 5197 misericordiam,

2169 5217 2331 5273 dabit
2361 5216 2503 5271 mihi
2528 5217 2775 5286 abjecto,
2796 5221 2853 5271 et
2883 5216 3211 5272 ambulanti
3232 5218 3291 5271 in
3314 5218 3485 5273 domo
3507 5234 3667 5284 sua,«
3693 5232 3808 5288 gra-

2168 5307 2373 5374 tiam,»
2395 5305 2451 5360 id
2485 5310 2595 5371 est,
2620 5305 3027 5362 remissionem
3060 5311 3429 5378 peccatorum
3454 5324 3467 5361 :
3492 5310 3549 5362 et
3578 5307 3717 5378 quia
3735 5304 3809 5359 di-

2170 5398 2300 5470 ligit
2328 5395 2693 5461 veritatem,«
2722 5396 2934 5464 dabit»
2963 5396 3105 5452 mihi
3132 5420 3159 5447 ‹‹
3192 5397 3477 5453 Dominus
3502 5396 3806 5469 gloriam,»

2172 5488 2228 5541 id
2261 5490 2368 5555 est,
2395 5484 2699 5558 praemium
2733 5502 2872 5541 mea:
2917 5485 3158 5553 militiae,
3185 5503 3362 5558 quam
3396 5486 3520 5559 ipse
3550 5482 3810 5559 promisit

2171 5576 2447 5632 omnibus
2470 5573 2583 5629 sibi
2607 5574 3018 5631 militantibus.
3034 5576 3294 5632 Gratiam
3317 5580 3373 5633 et
3391 5575 3634 5647 gloriam
3658 5571 3809 5629 dabit

2170 5664 2478 5731 Dominus,
2513 5680 2626 5718 non
2661 5662 3045 5735 quibuslibet,
3080 5665 3181 5720 sed
3214 5664 3419 5721 bonis:
3455 5668 3512 5719 et
3542 5663 3647 5718 boc
3679 5664 3763 5717 est
3792 5675 3805 5716 :

2174 5780 2200 5805 ‹‹
2231 5771 2348 5810 non
2379 5751 2630 5826 privabit
2658 5751 2828 5809 bonis
2862 5769 2960 5810 eos
2991 5753 3092 5828 qui
3125 5752 3431 5813 ambulant
3459 5752 3521 5812 in
3550 5752 3812 5811 innocen-
