3936 6384
185 502 306 565 485

1352 505 1852 587 EXPLANATIO
1895 504 1976 565 ΙΝ
2023 506 2405 568 PSALMOS.

3487 516 3643 579 486-

186 636 295 704 tia,
332 658 358 685 »
389 635 447 692 id
479 639 588 709 est,
621 642 992 710 perseverant
1021 639 1079 694 in
1114 639 1447 696 innocentia
1480 657 1492 695 :
1526 644 1581 697 et
1628 640 1778 709 ideo,
1809 656 1842 695 ο
1870 637 1927 705 Α
1954 637 2191 709 Christi,
2224 655 2326 712 per
2357 641 2544 713 ipsius
2575 643 2909 699 adventum.
2948 645 3078 700 Duae
3111 650 3251 701 sunt
3280 650 3607 720 generatio-

188 748 217 774 ‹‹
253 725 498 781 Domine
526 725 835 797 virtutum,
851 728 1059 783 beatus
1090 728 1267 784 homo
1290 730 1389 801 qui
1418 734 1614 802 sperat
1646 728 1704 783 in
1730 734 1842 784 te.»

626 850 697 906 ΙΝ
739 851 1086 907 PSA1.MUM
1132 853 1409 909 LXXXIV.

406 958 660 1011 Trruws
695 974 707 1011 :
741 960 805 1012 In
838 958 1002 1028 ﬁnem
1027 960 1169 1029 ﬁliis
1202 964 1337 1017 Core
1354 961 1621 1032 psalmus.

264 1104 291 1131 ‹‹
328 1081 701 1149 Benedixisti,
727 1083 992 1138 Domine.
1032 1106 1059 1133 »
1103 1084 1371 1140 Psalmus
1420 1086 1530 1141 iste
1579 1087 1847 1142 convenit

190 1169 336 1226 ﬁliis
366 1171 528 1235 Core,
564 1170 664 1242 qui
698 1170 1042 1244 loquuntur,
1071 1172 1159 1229 vel
1188 1174 1404 1245 quibus
1453 1176 1798 1248 proponitur
1830 1192 1842 1230 :

191 1258 456 1332 dirigens
481 1259 539 1314 in
574 1260 775 1325 ﬁnem,
804 1259 861 1315 id
896 1266 1004 1328 est,
1038 1261 1098 1316 in
1130 1261 1449 1319 Christum.
1484 1264 1727 1319 Materia
1758 1268 1849 1319 est

190 1346 423 1420 primus
455 1347 669 1404 Christi
702 1349 1012 1418 adventus,
1028 1352 1332 1407 conferens
1360 1353 1627 1408 Ecclesia:
1660 1352 1849 1407 multa

189 1436 497 1492 beneﬁcia.
532 1437 764 1494 Modus.
801 1439 861 1493 In
896 1440 1087 1510 prima
1117 1444 1301 1512 parte,
1326 1441 1580 1496 ostendit
1609 1440 1847 1495 benedi-

191 1524 449 1581 ctionem
499 1540 629 1581 esse
660 1514 859 1581 datam
909 1531 1096 1600 terra},
1126 1532 1327 1584 contra
1374 1530 1847 1585 maledictionem

191 1630 369 1686 quam
396 1614 557 1670 dedit
585 1615 634 1670 ei
655 1620 894 1688 propter
913 1620 1219 1688 peccatum
1243 1618 1549 1686 Adae,cum
1580 1618 1798 1674 diceret
1830 1635 1844 1673 :

263 1726 292 1753 ‹‹
327 1702 637 1759 Maledicta
657 1703 813 1759 terra
842 1705 900 1759 in
933 1721 1104 1776 opere
1136 1710 1237 1761 tuo
1267 1707 1508 1775 (6022.3).
1528 1728 1557 1756 »
1580 1708 1849 1763 Secunda

190 1809 329 1865 pars
346 1791 555 1865 incipit
579 1809 591 1846 :
619 1816 646 1842 ‹‹
664 1792 946 1865 Mitigasti
965 1793 1111 1849 iram
1131 1799 1354 1862 tuam,»
1378 1796 1437 1850 in
1461 1812 1576 1867 qua
1593 1796 1849 1852 ostendit

192 1881 623 1953 mitigationem
656 1882 753 1936 irae
784 1882 910 1951 Dei,
940 1899 1117 1953 quam
1142 1884 1304 1953 juste
1336 1884 1738 1939 sustineamus
1780 1901 1849 1939 ex

190 1973 431 2043 peccato
454 1970 627 2070 primi
652 1971 1014 2071 parentis.ln
1046 1972 1219 2027 tertia
1251 1977 1433 2044 parte,
1449 1988 1575 2043 quae
1615 1972 1842 2045 incipit.
1877 2005 1927 2071 Β

193 2080 221 2109 κ
235 2058 487 2113 Audiam
501 2057 641 2130 quid
656 2057 986 2131 loquatur,»
1001 2059 1309 2115 manifeste
1322 2062 1635 2116 annuntiat
1652 2061 1848 2133 ipsum

189 2146 407 2204 Christi
431 2147 832 2215 adventum,et
852 2148 1044 2203 innuit
1064 2163 1167 2220 per
1182 2164 1356 2220 quem
1379 2148 1488 2204 hoc
1502 2149 1603 2204 ﬁat
1614 2150 1852 2207 etdecet

192 2235 295 2291 ubi
310 2235 581 2291 Christus
593 2240 747 2291 esset
768 2236 1124 2292 nasciturus.
1140 2237 1390 2293 Intentio
1416 2242 1633 2293 estnos
1655 2238 1851 2295 admo-

190 2329 438 2397 nere,ut
467 2341 601 2380 eum
634 2342 849 2397 magna
879 2325 1264 2382 exsultatione
1295 2326 1511 2382 Christi
1534 2328 1849 2384 adventum

189 2413 612 2486 suscipiamus,
632 2430 734 2488 per
763 2431 941 2487 quem
965 2419 1129 2471 tanta
1154 2416 1439 2472 beneﬁcia
1455 2417 1847 2489 possidemus.

264 2501 439 2568 Quasi
457 2502 541 2558 sic
562 2502 813 2559 diceret:
840 2521 872 2559 ο
896 2527 923 2553 ‹‹
950 2504 1213 2575 Domine,
1228 2509 1445 2561 terram
1473 2527 1500 2554 »
1523 2523 1651 2579 qum
1684 2507 1849 2578 prius

189 2580 509 2646 maledicta
535 2595 661 2647 erat
688 2591 748 2646 in
776 2608 947 2665 opere
966 2593 1310 2659 Adae,modo
1335 2593 1546 2649 factam
1564 2616 1592 2644 ‹‹
1619 2600 1785 2649 tuam
1821 2616 1848 2644 »

193 2679 489 2751 recipiens
511 2680 826 2736 adventum
852 2679 979 2736 Filii
1012 2681 1097 2736 tui
1128 2680 1189 2735 in
1221 2681 1399 2749 ﬁde,«
1424 2682 1795 2754 benedixisti,
1824 2706 1851 2731 ››

184 2768 277 2823 ita
307 2768 550 2836 scilicet,
575 2791 603 2818 «
638 2768 897 2824 avertisti
929 2769 1351 2840 captivitatem,
1378 2792 1405 2818 »
1439 2770 1496 2824 id
1523 2774 1851 2841 est,pecca-

189 2862 345 2924 tum,
380 2874 482 2929 per
511 2857 668 2928 quod
701 2873 907 2912 omnes
937 2862 1070 2912 ante
1098 2858 1412 2913 adventum
1444 2857 1661 2914 Christi
1692 2864 1849 2913 tene-

190 2934 416 3001 bantur
450 2944 665 3017 captivi
695 2960 729 3000 a
757 2944 1009 3011 diabolo,
1045 2968 1072 2993 ‹‹
1103 2945 1303 3013 Jacob,
1342 2969 1369 2993 ι»
1414 2946 1473 3000 id
1507 2951 1614 3013 est,
1649 2946 1849 3018 populi

190 3033 380 3099 illius,
412 3032 514 3105 qui
544 3031 669 3087 vult
697 3033 821 3088 ﬁeri
857 3032 1069 3088 similis
1098 3034 1298 3089 Jacob.

269 3141 298 3171 ‹‹
336 3118 657 3176 Remisisti.
681 3143 708 3168 »
735 3122 893 3175 Hanc
915 3120 1138 3176 scilicet
1154 3122 1549 3194 captivitatem
1563 3128 1849 3194 avertens,

192 3236 222 3261 ιι
260 3208 611 3282 remisisti,»
641 3209 698 3264 id
731 3212 841 3276 est,
866 3208 1130 3265 remittes
1179 3232 1207 3259 ‹‹
1241 3209 1614 3282 iniquitatem
1663 3210 1851 3283 plebis

190 3304 310 3354 tua:
342 3320 371 3348 »
402 3297 462 3352 in
495 3297 885 3369 baptismo,et
905 3314 1019 3352 non
1054 3302 1285 3353 tantum
1316 3300 1600 3367 remittes,
1634 3300 1734 3355 sed
1767 3300 1851 3355 sic

190 3411 222 3438 ‹‹
259 3386 565 3460 operuisti,
604 3409 632 3435 »
666 3387 726 3442 id
786 3389 894 3454 est,
942 3387 1306 3459 cooperies,«
1365 3389 1566 3444 omnia
1617 3393 1853 3461 peccata

188 3491 401 3534 eorum
419 3497 449 3525 »
478 3478 545 3531 ut
565 3475 693 3547 jam
717 3492 834 3531 non
855 3475 1093 3530 veniant
1113 3475 1173 3530 in
1192 3481 1572 3549 conspectum
1590 3482 1855 3545 tuum,ut

189 3554 410 3639 punias
435 3581 503 3620 ea
517 3562 1120 3630 eternaliter,scilicet
1141 3568 1198 3619 et
1222 3570 1526 3637 peccatum
1551 3565 1855 3637 dimisisti,

190 3657 255 3711 et
284 3668 518 3724 panem
548 3646 793 3725 peccati.
828 3652 992 3709 Unde
1023 3651 1161 3708 alibi
1193 3670 1207 3708 :
1244 3676 1269 3703 α
1306 3654 1387 3708 Ex
1417 3654 1615 3710 usuris
1643 3661 1703 3710 et
1736 3655 1851 3710 ini-

191 3740 422 3813 quitate
453 3741 705 3798 redimes
738 3741 969 3797 animas
990 3757 1210 3797 eorum.
1239 3742 1409 3813 (Psal.
1436 3743 1607 3814 Lxxi).
1642 3767 1671 3794 «
1705 3744 1856 3800 Miti-

192 3828 375 3902 gasti.
402 3851 430 3879 »
462 3827 603 3886 Pars
637 3831 915 3886 secunda.
952 3830 1129 3896 Quasi
1175 3830 1393 3903 aliquis
1429 3831 1647 3889 diceret
1678 3850 1691 3887 :
1725 3833 1850 3889 Non

192 3917 369 3974 credo
391 3917 576 3974 Deum
604 3919 976 3991 iniquitatem
1002 3919 1318 3989 remisisse,
1335 3925 1570 3993 peccata
1588 3922 1851 3994 operuis-

192 4006 656 4064 se.Contradicit
672 4006 1051 4081 Evangelium
1076 4024 1089 4063 :
1110 4007 1256 4063 Vere
1270 4009 1572 4079 remisisti,
1588 4011 1850 4081 operuis-

188 4095 260 4166 ti,
275 4094 482 4167 quia,o
504 4095 745 4151 Domine
768 4095 959 4151 «iram
984 4119 1014 4145 »
1046 4112 1221 4168 quam
1244 4096 1505 4152 habuisti
1530 4113 1632 4169 pro
1656 4114 1854 4168 pecca-

188 4184 271 4239 tis
319 4183 588 4239 omnium
635 4183 966 4251 hominum,
995 4185 1053 4240 id
1085 4191 1192 4253 est,
1239 4201 1416 4256 quam
1449 4184 1707 4242 habebas
1747 4204 1850 4259 pro

188 4271 447 4346 singulis
476 4272 887 4345 peccatis,non
922 4273 1051 4329 dico
1083 4291 1327 4347 prorsus
1358 4274 1679 4339 removisti,
1715 4275 1855 4345 quia

189 4378 405 4418 sumus
434 4361 715 4418 mortales
745 4366 803 4417 et
834 4363 1164 4435 passibiles,
1197 4364 1299 4419 sed
1333 4386 1361 4412 ‹‹
1396 4361 1699 4435 mitigasti,
1734 4384 1762 4412 »
1791 4364 1848 4418 id

188 4456 302 4519 est,
327 4450 531 4505 mitem
556 4450 768 4516 fecisti,
788 4449 928 4522 quia
944 4452 1071 4523 jam
1090 4451 1499 4508 tribulationes
1520 4456 1660 4507 sunt
1681 4452 1851 4508 nobis

189 4539 366 4597 mites
396 4543 455 4596 et
505 4538 899 4609 delectabiles,
935 4542 1060 4612 qua:
1101 4540 1161 4595 in
1199 4541 1370 4596 nobis
1417 4557 1582 4613 spem
1624 4546 1849 4596 aeterna:

189 4628 406 4685 salutis
451 4633 755 4701 generant,
789 4653 817 4679 α
852 4633 910 4685 et
952 4628 1208 4686 avertisti
1232 4653 1260 4681 »
1295 4635 1350 4686 te
1381 4653 1409 4681 «
1442 4631 1514 4686 ab
1564 4631 1651 4686 ira
1697 4630 1850 4686 indi-

1958 745 2080 797 nes,
2117 746 2234 784 una
2261 730 2418 801 Adm,
2443 748 2569 803 quae
2602 733 2924 789 carnalium
2957 738 3065 805 est,
3081 733 3196 789 alia
3225 734 3608 810 Christi,qua3

1957 817 2281 888 spiritualis
2314 824 2423 890 est,
2458 820 2681 876 scilicet
2712 822 2945 877 illorum
2980 823 3077 895 qui
3113 841 3174 879 se
3207 825 3439 880 Christo
3471 845 3608 883 con-

1946 906 2206 961 formare
2256 914 2543 963 conantur
2572 927 2583 963 ε
2610 928 2643 964 a
2686 928 2803 981 qua
2851 912 3005 966 sicut
3055 912 3424 984 expelluntur
3468 916 3609 971 mali

1955 994 2393 1064 Christiani,sic
2424 998 2599 1052 etiam
2632 999 3020 1055 includuntur
3051 1000 3132 1055 illi
3168 1002 3301 1058 boni
3336 1003 3438 1075 qui
3482 1004 3611 1060 fue-

1958 1089 2095 1139 runt
2125 1091 2260 1140 ante
2287 1088 2601 1142 adventum
2635 1089 2874 1144 Christi.

2028 1198 2055 1223 ‹‹
2090 1175 2345 1241 Deus,tu
2370 1198 2395 1224 »
2431 1194 2546 1232 non
2567 1178 2841 1233 extendes
2872 1177 3179 1246 iram,sed
3197 1203 3224 1230 «
3244 1198 3561 1240 conversus
3584 1206 3609 1231 »

1957 1262 2029 1317 ab
2061 1263 2149 1318 ira
2174 1286 2200 1313 ‹‹
2223 1264 2543 1319 viviﬁcabis
2567 1282 2673 1321 nos
2700 1288 2725 1313 »
2758 1265 3145 1338 spiritualiter
3170 1285 3275 1340 per
3294 1270 3610 1326 adventum

1958 1350 2109 1418 Filii,
2146 1374 2173 1401 «
2205 1356 2261 1405 et
2292 1352 2458 1424 plebs
2488 1356 2590 1408 tua
2620 1374 2647 1402 »
2679 1354 2991 1425 viviﬁcata,
3023 1381 3048 1404 «ι
3078 1354 3373 1413 laetabitur
3403 1358 3462 1414 in
3494 1363 3549 1415 te
3582 1380 3609 1409 »

1949 1439 2075 1510 jam
2108 1457 2313 1495 secura
2344 1441 2413 1495 de
2446 1446 2662 1497 aeterna
2691 1442 3076 1499 beatitudine.

2028 1530 2099 1583 Et
2124 1534 2189 1583 ut
2219 1528 2384 1602 plebs
2417 1535 2518 1585 tua
2548 1531 2734 1602 possit
2761 1531 3039 1588 viviﬁcari
3070 1538 3127 1587 et
3166 1530 3367 1603 lmtari,
3393 1551 3426 1590 0
3459 1558 3486 1586 «
3511 1534 3617 1591 Do-

1958 1616 2137 1689 mine,
2162 1619 2404 1674 ostende
2437 1620 2605 1674 nobis
2636 1619 3102 1677 misericordiam
3133 1626 3319 1691 tuam,
3342 1646 3368 1673 »
3396 1624 3620 1680 scilicet

1959 1705 2172 1761 Filium
2207 1711 2397 1775 tuum,
2419 1712 2483 1763 ut
2515 1708 2714 1763 mittas
2735 1725 2909 1780 quem
2933 1704 3225 1766 missurus
3250 1728 3348 1766 es:
3375 1713 3618 1767 ostende

1956 1794 2199 1863 scilicet,
2219 1800 2283 1851 ut
2313 1812 2739 1868 cognoscamus
2757 1794 2979 1868 eum,et
3008 1798 3057 1853 si
3090 1816 3205 1854 non
3233 1816 3439 1856 omnes
3469 1817 3614 1872 prae-

1956 1883 2146 1939 sentia
2167 1884 2446 1956 corporis,
2461 1889 2657 1940 tamen
2693 1902 2797 1958 per
2826 1886 3026 1954 ﬁdem,
3044 1910 3071 1936 ‹‹
3107 1892 3164 1941 et
3188 1909 3214 1937 »
3240 1905 3354 1943 non
3380 1892 3614 1944 tantum

1956 1973 2332 2041 ostende,sed
2367 1972 2544 2027 etiam
2578 1972 2721 2028 illud
2757 1973 3056 2029 «salutare
3086 1978 3254 2030 tuum
3285 1977 3362 2030 da
3383 1976 3612 2045 nobis,»

1959 2065 2023 2115 ut
2051 2077 2180 2116 vere
2212 2060 2395 2116 salvet
2427 2078 2556 2130 nos,
2585 2066 2645 2117 et
2673 2067 2740 2117 ut
2768 2078 2903 2118 cum
2944 2063 3003 2118 in
3054 2064 3167 2119 ﬁde
3198 2068 3525 2136 teneamus,
3557 2070 3616 2122 et

1958 2149 2234 2221 operibus
2252 2149 2608 2205 imitemur.«
2620 2150 2868 2206 Audiam
2891 2152 3100 2223 quid.»
3126 2152 3264 2208 Pars
3277 2153 3618 2209 tertia.Con-

1957 2236 2225 2292 tinuatio.
2244 2236 2400 2309 Rogo
2429 2237 2690 2306 ostende,
2711 2238 2785 2292 da
2822 2237 3101 2306 salutare,
3122 2242 3180 2293 et
3207 2255 3452 2295 securus
3481 2255 3614 2294 sum

1961 2326 2115 2398 quod
2168 2326 2365 2395 facies,
2400 2326 2538 2397 quia
2569 2350 2595 2375 «
2633 2326 2917 2381 Dominus
2968 2327 3123 2382 Deus
3156 2349 3184 2376 »
3215 2327 3476 2399 loquitur
3498 2350 3527 2378 ‹‹
3557 2327 3616 2384 in

1961 2432 2112 2480 me,»
2135 2420 2191 2470 et
2217 2438 2244 2464 ‹‹
2265 2415 2405 2487 quid
2428 2415 2707 2487 loquatur
2730 2436 2757 2465 »
2782 2432 2888 2487 ego
2912 2440 2937 2465 «
2974 2415 3268 2487 audiam,»
3294 2416 3352 2471 id
3376 2420 3486 2487 est,
3502 2434 3616 2473 non

1961 2504 2326 2572 oblatrando,
2348 2504 2447 2560 sed
2480 2505 2677 2577 potius
2707 2521 3077 2576 compescam
3111 2521 3205 2560 me
3234 2522 3269 2560 a
3300 2504 3619 2560 mundanis

1961 2593 2187 2660 istis,et
2218 2593 2363 2648 bene
2392 2593 2573 2648 debeo
2604 2593 2807 2649 audire
2840 2609 3048 2661 eum,«
3071 2593 3352 2665 quoniam
3375 2600 3407 2645 »
3434 2594 3494 2648 in
3528 2609 3621 2649 me

1966 2679 2288 2751 «loquetur
2315 2696 2576 2751 pacem,»
2603 2680 2660 2735 id
2693 2683 2802 2747 est,
2832 2680 3211 2735 annuntiabit
3249 2680 3393 2735 mihi
3421 2680 3619 2752 ipsum

1964 2767 2309 2839 Filium,qui
2329 2768 2439 2823 erit
2465 2773 2669 2822 auctor
2692 2769 2853 2840 pacis
2877 2774 2934 2822 et
2957 2767 3450 2824 reconciliationis
3472 2768 3625 2824 inter

1964 2857 2146 2911 Deum
2169 2861 2227 2910 et
2257 2855 2579 2923 hominem,
2606 2872 2809 2928 pacem
2842 2856 2970 2911 dico
3002 2873 3118 2910 non
3151 2857 3222 2910 ad
3257 2872 3482 2925 omnes,
3516 2857 3618 2912 sed

1963 2968 1990 2993 ‹‹
2025 2944 2083 2999 in
2118 2943 2346 3015 plebem
2381 2960 2572 2998 suam.
2609 2966 2634 2991 »
2666 2944 2805 2998 Dico
2836 2943 2895 2997 in
2927 2943 3155 3015 plebem
3180 2960 3372 3015 suam,
3388 2966 3415 2993 «
3440 2948 3497 2999 et
3525 2961 3621 3000 su-

1964 3050 2066 3104 per
2086 3035 2320 3086 sanctos
2342 3047 2539 3097 suos,»
2562 3031 2617 3086 id
2642 3031 2828 3098 est,in
2869 3031 3105 3103 eos,qui
3137 3035 3272 3087 ante
3303 3032 3618 3088 adventum

1962 3120 2150 3192 ipsius
2180 3119 2526 3176 sanctiﬁcati
2556 3118 2933 3189 erant,veluti
2963 3118 3256 3174 Abraham
3274 3123 3331 3174 et
3348 3120 3620 3176 consimi-

1961 3209 2296 3281 les,quibus
2328 3208 2565 3280 quidem
2589 3209 2840 3263 adventu
2870 3207 3081 3263 Christi
3115 3226 3317 3281 pacem
3341 3224 3475 3264 cum
3499 3209 3617 3265 Dee

1962 3296 2232 3364 contulit,
2270 3296 2370 3368 qui
2418 3312 2519 3351 eos
2549 3297 2621 3351 de
2672 3294 2925 3351 tenebris
2972 3295 3186 3351 inferni
3237 3295 3525 3365 liberavit,
3558 3299 3618 3351 et

1963 3405 2076 3443 non
2110 3390 2339 3441 tantum
2370 3401 2548 3457 super
2578 3389 2834 3449 sanctos,
2868 3384 2970 3440 sed
2993 3407 3020 3433 ‹‹
3042 3384 3234 3466 etiam
3266 3384 3326 3439 in
3358 3401 3457 3440 eos
3509 3383 3612 3456 qui

1962 3478 2381 3532 convertuntur
2427 3475 2499 3529 ad
2548 3489 2713 3541 cor,»
2745 3474 2803 3528 id
2831 3477 2940 3541 est,
2973 3473 3047 3529 ad
3091 3474 3399 3541 rationem,
3433 3472 3614 3528 veluti

1961 3564 2235 3639 gentiles,
2266 3564 2365 3636 qui
2397 3562 2563 3635 prius
2593 3562 2839 3618 dimisso
2869 3564 3503 3631 Creatore,creaturam
3527 3578 3618 3619 co-

1964 3653 2289 3726 lentes,per
2317 3652 2634 3707 adventum
2665 3650 2881 3707 Christi
2913 3654 3054 3707 sunt
3083 3650 3365 3709 conversi
3391 3651 3463 3707 ad
3495 3668 3618 3722 cor,

1962 3742 2185 3799 scilicet
2213 3745 2278 3797 ut
2300 3743 2426 3814 jam
2460 3740 2724 3814 diligenti
2759 3740 2984 3796 ratione
3015 3738 3211 3796 colant
3240 3756 3415 3795 suum
3447 3741 3616 3796 Crea-

1961 3836 2168 3899 torem,
2202 3835 2260 3886 et
2289 3829 2373 3886 sic
2420 3847 2523 3901 per
2568 3830 2883 3885 adventum
2928 3826 3143 3883 Christi
3175 3827 3432 3883 habeant
3478 3842 3615 3882 cum

1962 3920 2078 3975 Deo
2101 3935 2323 3991 pacem.

2032 4008 2198 4064 Dicto
2228 4007 2478 4062 adventu
2529 4004 2768 4074 Christi,
2795 4002 3148 4058 determinat
3194 4002 3370 4058 etiam
3419 4001 3615 4059 locum

1961 4115 2080 4152 suae
2102 4094 2419 4150 nativitatis
2439 4091 2729 4163 eis,quasi
2761 4092 2843 4146 ita
2880 4092 3134 4146 diceret:
3160 4090 3268 4145 Per
3297 4090 3613 4149 adventum

1959 4186 2087 4256 ejus
2119 4182 2289 4238 multi
2321 4183 2752 4246 convertentur,
2783 4179 2884 4235 sed
2916 4184 3117 4235 tamen
3167 4196 3283 4234 non
3329 4180 3483 4250 apud
3513 4197 3614 4236 eos

1959 4272 2224 4328 Christus
2255 4274 2546 4337 nascetur,
2581 4269 2682 4323 sed
2715 4268 2868 4323 inter
2893 4268 3152 4340 Judaeos,
3170 4272 3227 4324 et
3274 4267 3383 4324 hoc
3420 4268 3566 4324 dicit
3598 4284 3611 4324 :

1961 4385 1988 4411 ‹‹
2020 4361 2439 4416 Verumtamen
2470 4374 2648 4430 prope
2677 4357 2953 4412 timentes
3001 4372 3159 4425 eum,
3192 4378 3221 4407 »
3261 4356 3319 4411 id
3368 4360 3478 4425 est,
3509 4356 3614 4412 Ju-

1959 4452 2136 4519 dzeos,
2171 4448 2271 4521 qui
2304 4448 2488 4503 Deum
2512 4445 2620 4502 soli
2652 4444 2999 4501 dicebantur
3028 4444 3403 4517 timere,quia
3424 4444 3615 4517 legem

1957 4541 2089 4613 ejus
2121 4534 2623 4610 receperant,licet
2653 4533 2848 4607 potius
2869 4550 2972 4605 pro
2994 4531 3420 4606 temporalibus
3435 4548 3613 4604 quam

1960 4647 2064 4702 pro
2094 4625 2430 4683 cmlestibus
2466 4626 2576 4680 Deo
2594 4621 3015 4691 servirent,crit
3046 4620 3346 4678 «salutare
3368 4620 3615 4693 ipsius,»

190 4714 490 4794 gnationis
520 4722 656 4788 tuae,
694 4740 721 4767 »
754 4717 979 4774 scilicet
1007 4722 1074 4774 ut
1104 4735 1221 4774 non
1252 4717 1472 4775 inferas
1496 4735 1700 4792 pcenas
1719 4736 1852 4793 pro-
1882 4732 1930 4797 D
1961 4719 2021 4773 id
2052 4721 2160 4784 est,
2190 4715 2372 4771 Filius
2401 4712 2503 4770 Dei
2533 4711 2722 4784 ipsius
2754 4710 3016 4783 perﬁciet
3054 4709 3305 4765 salutem
3354 4709 3614 4766 humano

186 4807 464 4863 cedentes
493 4822 564 4862 ex
591 4811 693 4862 tua
724 4806 1148 4881 indignatione,
1182 4806 1427 4863 scilicet
1453 4812 1700 4864 azternas
1731 4825 1849 4880 pce-

185 4911 316 4952 nas.
353 4895 423 4951 Et
452 4897 517 4951 ut
547 4895 696 4951 iram
722 4899 836 4951 tua:
865 4895 1289 4968 indignationis
1310 4913 1424 4951 non
1444 4895 1837 4965 incurramus,

185 5010 214 5036 ‹‹
246 4989 518 5042 converte
553 5001 659 5040 nos
689 5006 718 5035 »
759 4984 830 5040 ab
880 4984 1225 5041 inﬁdelitate
1273 4984 1344 5040 ad
1396 4985 1594 5056 ﬁdem,
1625 5009 1653 5036 «
1688 4986 1844 5042 Deus

183 5072 469 5130 salutaris
499 5069 720 5145 noster,
758 5095 784 5121 »ο
816 5073 872 5128 id
904 5078 1013 5141 est,
1047 5072 1149 5145 qui
1199 5089 1302 5145 per
1350 5073 1667 5129 adventum
1718 5074 1842 5130 Filii

182 5161 273 5217 tui
304 5161 476 5217 nobis
499 5160 752 5217 salutem
783 5162 1034 5230 confers,
1067 5165 1125 5217 et
1156 5185 1184 5211 ‹‹
1217 5179 1251 5217 a
1276 5162 1447 5217 nobis
1478 5184 1505 5211 »
1553 5164 1848 5220 conversis

184 5273 213 5299 «
250 5253 446 5305 averte
477 5250 628 5305 iram
662 5253 826 5305 tuam
862 5273 889 5299 η
921 5254 1223 5306 aeternam.

256 5338 397 5394 Dico
429 5343 642 5405 averte,
678 5344 737 5395 et
765 5344 1015 5406 avertes,
1042 5340 1182 5411 quia
1212 5362 1240 5389 «
1274 5341 1542 5412 nunquid
1592 5341 1651 5396 in
1684 5346 1847 5397 mter-

183 5444 331 5483 num
363 5427 635 5485 irasceris
680 5428 896 5484 nobis?
926 5450 954 5479 »ι
989 5429 1115 5484 Non
1148 5434 1326 5498 certe,
1357 5429 1495 5501 quia
1542 5429 1847 5501 placabilis

181 5516 299 5573 eris
330 5515 390 5571 in
423 5517 674 5573 adventu
698 5516 828 5572 Filii
850 5518 960 5589 tui,
979 5516 1187 5573 saltem
1218 5541 1245 5567 «
1268 5522 1369 5573 aut
1398 5519 1675 5574 extendes
1697 5519 1845 5575 iram

182 5610 348 5663 tuam
377 5622 413 5661 a
432 5606 809 5678 generatione
839 5627 867 5657 »
900 5607 1059 5671 Adm,
1092 5605 1187 5662 cui
1232 5610 1456 5662 certum
1500 5612 1591 5663 est
1638 5611 1695 5662 te
1732 5607 1844 5664 ira-

178 5699 309 5751 tum
342 5694 527 5751 fuisse
558 5699 797 5769 propter
844 5700 1151 5769 peccatum
1182 5718 1211 5745 ‹‹
1236 5696 1296 5749 in
1346 5697 1785 5769 generationem
1817 5720 1845 5747 ››

177 5784 419 5844 Christi.
450 5784 575 5842 Non
608 5786 837 5859 utique,
852 5786 971 5841 imo
996 5784 1301 5860 placabilis
1331 5786 1448 5843 eris
1476 5787 1839 5862 generationi

1962 4806 2180 4882 generi,
2214 4805 2296 4859 ita
2327 4803 2438 4859 erit
2468 4802 2611 4857 illud
2644 4801 2921 4869 salutare,
2955 4822 2983 4849 ‹‹
3017 4802 3083 4855 ut
3110 4797 3317 4871 gloria,
3351 4820 3378 4848 »
3413 4798 3469 4853 id
3503 4802 3613 4867 est,

1952 4901 2078 4969 ipse
2121 4893 2304 4950 Filius
2355 4915 2383 4942 «
2437 4890 2725 4946 inhabitet
2765 4912 2793 4939 »
2839 4888 3150 4961 prasentia
3197 4886 3458 4960 corporis
3489 4910 3515 4937 «
3551 4886 3612 4942 in

1954 4992 2109 5041 terra
2139 4986 2358 5047 nostra,
2393 5002 2422 5031 »
2455 4979 2514 5034 id
2546 4984 2655 5047 est,
2691 4980 2749 5033 in
2779 4977 3003 5033 Judzea.

2030 5096 2057 5125 «
2091 5068 2508 5137 Misericordia,
2543 5073 2600 5122 et
2628 5067 2862 5123 veritas.
2896 5089 2923 5115 »
2955 5065 3223 5122 Ostendit
3250 5065 3391 5137 quid
3438 5064 3613 5120 faciat

1958 5164 2055 5219 ille
2088 5163 2337 5218 adventu
2363 5157 2577 5214 Christi
2611 5157 2811 5225 nobis;
2844 5156 2994 5223 dico,
3029 5154 3286 5210 salutare
3317 5153 3615 5209 hahitabit

1960 5255 2019 5309 in
2052 5258 2227 5319 terra,
2259 5254 2315 5305 et
2341 5266 2443 5321 per
2472 5248 2667 5319 ipsum
2701 5267 2729 5296 «
2759 5244 3139 5301 obviaverunt
3179 5242 3312 5311 sibi,
3351 5264 3372 5291 ι
3409 5241 3466 5295 id
3499 5246 3608 5307 est,

1957 5343 2110 5397 inter
2138 5358 2199 5396 se
2231 5341 2628 5395 convenerunt
2648 5336 2705 5390 in
2731 5336 2856 5406 ipso
2875 5333 3105 5389 Christo
3135 5356 3162 5383 ‹‹
3186 5331 3608 5396 misericordia,

1957 5436 2015 5486 et
2044 5430 2277 5494 veritas,
2312 5449 2340 5477 ››
2371 5425 2469 5497 qui
2504 5424 2718 5479 dicitur
2746 5410 2980 5490 veritas,
3013 5423 3155 5493 quia
3202 5421 3261 5475 in
3304 5437 3371 5475 eo
3412 5419 3612 5474 omnia

1958 5517 2250 5592 promissa
2278 5532 2382 5587 per
2404 5512 2720 5584 Prophetas
2740 5514 2879 5567 sunt
2901 5509 3211 5581 completa,
3230 5508 3353 5580 ipse
3375 5522 3609 5580 quoque

1956 5604 2363 5664 misericordia
2382 5601 2619 5669 dicitur,
2635 5599 2915 5673 quoniam
2934 5599 3095 5654 dedit
3123 5598 3287 5653 vobis
3308 5596 3607 5652 remissio-

1955 5714 2091 5753 nem
2116 5697 2488 5767 peccatorum
2520 5696 2579 5745 et
2600 5689 2716 5745 alia
2742 5687 3026 5744 beneﬁcia
3046 5704 3149 5760 per
3180 5686 3365 5742 solam
3388 5685 3613 5741 miseri-

1955 5784 2214 5845 cordiam
2240 5796 2433 5853 suam,
2453 5778 2675 5847 scilicet
2709 5778 2767 5834 in
2799 5777 2927 5852 ipso
2956 5780 3352 5837 convenerunt
3381 5774 3609 5837 Novum
