3936 6398
391 490 507 556 Δ8Ἷ

821 489 1232 550 HAYMONIS
1265 487 1804 549 HALBERS’I‘A'I‘.
1839 486 2088 550 EPISC.
2117 488 2292 550 OPP.
2326 492 2528 553 PARS
2560 493 2608 553 Ι.
2642 528 2718 537 -
2746 493 3157 554 COMMENT.
3188 492 3384 555 BIBL.

3688 497 3788 556 488

397 628 455 683 et
473 626 657 681 Vetus
677 623 1142 678 Testamentum.
1167 620 1232 676 In
1263 619 1496 676 Christo
1527 622 1924 676 convenerunt
1946 619 2050 676 mi-
2076 619 2134 688 Α
2163 622 2305 681 suis.
2344 623 2405 680 In
2438 625 2608 682 tertia
2638 628 2822 697 parte,
2848 641 2976 697 quae
3010 625 3218 697 incipit
3247 642 3262 682 :
3300 648 3327 675 ι(
3359 626 3514 682 Deus
3545 626 3789 698 iniqui,»

398 714 717 774 sericordia
745 716 801 766 et
831 710 1141 778 veritas,in
1174 710 1452 766 omnibus
1468 728 1602 767 vero
1623 711 1819 784 ipsum
1839 709 2056 766 Christi
2164 716 2436 784 precatur
2465 715 2791 770 secundum
2822 732 2892 771 ea
2907 733 3036 788 qua:
3058 713 3536 786 postpassionem
3559 732 3790 788 sequun-

395 807 711 863 adventum
735 800 1209 873 exspectantibus
1241 799 1538 871 «justitia,
1559 804 1616 855 et
1645 817 1758 872 pax
1780 799 2053 856 osculata;

394 901 594 965 sunt,»
627 895 686 949 id
716 889 1568 960 est,oonvenerunt.Nisienim
1592 890 1859 946 Christus
1885 892 2058 950 adve‘

393 988 600 1057 nisset,
631 984 810 1040 homo
839 997 946 1037 nec
973 979 1274 1052 justitiam
1304 979 1547 1036 haberet
1587 997 1722 1036 cum
1773 981 1910 1053 Deo,
1946 997 2052 1038 nec

392 1091 619 1150 pacem.

465 1166 598 1222 Ideo
619 1165 1016 1220 convenerunt
1046 1160 1543 1229 misericordia,et
1570 1159 2049 1232 veritas,justitia

389 1259 449 1313 et
499 1272 631 1328 pax,
689 1252 829 1326 quia
879 1273 908 1302 «
939 1249 1153 1307 veritas
1183 1272 1213 1302 »
1266 1249 1556 1318 Christus,
1593 1271 1621 1300 «
1661 1253 1789 1304 orta
1840 1253 1930 1305 est
1975 1251 2048 1306 de

389 1349 547 1401 terra
568 1368 589 1395 ιι
625 1344 697 1400 de
716 1342 1105 1415 virgine,quzs
1130 1343 1286 1396 terra
1315 1338 1426 1394 fuit
1454 1339 1772 1408 fructifera,
1799 1361 1826 1390 «
1848 1343 1905 1394 et
1929 1363 1956 1391 ››
1979 1357 2048 1397 ex

390 1432 501 1490 hoc
531 1455 559 1484 «
577 1431 816 1504 justitia
843 1431 915 1486 de
946 1427 1110 1498 caalo,
1141 1449 1171 1480 »
1199 1428 1256 1486 id
1289 1431 1397 1496 est,
1430 1427 1669 1484 homine
1719 1429 2043 1500 Dominico,

388 1522 480 1579 vel
509 1523 582 1578 de
610 1519 774 1591 cmlo,
807 1518 864 1574 id
897 1521 1008 1584 est,
1041 1517 1379 1574 coelestibus
1407 1517 1786 1586 creaturis,in
1827 1519 2046 1591 quibus

389 1611 532 1670 solis
554 1628 626 1667 an
634 1614 689 1666 te
701 1608 1016 1665 adventum
1028 1605 1243 1663 Christi
1255 1610 1381 1662 erat
1392 1605 1645 1677 justitia,
1665 1630 1692 1658 «
1705 1608 2001 1681 prospexit
2017 1631 2044 1659 ››

387 1716 569 1775 super
588 1714 762 1756 omne
782 1695 1074 1753 homines.
1088 1695 1191 1751 Vel
1224 1695 1393 1752 aliter
1417 1714 1429 1751 :
1451 1696 1691 1767 justitia
1709 1702 1767 1753 et
1788 1715 1899 1770 pax
1913 1714 2045 1755 vere

386 1793 530 1848 sunt
559 1787 856 1855 osculataz,
875 1786 1015 1858 quia
1041 1784 1255 1842 veritas
1285 1789 1374 1840 est
1402 1789 1529 1840 orta
1559 1786 1630 1841 de
1662 1787 1906 1856 terra,id
1930 1791 2041 1854 est,

387 1881 458 1936 de
489 1896 663 1935 carne
695 1881 897 1934 nostra
935 1874 1276 1948 peccatriee,
1311 1874 1533 1930 scilicet
1581 1892 1708 1942 nos,
1741 1877 1840 1948 qui
1878 1877 2043 1950 prius

2162 808 2281 871 tur,
2312 803 2535 860 scilicet
2564 805 2635 860 de
2665 821 2774 859 sua
2802 803 3242 876 glorificatione.
3270 804 3520 860 Intentio
3567 809 3658 860 est
3701 821 3792 861 nos

2161 892 2406 949 invitare
2425 894 2498 949 ad
2529 894 2838 949 orandum.

2231 984 2552 1039 Attendens
2584 986 2780 1040 autem
2808 983 3078 1039 Christus
3107 998 3170 1038 se
3194 982 3519 1039 secundum
3544 981 3792 1037 humani-

2161 1076 2340 1128 tatem
2375 1090 2489 1128 non
2539 1089 2711 1144 posse
2757 1072 3116 1144 contingere,
3148 1071 3221 1126 ad
3271 1071 3372 1126 Dei
3418 1069 3791 1141 altitudinem,

2159 1161 2330 1233 quasi
2359 1161 2632 1218 infirmus
2655 1165 2884 1235 rogaret
2903 1161 3506 1232 medicum,preeatur
3533 1160 3794 1226 Deum,ut

2157 1268 2263 1322 per
2310 1250 2776 1308 misericordiam
2825 1249 3258 1308 condescendat
3305 1265 3424 1304 sua:
3455 1247 3790 1314 infirmitati,

2157 1340 2242 1396 sic
2274 1341 2510 1397 dicens:
2538 1363 2566 1391 «
2589 1339 2832 1408 Inelina,
2857 1339 3124 1406 Domine,
3147 1354 3350 1394 aurem
3370 1341 3534 1394 tuam
3565 1337 3793 1406 mihi,et

2157 1430 2366 1485 exaudi
2398 1446 2550 1498 me,»
2571 1434 2630 1486 et
2654 1446 2803 1502 opus
2821 1433 2912 1486 est
2927 1433 2992 1485 ut
3020 1427 3267 1485 inclines
3288 1450 3316 1478 ‹‹
3341 1428 3620 1500 quoniam
3643 1449 3670 1477 ››
3691 1443 3793 1482 non

2155 1535 2399 1590 possum
2430 1535 2524 1575 me
2553 1519 2625 1575 ad
2657 1522 2714 1574 te
2761 1517 2973 1587 levare,
3009 1515 3148 1590 quia
3186 1540 3214 1567 ‹‹
3248 1516 3420 1588 inops
3445 1533 3578 1574 sum
3611 1539 3638 1564 »
3669 1514 3795 1588 quia

2155 1627 2224 1666 ex
2254 1626 2348 1666 me
2379 1626 2493 1666 non
2526 1609 2713 1666 habeo
2738 1608 2973 1665 divitias
3003 1607 3183 1679 huius
3214 1606 3434 1673 saeculi,
3459 1630 3485 1657 ‹‹
3511 1609 3568 1662 et
3587 1621 3796 1678 pauper

2153 1716 2288 1757 sum
2318 1714 2446 1771 ego,
2466 1718 2497 1750 ι»
2530 1697 2671 1771 quia
2702 1715 2892 1771 neque
2921 1714 2990 1754 ex
3020 1697 3134 1753 alio
3165 1696 3351 1754 habeo
3386 1694 3618 1751 divitias
3637 1695 3792 1750 istas.

2157 1811 2186 1840 (ι
2209 1788 2447 1845 Custodi
2467 1787 2728 1844 animam
2748 1804 2941 1843 meam
2960 1809 2988 1837 ››
3013 1802 3048 1842 a
3068 1784 3478 1842 conformitate
3492 1783 3794 1848 malorum,

2153 1882 2212 1934 et
2259 1877 2566 1950 praetendit
2608 1877 2907 1944 meritum,
2941 1877 3144 1934 dicens
3195 1897 3222 1926 «
3253 1875 3530 1947 quoniam
3565 1876 3796 1929 sanctus

385 1969 512 2026 sola
539 1985 690 2024 vana
719 1971 777 2022 et
807 1965 955 2022 falsa
987 1964 1370 2032 faciebamus,
1404 1965 1901 2037 modooperemur
1927 1966 2040 2022 vir-
2070 1995 2120 2060 Β
2153 1984 2308 2036 sum,
2342 1989 2369 2016 »
2403 1967 2460 2022 id
2493 1970 2602 2032 est,
2633 1965 2922 2022 immunis
2952 1983 2987 2021 a
3017 1968 3255 2036 peccato
3305 1961 3500 2019 saeculi
3541 1966 3600 2017 et
3628 1977 3799 2016 unus-

383 2062 592 2126 tutem,
627 2054 850 2114 scilicet
904 2053 1338 2111 accusationem
1397 2055 1469 2110 de
1526 2055 1806 2125 peccatis,
1855 2055 2041 2112 Deum

381 2147 659 2216 colentes,
693 2145 886 2201 solum
910 2145 1144 2215 justum
1195 2146 1533 2215 reputantes
1580 2147 1637 2198 et
1688 2143 1804 2199 alia
1832 2145 2041 2216 hujus-

384 2235 567 2306 modi,
598 2238 656 2291 et
685 2232 824 2305 quia
846 2232 1153 2288 veritatem
1183 2247 1519 2304 operamus,
1549 2233 1678 2288 ideo
1699 2233 1941 2304 justitia
1969 2235 2040 2290 de

374 2324 526 2390 calo
555 2321 870 2398 prospexit.

450 2412 683 2470 Etenim
715 2409 1042 2467 secundum
1063 2409 1218 2465 hanc
1238 2409 1589 2465 sententiam
1613 2409 1698 2466 ita
1727 2409 2035 2467 continua-

383 2503 605 2560 bimus.
638 2501 793 2557 Bene
841 2498 994 2566 dico,
1029 2498 1182 2570 quod
1213 2515 1322 2554 nos
1351 2515 1664 2570 operamur
1710 2500 2032 2570 veritatem,

379 2614 410 2644 «
442 2589 660 2649 etenim
690 2587 978 2645 Dominus
1009 2587 1172 2642 dabit
1200 2586 1645 2660 benignitatem,
1673 2611 1701 2637 »
1724 2588 1783 2644 id
1816 2590 2035 2656 est,fu-

378 2685 551 2737 turus
574 2683 666 2736 est
691 2677 792 2734 ille
821 2693 926 2750 per
968 2691 1144 2748 quem
1192 2675 1358 2731 dabit
1383 2676 1832 2750 benignitatem,
1855 2679 1913 2734 id
1946 2683 2036 2736 est

377 2768 666 2842 Spiritum
687 2767 968 2822 Sanctum
993 2764 1244 2836 benigne
1256 2764 1541 2820 nosintus
1563 2765 2034 2838 inspirantem,et

377 2875 481 2932 per
505 2857 616 2914 hoc
644 2855 809 2911 dabit
837 2854 989 2910 hanc
1011 2852 1610 2926 benignitatem,quia
1641 2877 1670 2905 «
1701 2859 1874 2924 terra,
1913 2880 1941 2907 »
1972 2858 2031 2912 id

375 2951 486 3017 est,
517 2945 680 3019 virgo
707 2943 912 3010 Maria,
948 2965 977 2993 κ
1000 2945 1226 3010 nostra,
1258 2965 1286 2991 ››
1317 2941 1374 2997 id
1421 2947 1531 3011 est,
1563 2944 1634 2999 de
1685 2948 1887 3001 nostra
1936 2964 2035 3002 na.

373 3040 529 3104 tura,
563 3057 592 3086 ι(
621 3032 788 3090 dabit
817 3032 1075 3088 fructum
1106 3047 1302 3101 suum,
1338 3053 1366 3081 »
1401 3031 1460 3087 id
1481 3035 1591 3101 est,
1616 3031 1802 3088 filium
1830 3052 2029 3091 suum.

377 3125 463 3180 Ad
494 3123 749 3196 primam
781 3120 1133 3178 sententiam
1179 3119 1262 3176 ita
1308 3121 1689 3176 continuatur
1719 3139 1732 3178 :
1764 3123 1910 3178 Vere
1960 3125 2031 3179 de

373 3218 531 3272 terra
560 3215 688 3269 orta
715 3215 806 3267 est
830 3209 1066 3278 veritas,
1081 3209 1138 3264 id
1160 3208 1569 3280 est,Christus,
1584 3210 1724 3283 quia
1744 3211 2031 3270 Dominus

374 3298 1061 3373 dabitbenignitatem,id
1078 3302 1187 3366 est,
1201 3297 1450 3371 gratiam
1469 3299 1826 3372 aspirantem
1848 3318 2026 3374 quam

377 3407 493 3446 non
523 3390 709 3452 daret,
742 3387 858 3442 nisi
909 3403 1014 3459 per
1059 3385 1379 3455 Christum,
1413 3390 1471 3443 et
1513 3390 1668 3444 terra
1717 3394 1936 3459 nostra,
1967 3391 2028 3448 id

374 3482 486 3544 est,
503 3491 637 3533 caro
657 3475 938 3542 humana,
957 3474 1215 3546 aspirata
1230 3473 1333 3530 illa
1350 3474 1714 3548 benignitate
1737 3477 2032 3547 Dei,dabit

375 3568 634 3622 fructum
667 3579 868 3635 suum,
898 3561 960 3618 id
987 3566 1078 3618 est
1099 3562 1256 3619 bona
1282 3579 1478 3634 opera.

445 3655 516 3715 Et
545 3677 575 3704 «
607 3650 845 3725 justitia
873 3671 903 3704 ››
937 3653 1140 3707 nostra
1190 3671 1219 3701 «
1250 3654 1387 3707 ante
1428 3667 1564 3708 eum
1614 3651 1962 3722 ambulabit,
1995 3678 2024 3707 »

375 3743 606 3818 parabit
631 3741 788 3798 viam
818 3757 937 3812 qua
967 3739 1124 3796 Deus
1156 3739 1218 3795 in
1249 3756 1358 3796 nos
1389 3739 1724 3797 descendat.
1757 3742 1860 3798 Vel
1892 3748 2028 3801 ante

373 3849 532 3902 eum,
554 3831 610 3887 id
645 3833 756 3899 est,
785 3829 847 3885 in
879 3827 1244 3901 beneplaeito
1291 3828 1440 3900 ejus,
1479 3850 1507 3880 «
1537 3833 1596 3885 et
1643 3835 1868 3903 ponet»
1903 3833 2027 3905 ipse

376 3924 548 3990 Deus,
566 3944 593 3972 «
618 3919 678 3975 in
694 3917 788 3974 via
815 3941 842 3968 »
865 3935 983 3990 qua
998 3917 1156 3973 imus
1178 3917 1247 3972 ad
1264 3933 1422 3985 eum,
1438 3941 1465 3967 ‹‹
1486 3933 1726 3989 gressus
1748 3937 1944 3990 suos,»
1969 3923 2026 3978 id

372 4007 865 4083 est,operationes
895 4023 1056 4071 suas,
1078 4005 1303 4061 scilicet
1333 4004 1749 4078 multiplicabit
1777 4011 2026 4082 gratiam

371 4115 541 4158 suam
572 4099 632 4154 in
663 4098 856 4154 nobis.
877 4095 980 4152 Vel
1013 4094 1140 4168 ipse
1163 4096 1365 4165 justus
1394 4095 1570 4151 homo
1593 4097 1759 4168 ponit
1786 4115 2026 4172 gressus

371 4205 533 4255 suos,
551 4188 610 4242 id
643 4184 1164 4258 est,operationes;
1193 4183 1253 4239 in
1283 4183 1394 4249 via,
1410 4183 1469 4239 id
1499 4189 1608 4252 est,
1633 4185 1693 4241 in
1724 4188 2027 4262 prreceptis

371 4273 497 4345 Dei,
531 4279 597 4332 ut
653 4274 979 4330 secundum
1030 4275 1321 4345 praecepta
1361 4272 1463 4328 Dei
1510 4279 1799 4345 operetur.
1832 4275 1933 4333 vel
1966 4279 2025 4334 in

369 4366 485 4432 via,
518 4364 578 4421 id
611 4367 722 4432 est,
757 4362 816 4418 in
866 4360 1115 4429 Christo,
1139 4365 1206 4418 ut
1251 4361 1324 4418 ad
1373 4361 1764 4420 imitationem
1813 4365 2027 4422 Christi

369 4456 661 4528 Operam“
818 4522 894 4582 1N
935 4520 1285 4578 PSALMUM
1327 4521 1583 4578 LXXXV.

848 4614 1126 4668 Trrunus.
1152 4609 1335 4667 Oratio
1357 4610 1548 4667 David.

2153 2056 2402 2130 quisque
2423 2055 2612 2111 fidelis
2633 2059 2824 2128 potest
2853 2053 3044 2110 dicere
3065 2070 3168 2125 pro
3191 2052 3363 2108 modo
3385 2069 3512 2118 suo,
3541 2053 3795 2119 sanctus,

2151 2146 2209 2202 id
2239 2149 2349 2212 est,
2383 2144 2786 2201 sanetiticatus
2817 2159 2972 2200 sum.
3007 2142 3170 2198 Unde
3199 2140 3342 2197 dicit
3386 2139 3754 2212 Augustinus
3781 2155 3793 2193 :

2151 2234 2434 2307 Injuriam
2482 2233 2673 2290 ﬁdelis
2719 2234 2846 2305 jam
2896 2230 3034 2286 facit
3077 2229 3329 2298 Christo,
3359 2227 3461 2302 qui
3511 2245 3630 2284 non
3664 2227 3795 2284 dicit

2149 2328 2388 2380 sanctus
2417 2340 2574 2390 sum,
2605 2345 2634 2372 ‹‹
2667 2326 2725 2377 et
2752 2320 2980 2376 salvum
3011 2319 3121 2387 fac,
3154 2340 3182 2370 ››
3217 2318 3276 2374 id
3307 2323 3416 2386 est,
3436 2333 3797 2389 perseveran-

2146 2416 2235 2468 ter
2265 2411 2563 2468 custodias
2595 2431 2623 2460 «
2642 2425 2875 2465 servum
2905 2413 3076 2465 tuum
3105 2430 3132 2457 ››
3161 2423 3338 2479 quem
3356 2407 3535 2462 debes
3555 2406 3794 2473 salvare,

2146 2501 2424 2574 quoniam
2455 2516 2658 2555 servus
2686 2502 2827 2555 tuus
2857 2515 3013 2566 sum,
3035 2497 3237 2553 «Deus
3267 2499 3792 2568 meus,sperantem

2143 2589 2202 2646 in
2237 2594 2312 2658 te,
2350 2612 2377 2639 »
2410 2605 2526 2644 non
2558 2588 2618 2643 in
2651 2586 2992 2643 mundanis.

2216 2679 2546 2751 Propterea,
2581 2677 2722 2749 quia
2764 2675 2884 2730 dixi
2934 2675 3111 2731 debes
3161 2674 3476 2742 custodire,
3508 2677 3564 2729 et
3622 2673 3790 2728 etiam

2143 2771 2382 2840 propter
2408 2765 2540 2833 hoc,
2575 2763 2715 2836 quia
2745 2762 2804 2816 in
2836 2765 2892 2817 te
2920 2761 3049 2834 ipso
3079 2761 3262 2817 habes
3310 2759 3789 2822 misericordiam,

2141 2856 2337 2912 ethoc
2381 2858 2471 2910 est
2518 2874 2547 2904 ‹‹
2577 2852 2854 2908 miserere
2900 2850 3040 2921 mei,
3067 2850 3334 2917 Domine,
3373 2871 3401 2899 η
3452 2848 3509 2904 id
3557 2852 3666 2916 est,
3699 2863 3794 2920 per

2143 2949 2309 3001 tuam
2340 2940 2810 2998 misericordiom
2835 2939 3011 2996 visita
3032 2955 3146 3008 me,
3178 2941 3238 2994 et
3261 2937 3401 3010 quia
3431 2937 3540 2993 scit
3559 2936 3790 2992 miseri-

2140 3032 2400 3090 cordiam
2421 3030 2524 3087 Dei
2543 3047 2658 3086 non
2671 3045 2800 3085 esse
2811 3029 3066 3084 dandam
3085 3024 3792 3100 negligentibuspstendit

2141 3141 2203 3181 se
2233 3123 2536 3190 idoneum,
2568 3119 2667 3193 qui
2728 3118 2829 3174 illa
2876 3118 3159 3174 debeatur
3203 3113 3623 3183 misericordia,
3657 3129 3784 3170 cum

2139 3214 2302 3281 dicit,
2340 3234 2367 3262 ‹‹
2401 3207 2680 3284 quoniam
2711 3208 2782 3264 ad
2813 3212 2870 3264 te
2900 3207 3144 3263 clamavi
3175 3209 3299 3262 tota
3327 3204 3463 3261 die»
3494 3204 3782 3268 miserere,

2139 3307 2199 3359 et
2231 3301 2544 3358 «laetiﬁca»
2576 3299 2647 3356 de
2664 3315 2768 3371 spe
2797 3301 3023 3353 aeternae
3055 3294 3459 3363 beatitudinis,
3485 3293 3785 3350 «animam

2059 3360 2102 3427 Ο
2139 3391 2289 3448 servi
2311 3389 2460 3458 tui,»
2490 3387 2769 3460 quoniam
2791 3387 2864 3443 ad
2894 3385 3298 3454 te,Domine,«
3313 3383 3571 3440 animam
3598 3397 3785 3438 meam
3894 3421 3895 3424 η

2136 3479 2340 3549 levavi,
2364 3501 2393 3531 »
2427 3477 2568 3550 quia
2597 3493 2726 3533 eam
2757 3493 2874 3532 non
2904 3473 3167 3548 depressi
3199 3473 3259 3531 in
3291 3473 3420 3530 istis
3451 3471 3785 3537 mundanis,

2137 3570 2240 3628 sed
2271 3569 2345 3624 ad
2373 3571 2431 3624 te
2461 3565 2654 3624 solum
2684 3564 2862 3622 erexi.
2949 3593 2964 3606 η

2209 3659 2344 3715 Ideo
2373 3657 2446 3714 ad
2476 3659 2535 3713 te
2561 3654 2766 3724 levavi,
2789 3677 2821 3705 κ
2857 3653 3138 3726 quoniam
3167 3650 3523 3724 tu,Domine,
3541 3650 3740 3707 suavis
3760 3671 3787 3698 ι»

2135 3764 2200 3804 es
2215 3744 2594 3819 gustantibus
2608 3747 2687 3812 te,
2702 3766 2730 3793 α
2757 3747 2816 3799 et
2842 3742 3004 3799 mitis
3024 3764 3052 3794 η
3073 3741 3420 3799 sustinendo
3433 3743 3783 3814 peccatores,

2138 3841 2206 3894 ut
2234 3836 2668 3902 convertantur,
2705 3854 2733 3884 ‹‹
2762 3837 2822 3890 et
2852 3857 2874 3886 ι
2899 3831 3075 3889 etiam
3106 3854 3134 3882 «
3169 3829 3386 3898 multae,
3410 3852 3438 3882 ››
3465 3830 3522 3885 id
3555 3834 3664 3898 est,
3697 3828 3785 3883 in-

2136 3925 2312 3980 finita
2361 3945 2390 3975 ‹‹
2420 3921 2833 3979 misericordia:
2891 3921 3168 3977 omnibus
3219 3919 3632 3977 invocantibus
3662 3923 3716 3974 te
3754 3939 3781 3968 η

2137 4014 2278 4087 quia
2305 4013 2390 4068 eis
2422 4010 2608 4068 multa
2637 4011 2792 4067 bona
2813 4010 3072 4066 exhibes.

2207 4105 2277 4160 Et
2306 4102 2447 4176 quia
2479 4101 2814 4157 misericors
2843 4116 2930 4174 es,
2959 4100 3090 4156 ideo
3123 4116 3239 4156 non
3270 4103 3498 4155 tantum
3551 4103 3686 4173 peto
3725 4103 3782 4155 ut

2138 4191 2554 4261 exaudias,sed
2586 4191 2765 4247 etiam
2801 4211 2830 4240 ‹‹
2861 4189 3108 4246 auribus
3136 4188 3389 4262 percipe,
3409 4211 3435 4239 υ
3467 4188 3524 4244 id
3555 4193 3668 4257 est,
3700 4188 3783 4242 tir-

2142 4284 2316 4339 miter
2373 4281 2622 4338 reconde
2670 4279 2965 4336 memoria:
3021 4301 3051 4330 ‹‹
3095 4277 3416 4335 orationem
3473 4295 3690 4350 meam,
3734 4279 3784 4332 et

2138 4372 2379 4428 intende
2409 4370 2534 4428 voci
2582 4368 3013 4441 deprecationis
3058 4383 3200 4425 mea;
3231 4389 3261 4420 »
3285 4367 3356 4424 de
3400 4365 3572 4424 malis
3603 4382 3782 4424 remo~

2135 4460 2360 4519 vendis.

2209 4551 2280 4606 Et
2321 4549 2500 4605 debes
2550 4547 2872 4616 intendere,
2905 4546 3046 4618 quia
3091 4567 3119 4597 ‹‹
3150 4546 3209 4601 in
3258 4544 3351 4601 die
3395 4543 3781 4602 tribulationis

2137 4655 2277 4696 mea:
2302 4660 2329 4690 »
2354 4638 2413 4693 in
2432 4641 2691 4710 tempore
2711 4653 2852 4693 mea:
2870 4634 3094 4692 militiae
3121 4657 3148 4685 «
3172 4633 3414 4690 clamavi
3441 4634 3511 4689 ad
3536 4638 3623 4702 te;
3649 4632 3778 4706 quia

445 4743 473 4774 ι(
508 4719 751 4793 lnclina,
769 4719 1035 4775 Domine.
1062 4741 1090 4770 »
1127 4717 1396 4773 Psalmus
1428 4719 1537 4773 iste
1557 4724 1798 4777 vocatur
1827 4725 2036 4802 oratiO,
2065 4733 2112 4798 Ι)
2142 4727 2430 4784 exaudisti
2463 4742 2576 4782 me.
2612 4747 2639 4776 ι)
2673 4725 2798 4780 Non
2830 4725 2987 4780 enim
3019 4722 3308 4788 Christus,
3343 4721 3443 4794 qui
3463 4721 3647 4779 semel
3689 4737 3776 4776 ex-

371 4808 513 4880 quia
542 4814 601 4866 et
630 4826 733 4881 per
753 4813 941 4864 totum
959 4805 1172 4878 psalmi
1195 4809 1528 4861 contextum
1553 4809 1876 4866 orationem
1901 4830 2032 4869 con-

371 4897 538 4965 tinet,
554 4902 612 4953 et
633 4899 703 4953 ad
719 4897 1008 4952 orandum
1040 4912 1146 4951 nos
1178 4899 1397 4950 monet.
1417 4894 1612 4951 Voluit
1643 4898 1797 4955 enim
1827 4901 2024 4958 Domi-

372 5003 485 5041 nus
515 4986 690 5042 Jesus
720 5002 906 5050 orare,
943 4988 1005 5039 ut
1035 4984 1205 5039 nobis
1240 4983 1297 5038 in
1350 5000 1412 5038 se
1453 4984 1802 5058 relinqueret
1829 5006 2022 5047 exem-

371 5073 536 5146 plum
570 5075 772 5130 orandi
808 5091 820 5129 :
858 5074 1007 5146 fugit
1037 5073 1212 5128 etiam
1265 5077 1329 5128 ut
1370 5073 1427 5127 in
1479 5073 1588 5130 hoc
1632 5077 1800 5132 nobis
1859 5081 2024 5136 daret

369 5162 702 5236 exemplum
736 5163 1022 5234 fugiendae
1055 5166 1530 5234 praesumptuosae
1583 5166 1789 5221 mortis
1833 5171 1891 5224 et
1937 5171 2019 5224 te-

372 5252 655 5320 merariae,
680 5269 807 5323 quas
840 5253 1023 5308 oratio
1057 5251 1401 5306 attribuitur
1429 5268 1561 5306 vero
1583 5252 1782 5325 David,
1800 5255 2022 5312 scilicet

370 5340 620 5405 Christo,
647 5342 746 5412 qui
791 5339 1052 5412 loquitur
1098 5340 1156 5394 in
1206 5339 1315 5395 hoc
1364 5340 1610 5410 psalmo.
1648 5342 1892 5400 Materia
1934 5351 2024 5402 est

371 5428 641 5484 Christus
670 5429 796 5501 ipse
824 5429 1069 5501 patiens.
1105 5429 1410 5484 Modus.In
1445 5429 1636 5501 prima
1660 5436 1843 5502 parte,
1879 5435 2024 5506 petit

371 5515 482 5571 sibi
503 5521 636 5572 ante
661 5522 892 5590 tempus
913 5517 1224 5589 passionis,
1241 5518 1462 5575 scilicet
1482 5519 1710 5576 utDeus
1732 5523 2024 5579 custodiat

371 5619 508 5658 eum
531 5605 591 5658 in
622 5609 882 5679 tempore
909 5624 1028 5662 sua:
1051 5606 1295 5677 militiae,
1315 5625 1384 5663 ne
1417 5607 1639 5663 inimici
1672 5610 1765 5664 sui
1795 5613 2024 5682 possint

373 5705 508 5743 eum
531 5690 641 5744 sibi
665 5693 858 5764 aliquo
876 5697 1050 5750 modo
1072 5696 1458 5753 conformare.
1473 5697 1536 5752 In
1556 5700 1816 5756 secunda
1832 5706 2020 5773 parte,

375 5789 503 5845 qua
516 5775 745 5846 incipit:
760 5781 995 5836 «Deduc
1005 5783 1428 5855 me,l_)omine,»
1439 5790 1712 5856 precatur
1720 5787 1904 5846 Deum
1917 5807 2023 5863 pro

2141 4815 2510 4880 audiebatur,
2544 4812 2760 4868 dubius
2790 4816 2916 4868 erat
2945 4812 3016 4867 de
3045 4810 3415 4867 exauditione
3444 4827 3558 4866 non
3593 4813 3778 4883 potest

2134 4904 2322 4960 dicere
2353 4902 2484 4974 hoc,
2516 4900 2628 4957 nisi
2661 4906 2924 4968 sanctus,
2955 4901 3110 4973 quod
3141 4898 3525 4970 clamet,quia
3553 4897 3778 4954 exaudi-

2133 4997 2248 5059 tur,
2268 4992 2366 5048 sed
2393 4991 2587 5064 potius
2609 4989 2826 5045 clamat
2854 4993 2920 5044 ut
2945 4989 3306 5044 exaudiatur.
3323 4987 3466 5043 Cum
3516 4986 3776 5042 Christus

2133 5081 2289 5137 dicat
2319 5098 2381 5137 se
2415 5080 2472 5134 in
2503 5077 2881 5134 tribulatione
2931 5076 3236 5146 clamasse,
3261 5075 3452 5131 innuit
3502 5075 3688 5140 nobis,
3720 5073 3774 5127 in

2130 5169 2505 5225 tribulatione
2538 5167 2788 5222 maxime
2819 5167 2890 5222 ad
2923 5166 3104 5220 Deum
3138 5180 3266 5220 esse
3296 5163 3688 5220 clamandum.

2206 5282 2232 5308 ‹‹
2265 5259 2391 5313 Non
2422 5262 2511 5312 est
2541 5255 2820 5322 similis,»
2857 5259 2913 5310 et
2947 5255 3154 5310 merito
3177 5253 3366 5310 clamo
3387 5253 3457 5308 ad
3481 5258 3558 5320 te,
3578 5251 3772 5323 quia,o

2132 5372 2158 5397 ‹‹
2197 5347 2460 5413 Domine,
2490 5347 2548 5400 in
2583 5345 2696 5400 diis
2726 5367 2752 5395 ››
2790 5344 2935 5413 suis,
2969 5344 3087 5400 sive
3119 5343 3177 5398 in
3219 5342 3553 5416 potentibus
3603 5341 3771 5411 hujus

2132 5435 2349 5504 saeculi,
2370 5436 2488 5492 sive
2511 5436 2568 5490 in
2591 5433 2927 5490 coelestibus
2949 5433 3255 5502 creaturis,
3273 5450 3388 5488 non
3410 5437 3496 5488 est
3511 5453 3536 5480 ››
3567 5429 3772 5501 aliquis

2135 5548 2161 5576 ‹‹
2195 5525 2405 5581 similis
2428 5524 2559 5580 tui»
2588 5524 2644 5578 in
2677 5523 2953 5592 essentia,
2989 5545 3017 5575 ‹‹
3051 5527 3107 5578 et
3159 5539 3274 5579 non
3320 5525 3409 5578 est
3456 5519 3770 5577 secundum

2131 5633 2308 5687 opera
2337 5619 2459 5685 tua,
2493 5638 2520 5664 »
2556 5614 2697 5685 quia
2743 5631 2913 5669 nemo
2962 5617 3156 5684 potest
3205 5613 3389 5669 facere
3435 5627 3503 5666 ea
3549 5626 3677 5681 qum
3713 5611 3769 5661 tu

2132 5705 2295 5762 facis.

2200 5793 2347 5851 Vere
2368 5809 2484 5852 non
2515 5797 2606 5848 est
2647 5790 2864 5865 aliquis
2913 5791 3257 5868 secundum,
3285 5806 3463 5864 opera
3489 5792 3610 5859 tua,
3641 5784 3774 5860 Quia
