  <div class='ocr_page' id='page_1' title='image "/cluster/home/n/w/nwhite01/storage/ocr_20150623/115-116/uc1.31175006916467/989.png"; bbox 0 0 3936 6384; ppageno 0'>
   <div class='ocr_carea' id='block_1_1' title="bbox 385 412 505 495">
    <p class='ocr_par' dir='ltr' id='par_1_1' title="bbox 385 412 505 495">
     <span class='ocr_line' id='line_1_1' title="bbox 385 412 505 495; baseline -0.033 0"><span class='ocrx_word' id='word_1_1' title='bbox 385 412 505 495; x_wconf 67' lang='lat' dir='ltr'>tes</span> 
     </span>
    </p>
   </div>
   <div class='ocr_carea' id='block_1_2' title="bbox 799 423 3379 497">
    <p class='ocr_par' dir='ltr' id='par_1_2' title="bbox 799 423 3379 497">
     <span class='ocr_line' id='line_1_2' title="bbox 799 423 3379 497; baseline -0.003 -3"><span class='ocrx_word' id='word_1_2' title='bbox 799 431 1210 494; x_wconf 84' lang='lat' dir='ltr'>HAYMONIS</span> <span class='ocrx_word' id='word_1_3' title='bbox 1255 424 1797 489; x_wconf 79' lang='lat' dir='ltr'>HALBEBSTAT.</span> <span class='ocrx_word' id='word_1_4' title='bbox 1830 423 2075 486; x_wconf 88' lang='lat' dir='ltr'>EPISC.</span> <span class='ocrx_word' id='word_1_5' title='bbox 2106 423 2279 484; x_wconf 81' lang='lat' dir='ltr'>OPP.</span> <span class='ocrx_word' id='word_1_6' title='bbox 2312 425 2517 486; x_wconf 81' lang='lat' dir='ltr'><strong>PARS</strong></span> <span class='ocrx_word' id='word_1_7' title='bbox 2548 424 2596 485; x_wconf 92' lang='grc' dir='ltr'><strong>Ι.</strong></span> <span class='ocrx_word' id='word_1_8' title='bbox 2631 460 2709 468; x_wconf 88' lang='grc'><strong><em>-</em></strong></span> <span class='ocrx_word' id='word_1_9' title='bbox 2738 424 3148 486; x_wconf 84' lang='lat' dir='ltr'>COMMENT.</span> <span class='ocrx_word' id='word_1_10' title='bbox 3184 424 3379 497; x_wconf 86' lang='lat' dir='ltr'><strong>BIBL,</strong></span> 
     </span>
    </p>
   </div>
   <div class='ocr_carea' id='block_1_3' title="bbox 3687 426 3802 485">
    <p class='ocr_par' dir='ltr' id='par_1_3' title="bbox 3687 426 3802 485">
     <span class='ocr_line' id='line_1_3' title="bbox 3687 426 3802 485; baseline 0 0"><span class='ocrx_word' id='word_1_11' title='bbox 3687 426 3802 485; x_wconf 69' lang='lat'>496</span> 
     </span>
    </p>
   </div>
   <div class='ocr_carea' id='block_1_4' title="bbox 386 552 3802 637">
    <p class='ocr_par' dir='ltr' id='par_1_4' title="bbox 386 552 3802 637">
     <span class='ocr_line' id='line_1_4' title="bbox 386 552 3802 637; baseline -0.004 -14"><span class='ocrx_word' id='word_1_12' title='bbox 386 566 518 625; x_wconf 86' lang='lat' dir='ltr'>luce</span> <span class='ocrx_word' id='word_1_13' title='bbox 544 565 857 637; x_wconf 90' lang='lat' dir='ltr'>virtutum,</span> <span class='ocrx_word' id='word_1_14' title='bbox 880 586 909 613; x_wconf 83' lang='lat'><strong><em>«</em></strong></span> <span class='ocrx_word' id='word_1_15' title='bbox 933 563 1245 635; x_wconf 66' lang='lat' dir='ltr'>praeveniet</span> <span class='ocrx_word' id='word_1_16' title='bbox 1282 566 1339 617; x_wconf 89' lang='lat' dir='ltr'>te</span> <span class='ocrx_word' id='word_1_17' title='bbox 1365 582 1392 609; x_wconf 84' lang='lat'><strong>»</strong></span> <span class='ocrx_word' id='word_1_18' title='bbox 1426 577 1542 615; x_wconf 92' lang='lat' dir='ltr'>non</span> <span class='ocrx_word' id='word_1_19' title='bbox 1574 558 1729 631; x_wconf 88' lang='lat' dir='ltr'>quod</span> <span class='ocrx_word' id='word_1_20' title='bbox 1756 556 1818 613; x_wconf 92' lang='lat' dir='ltr'>in</span> <span class='ocrx_word' id='word_1_21' title='bbox 1843 573 1907 613; x_wconf 92' lang='lat' dir='ltr'>se</span> <span class='ocrx_word' id='word_1_22' title='bbox 1934 556 2040 613; x_wconf 90' lang='lat' dir='ltr'>ha-</span> <span class='ocrx_word' id='word_1_23' title='bbox 2071 558 2127 624; x_wconf 76' lang='grc' dir='ltr'>Α</span> <span class='ocrx_word' id='word_1_24' title='bbox 2157 556 2219 612; x_wconf 93' lang='lat' dir='ltr'><strong>In</strong></span> <span class='ocrx_word' id='word_1_25' title='bbox 2252 561 2464 629; x_wconf 87' lang='lat' dir='ltr'>quarta</span> <span class='ocrx_word' id='word_1_26' title='bbox 2491 562 2677 630; x_wconf 89' lang='lat' dir='ltr'>parte,</span> <span class='ocrx_word' id='word_1_27' title='bbox 2703 574 2831 630; x_wconf 69' lang='lat' dir='ltr'>qua:</span> <span class='ocrx_word' id='word_1_28' title='bbox 2862 557 3097 630; x_wconf 87' lang='lat' dir='ltr'>incipit:</span> <span class='ocrx_word' id='word_1_29' title='bbox 3133 557 3259 613; x_wconf 84' lang='lat' dir='ltr'>«Tu</span> <span class='ocrx_word' id='word_1_30' title='bbox 3288 572 3422 613; x_wconf 90' lang='lat' dir='ltr'>vero</span> <span class='ocrx_word' id='word_1_31' title='bbox 3454 552 3744 630; x_wconf 85' lang='lat' dir='ltr'>repulisti,</span> <span class='ocrx_word' id='word_1_32' title='bbox 3777 580 3802 608; x_wconf 71' lang='grc' dir='ltr'>ιι</span> 
     </span>
    </p>
   </div>
   <div class='ocr_carea' id='block_1_5' title="bbox 389 645 2043 717">
    <p class='ocr_par' dir='ltr' id='par_1_5' title="bbox 389 645 2043 717">
     <span class='ocr_line' id='line_1_5' title="bbox 389 645 2043 717; baseline -0.007 -5"><span class='ocrx_word' id='word_1_33' title='bbox 389 658 567 713; x_wconf 82' lang='lat' dir='ltr'>beant</span> <span class='ocrx_word' id='word_1_34' title='bbox 597 670 763 710; x_wconf 90' lang='lat' dir='ltr'>orare</span> <span class='ocrx_word' id='word_1_35' title='bbox 795 652 920 707; x_wconf 90' lang='lat' dir='ltr'>sine</span> <span class='ocrx_word' id='word_1_36' title='bbox 953 654 1056 706; x_wconf 89' lang='lat' dir='ltr'>tua</span> <span class='ocrx_word' id='word_1_37' title='bbox 1084 647 1506 714; x_wconf 88' lang='lat' dir='ltr'>misericordia,</span> <span class='ocrx_word' id='word_1_38' title='bbox 1522 647 1624 703; x_wconf 91' lang='lat' dir='ltr'>sed</span> <span class='ocrx_word' id='word_1_39' title='bbox 1658 645 1801 701; x_wconf 80' lang='lat' dir='ltr'>dicit</span> <span class='ocrx_word' id='word_1_40' title='bbox 1830 662 2043 717; x_wconf 63' lang='lat' dir='ltr'>praeve-</span> 
     </span>
    </p>
   </div>
   <div class='ocr_carea' id='block_1_6' title="bbox 354 735 2046 814">
    <p class='ocr_par' dir='ltr' id='par_1_6' title="bbox 354 735 2046 814">
     <span class='ocr_line' id='line_1_6' title="bbox 354 735 2046 814; baseline -0.007 -14"><span class='ocrx_word' id='word_1_41' title='bbox 354 752 357 761; x_wconf 93' lang='lat'>&#39;</span> <span class='ocrx_word' id='word_1_42' title='bbox 391 745 537 814; x_wconf 86' lang='lat' dir='ltr'>nire,</span> <span class='ocrx_word' id='word_1_43' title='bbox 569 740 794 798; x_wconf 90' lang='lat' dir='ltr'>scilicet</span> <span class='ocrx_word' id='word_1_44' title='bbox 823 742 888 795; x_wconf 94' lang='lat' dir='ltr'>ut</span> <span class='ocrx_word' id='word_1_45' title='bbox 916 739 1185 795; x_wconf 82' lang='lat' dir='ltr'>reddaris</span> <span class='ocrx_word' id='word_1_46' title='bbox 1215 735 1522 811; x_wconf 81' lang='lat' dir='ltr'>placabilis</span> <span class='ocrx_word' id='word_1_47' title='bbox 1553 739 1690 791; x_wconf 88' lang='lat' dir='ltr'>ante</span> <span class='ocrx_word' id='word_1_48' title='bbox 1728 735 2046 807; x_wconf 88' lang='lat' dir='ltr'>judicium.</span> 
     </span>
    </p>
   </div>
   <div class='ocr_carea' id='block_1_7' title="bbox 461 823 2051 899">
    <p class='ocr_par' dir='ltr' id='par_1_7' title="bbox 461 823 2051 899">
     <span class='ocr_line' id='line_1_7' title="bbox 461 823 2051 899; baseline -0.004 -13"><span class='ocrx_word' id='word_1_49' title='bbox 461 829 743 899; x_wconf 90' lang='lat' dir='ltr'>Dico,mei</span> <span class='ocrx_word' id='word_1_50' title='bbox 773 828 1162 896; x_wconf 87' lang='lat' dir='ltr'>clamant,sed</span> <span class='ocrx_word' id='word_1_51' title='bbox 1197 848 1226 877; x_wconf 85' lang='lat'><strong>«</strong></span> <span class='ocrx_word' id='word_1_52' title='bbox 1258 830 1324 882; x_wconf 91' lang='lat' dir='ltr'>ut</span> <span class='ocrx_word' id='word_1_53' title='bbox 1353 823 1794 898; x_wconf 90' lang='lat' dir='ltr'>quid,Domine,</span> <span class='ocrx_word' id='word_1_54' title='bbox 1815 823 2051 896; x_wconf 79' lang='lat' dir='ltr'>repellis</span> 
     </span>
    </p>
   </div>
   <div class='ocr_carea' id='block_1_8' title="bbox 390 912 2053 989">
    <p class='ocr_par' dir='ltr' id='par_1_8' title="bbox 390 912 2053 989">
     <span class='ocr_line' id='line_1_8' title="bbox 390 912 2053 989; baseline -0.006 -12"><span class='ocrx_word' id='word_1_55' title='bbox 390 919 717 977; x_wconf 89' lang='lat' dir='ltr'>orationem</span> <span class='ocrx_word' id='word_1_56' title='bbox 763 933 979 989; x_wconf 83' lang='lat' dir='ltr'>meam,</span> <span class='ocrx_word' id='word_1_57' title='bbox 1015 938 1043 967; x_wconf 85' lang='lat'><strong>»</strong></span> <span class='ocrx_word' id='word_1_58' title='bbox 1075 917 1135 972; x_wconf 91' lang='lat' dir='ltr'>id</span> <span class='ocrx_word' id='word_1_59' title='bbox 1167 918 1277 986; x_wconf 89' lang='lat' dir='ltr'>est,</span> <span class='ocrx_word' id='word_1_60' title='bbox 1312 929 1580 970; x_wconf 88' lang='lat' dir='ltr'>meorum</span> <span class='ocrx_word' id='word_1_61' title='bbox 1611 931 1646 969; x_wconf 91' lang='lat' dir='ltr'>a</span> <span class='ocrx_word' id='word_1_62' title='bbox 1672 916 1729 969; x_wconf 90' lang='lat' dir='ltr'>te</span> <span class='ocrx_word' id='word_1_63' title='bbox 1750 913 1779 968; x_wconf 84' lang='lat'><strong>?</strong></span> <span class='ocrx_word' id='word_1_64' title='bbox 1808 912 2053 967; x_wconf 81' lang='lat' dir='ltr'>Videtur</span> 
     </span>
    </p>
   </div>
   <div class='ocr_carea' id='block_1_9' title="bbox 388 1001 2053 1078">
    <p class='ocr_par' dir='ltr' id='par_1_9' title="bbox 388 1001 2053 1078">
     <span class='ocr_line' id='line_1_9' title="bbox 388 1001 2053 1078; baseline -0.004 -15"><span class='ocrx_word' id='word_1_65' title='bbox 388 1007 548 1065; x_wconf 87' lang='lat' dir='ltr'>enim</span> <span class='ocrx_word' id='word_1_66' title='bbox 578 1006 734 1062; x_wconf 85' lang='lat' dir='ltr'>Deus</span> <span class='ocrx_word' id='word_1_67' title='bbox 768 1004 1046 1078; x_wconf 88' lang='lat' dir='ltr'>repellere</span> <span class='ocrx_word' id='word_1_68' title='bbox 1067 1022 1204 1061; x_wconf 91' lang='lat' dir='ltr'>cum</span> <span class='ocrx_word' id='word_1_69' title='bbox 1228 1022 1343 1060; x_wconf 92' lang='lat' dir='ltr'>non</span> <span class='ocrx_word' id='word_1_70' title='bbox 1369 1003 1572 1059; x_wconf 89' lang='lat' dir='ltr'>statim</span> <span class='ocrx_word' id='word_1_71' title='bbox 1604 1001 1811 1074; x_wconf 87' lang='lat' dir='ltr'>implet</span> <span class='ocrx_word' id='word_1_72' title='bbox 1831 1001 2053 1056; x_wconf 84' lang='lat' dir='ltr'>deside-</span> 
     </span>
    </p>
   </div>
   <div class='ocr_carea' id='block_1_10' title="bbox 389 1093 2049 1163">
    <p class='ocr_par' dir='ltr' id='par_1_10' title="bbox 389 1093 2049 1163">
     <span class='ocr_line' id='line_1_10' title="bbox 389 1093 2049 1163; baseline -0.004 -10"><span class='ocrx_word' id='word_1_73' title='bbox 389 1096 543 1153; x_wconf 90' lang='lat' dir='ltr'>rium</span> <span class='ocrx_word' id='word_1_74' title='bbox 576 1094 1035 1163; x_wconf 90' lang='lat' dir='ltr'>eorum,scilicct</span> <span class='ocrx_word' id='word_1_75' title='bbox 1064 1098 1131 1150; x_wconf 88' lang='lat' dir='ltr'>ut</span> <span class='ocrx_word' id='word_1_76' title='bbox 1159 1093 1360 1150; x_wconf 84' lang='lat' dir='ltr'>statim</span> <span class='ocrx_word' id='word_1_77' title='bbox 1393 1095 1568 1148; x_wconf 82' lang='lat' dir='ltr'>exuat</span> <span class='ocrx_word' id='word_1_78' title='bbox 1595 1108 1695 1147; x_wconf 89' lang='lat' dir='ltr'>eos</span> <span class='ocrx_word' id='word_1_79' title='bbox 1727 1108 1762 1146; x_wconf 91' lang='lat' dir='ltr'>a</span> <span class='ocrx_word' id='word_1_80' title='bbox 1790 1107 2049 1163; x_wconf 84' lang='lat' dir='ltr'>corpore,</span> 
     </span>
    </p>
   </div>
   <div class='ocr_carea' id='block_1_11' title="bbox 391 1179 2056 1241">
    <p class='ocr_par' dir='ltr' id='par_1_11' title="bbox 391 1179 2056 1241">
     <span class='ocr_line' id='line_1_11' title="bbox 391 1179 2056 1241; baseline -0.004 0"><span class='ocrx_word' id='word_1_81' title='bbox 391 1189 451 1241; x_wconf 86' lang='lat' dir='ltr'>et</span> <span class='ocrx_word' id='word_1_82' title='bbox 468 1184 652 1241; x_wconf 86' lang='lat' dir='ltr'>elevet</span> <span class='ocrx_word' id='word_1_83' title='bbox 681 1200 781 1240; x_wconf 88' lang='lat' dir='ltr'>eos</span> <span class='ocrx_word' id='word_1_84' title='bbox 804 1184 878 1239; x_wconf 89' lang='lat' dir='ltr'>ad</span> <span class='ocrx_word' id='word_1_85' title='bbox 900 1181 1179 1239; x_wconf 77' lang='lat' dir='ltr'>orelestia.</span> <span class='ocrx_word' id='word_1_86' title='bbox 1209 1206 1234 1231; x_wconf 91' lang='grc'><strong>‹‹</strong></span> <span class='ocrx_word' id='word_1_87' title='bbox 1262 1183 1334 1237; x_wconf 90' lang='lat' dir='ltr'>Et</span> <span class='ocrx_word' id='word_1_88' title='bbox 1356 1179 1572 1236; x_wconf 80' lang='lat' dir='ltr'>avertis</span> <span class='ocrx_word' id='word_1_89' title='bbox 1594 1180 1801 1235; x_wconf 85' lang='lat' dir='ltr'>faciem</span> <span class='ocrx_word' id='word_1_90' title='bbox 1823 1186 1987 1235; x_wconf 88' lang='lat' dir='ltr'>tuam</span> <span class='ocrx_word' id='word_1_91' title='bbox 2021 1196 2056 1235; x_wconf 92' lang='lat' dir='ltr'>a</span> 
     </span>
    </p>
   </div>
   <div class='ocr_carea' id='block_1_12' title="bbox 392 1267 2050 1343">
    <p class='ocr_par' dir='ltr' id='par_1_12' title="bbox 392 1267 2050 1343">
     <span class='ocr_line' id='line_1_12' title="bbox 392 1267 2050 1343; baseline -0.005 -13"><span class='ocrx_word' id='word_1_92' title='bbox 392 1286 487 1330; x_wconf 90' lang='lat' dir='ltr'>me</span> <span class='ocrx_word' id='word_1_93' title='bbox 520 1294 548 1323; x_wconf 83' lang='grc'><strong>››</strong></span> <span class='ocrx_word' id='word_1_94' title='bbox 576 1272 639 1328; x_wconf 87' lang='lat' dir='ltr'>id</span> <span class='ocrx_word' id='word_1_95' title='bbox 668 1276 780 1341; x_wconf 88' lang='lat' dir='ltr'>est,</span> <span class='ocrx_word' id='word_1_96' title='bbox 813 1289 849 1327; x_wconf 89' lang='lat' dir='ltr'>a</span> <span class='ocrx_word' id='word_1_97' title='bbox 878 1271 1048 1343; x_wconf 85' lang='lat' dir='ltr'>meis,</span> <span class='ocrx_word' id='word_1_98' title='bbox 1084 1287 1220 1326; x_wconf 90' lang='lat' dir='ltr'>cum</span> <span class='ocrx_word' id='word_1_99' title='bbox 1266 1269 1561 1342; x_wconf 83' lang='lat' dir='ltr'>permittis</span> <span class='ocrx_word' id='word_1_100' title='bbox 1610 1285 1710 1325; x_wconf 91' lang='lat' dir='ltr'>eos</span> <span class='ocrx_word' id='word_1_101' title='bbox 1759 1267 2050 1324; x_wconf 85' lang='lat' dir='ltr'>tribulari.</span> 
     </span>
    </p>
   </div>
   <div class='ocr_carea' id='block_1_13' title="bbox 463 1358 2053 1431">
    <p class='ocr_par' dir='ltr' id='par_1_13' title="bbox 463 1358 2053 1431">
     <span class='ocr_line' id='line_1_13' title="bbox 463 1358 2053 1431; baseline -0.006 -11"><span class='ocrx_word' id='word_1_102' title='bbox 463 1363 626 1431; x_wconf 88' lang='lat' dir='ltr'>Dico,</span> <span class='ocrx_word' id='word_1_103' title='bbox 665 1384 688 1414; x_wconf 73' lang='grc' dir='ltr'><strong>α</strong></span> <span class='ocrx_word' id='word_1_104' title='bbox 725 1360 939 1418; x_wconf 83' lang='lat' dir='ltr'>avertis</span> <span class='ocrx_word' id='word_1_105' title='bbox 987 1360 1198 1417; x_wconf 78' lang='lat' dir='ltr'>faciem</span> <span class='ocrx_word' id='word_1_106' title='bbox 1244 1363 1435 1427; x_wconf 87' lang='lat' dir='ltr'>tuam,</span> <span class='ocrx_word' id='word_1_107' title='bbox 1470 1380 1498 1408; x_wconf 84' lang='grc'><strong>››</strong></span> <span class='ocrx_word' id='word_1_108' title='bbox 1530 1358 1671 1430; x_wconf 89' lang='lat' dir='ltr'>quia</span> <span class='ocrx_word' id='word_1_109' title='bbox 1709 1379 1739 1409; x_wconf 86' lang='lat'><strong>«</strong></span> <span class='ocrx_word' id='word_1_110' title='bbox 1767 1374 1873 1430; x_wconf 86' lang='lat' dir='ltr'>ego</span> <span class='ocrx_word' id='word_1_111' title='bbox 1919 1373 2053 1412; x_wconf 91' lang='lat' dir='ltr'>sum</span> 
     </span>
    </p>
   </div>
   <div class='ocr_carea' id='block_1_14' title="bbox 393 1445 2054 1526">
    <p class='ocr_par' dir='ltr' id='par_1_14' title="bbox 393 1445 2054 1526">
     <span class='ocr_line' id='line_1_14' title="bbox 393 1445 2054 1526; baseline -0.005 -17"><span class='ocrx_word' id='word_1_112' title='bbox 393 1466 620 1526; x_wconf 89' lang='lat' dir='ltr'>pauper</span> <span class='ocrx_word' id='word_1_113' title='bbox 640 1458 664 1501; x_wconf 56' lang='grc' dir='ltr'><strong>ὴ</strong></span> <span class='ocrx_word' id='word_1_114' title='bbox 691 1450 751 1506; x_wconf 88' lang='lat' dir='ltr'>id</span> <span class='ocrx_word' id='word_1_115' title='bbox 769 1453 860 1507; x_wconf 88' lang='lat' dir='ltr'>est</span> <span class='ocrx_word' id='word_1_116' title='bbox 880 1450 997 1505; x_wconf 90' lang='lat' dir='ltr'>mei</span> <span class='ocrx_word' id='word_1_117' title='bbox 1024 1452 1166 1507; x_wconf 91' lang='lat' dir='ltr'>sunt</span> <span class='ocrx_word' id='word_1_118' title='bbox 1196 1463 1483 1521; x_wconf 87' lang='lat' dir='ltr'>pauperes</span> <span class='ocrx_word' id='word_1_119' title='bbox 1507 1448 1569 1502; x_wconf 92' lang='lat' dir='ltr'>in</span> <span class='ocrx_word' id='word_1_120' title='bbox 1588 1446 1681 1503; x_wconf 90' lang='lat' dir='ltr'>his</span> <span class='ocrx_word' id='word_1_121' title='bbox 1710 1445 2054 1517; x_wconf 89' lang='lat' dir='ltr'>mundanis,</span> 
     </span>
    </p>
   </div>
   <div class='ocr_carea' id='block_1_15' title="bbox 392 1534 2058 1609">
    <p class='ocr_par' dir='ltr' id='par_1_15' title="bbox 392 1534 2058 1609">
     <span class='ocr_line' id='line_1_15' title="bbox 392 1534 2058 1609; baseline -0.004 -13"><span class='ocrx_word' id='word_1_122' title='bbox 392 1564 422 1592; x_wconf 77' lang='grc' dir='ltr'>κ</span> <span class='ocrx_word' id='word_1_123' title='bbox 456 1542 517 1596; x_wconf 88' lang='lat' dir='ltr'>et</span> <span class='ocrx_word' id='word_1_124' title='bbox 547 1539 610 1595; x_wconf 82' lang='lat' dir='ltr'>in</span> <span class='ocrx_word' id='word_1_125' title='bbox 640 1538 1019 1607; x_wconf 83' lang='lat' dir='ltr'>laboribus,»</span> <span class='ocrx_word' id='word_1_126' title='bbox 1051 1537 1379 1594; x_wconf 89' lang='lat' dir='ltr'>secundum</span> <span class='ocrx_word' id='word_1_127' title='bbox 1410 1537 1845 1609; x_wconf 87' lang='lat' dir='ltr'>persecutiones</span> <span class='ocrx_word' id='word_1_128' title='bbox 1874 1534 2058 1606; x_wconf 85' lang='lat' dir='ltr'>hujus</span> 
     </span>
    </p>
   </div>
   <div class='ocr_carea' id='block_1_16' title="bbox 394 1616 2056 1699">
    <p class='ocr_par' dir='ltr' id='par_1_16' title="bbox 394 1616 2056 1699">
     <span class='ocr_line' id='line_1_16' title="bbox 394 1616 2056 1699; baseline -0.004 -13"><span class='ocrx_word' id='word_1_129' title='bbox 394 1616 615 1699; x_wconf 71' lang='lat' dir='ltr'>amuli,</span> <span class='ocrx_word' id='word_1_130' title='bbox 647 1620 717 1685; x_wconf 63' lang='lat' dir='ltr'>et</span> <span class='ocrx_word' id='word_1_131' title='bbox 730 1628 844 1686; x_wconf 81' lang='lat' dir='ltr'>hoc</span> <span class='ocrx_word' id='word_1_132' title='bbox 875 1650 904 1683; x_wconf 80' lang='lat'><em>«</em></span> <span class='ocrx_word' id='word_1_133' title='bbox 936 1645 971 1683; x_wconf 91' lang='lat' dir='ltr'>a</span> <span class='ocrx_word' id='word_1_134' title='bbox 1004 1628 1316 1699; x_wconf 87' lang='lat' dir='ltr'>juventute</span> <span class='ocrx_word' id='word_1_135' title='bbox 1357 1640 1489 1681; x_wconf 91' lang='lat' dir='ltr'>mea</span> <span class='ocrx_word' id='word_1_136' title='bbox 1521 1647 1549 1674; x_wconf 87' lang='lat'><strong><em>»</em></strong></span> <span class='ocrx_word' id='word_1_137' title='bbox 1579 1624 1639 1680; x_wconf 89' lang='lat' dir='ltr'>id</span> <span class='ocrx_word' id='word_1_138' title='bbox 1677 1628 1789 1696; x_wconf 89' lang='lat' dir='ltr'>est,</span> <span class='ocrx_word' id='word_1_139' title='bbox 1828 1640 1898 1680; x_wconf 84' lang='lat' dir='ltr'>ex</span> <span class='ocrx_word' id='word_1_140' title='bbox 1941 1639 2056 1696; x_wconf 91' lang='lat' dir='ltr'>quo</span> 
     </span>
    </p>
   </div>
   <div class='ocr_carea' id='block_1_17' title="bbox 395 1712 2056 1783">
    <p class='ocr_par' dir='ltr' id='par_1_17' title="bbox 395 1712 2056 1783">
     <span class='ocr_line' id='line_1_17' title="bbox 395 1712 2056 1783; baseline -0.004 -9"><span class='ocrx_word' id='word_1_141' title='bbox 395 1719 635 1774; x_wconf 81' lang='lat' dir='ltr'>fuerunt</span> <span class='ocrx_word' id='word_1_142' title='bbox 659 1715 776 1772; x_wconf 86' lang='lat' dir='ltr'>mei</span> <span class='ocrx_word' id='word_1_143' title='bbox 805 1715 986 1772; x_wconf 81' lang='lat' dir='ltr'>fortes</span> <span class='ocrx_word' id='word_1_144' title='bbox 1013 1720 1070 1771; x_wconf 84' lang='lat' dir='ltr'>et</span> <span class='ocrx_word' id='word_1_145' title='bbox 1099 1714 1327 1772; x_wconf 88' lang='lat' dir='ltr'>robusti</span> <span class='ocrx_word' id='word_1_146' title='bbox 1349 1715 1412 1771; x_wconf 91' lang='lat' dir='ltr'>in</span> <span class='ocrx_word' id='word_1_147' title='bbox 1442 1714 1579 1783; x_wconf 79' lang='lat' dir='ltr'>ﬁde,</span> <span class='ocrx_word' id='word_1_148' title='bbox 1609 1730 1726 1770; x_wconf 89' lang='lat' dir='ltr'>non</span> <span class='ocrx_word' id='word_1_149' title='bbox 1757 1712 1943 1769; x_wconf 86' lang='lat' dir='ltr'>defuit</span> <span class='ocrx_word' id='word_1_150' title='bbox 1972 1712 2056 1768; x_wconf 90' lang='lat' dir='ltr'>eis</span> 
     </span>
    </p>
   </div>
   <div class='ocr_carea' id='block_1_18' title="bbox 393 1796 2051 1877">
    <p class='ocr_par' dir='ltr' id='par_1_18' title="bbox 393 1796 2051 1877">
     <span class='ocr_line' id='line_1_18' title="bbox 393 1796 2051 1877; baseline -0.006 -16"><span class='ocrx_word' id='word_1_151' title='bbox 393 1803 793 1877; x_wconf 73' lang='lat' dir='ltr'>txibula‘tio,et</span> <span class='ocrx_word' id='word_1_152' title='bbox 819 1804 872 1860; x_wconf 90' lang='lat' dir='ltr'>si</span> <span class='ocrx_word' id='word_1_153' title='bbox 901 1803 988 1860; x_wconf 89' lang='lat' dir='ltr'>fui</span> <span class='ocrx_word' id='word_1_154' title='bbox 1019 1802 1394 1874; x_wconf 83' lang='lat' dir='ltr'>exaltatus,et</span> <span class='ocrx_word' id='word_1_155' title='bbox 1423 1796 1533 1858; x_wconf 92' lang='lat' dir='ltr'>hoc</span> <span class='ocrx_word' id='word_1_156' title='bbox 1563 1800 1706 1857; x_wconf 87' lang='lat' dir='ltr'>dicit</span> <span class='ocrx_word' id='word_1_157' title='bbox 1733 1824 1762 1851; x_wconf 85' lang='lat'><strong><em>«</em></strong></span> <span class='ocrx_word' id='word_1_158' title='bbox 1796 1804 1994 1858; x_wconf 88' lang='lat' dir='ltr'>autem</span> <span class='ocrx_word' id='word_1_159' title='bbox 2029 1822 2051 1851; x_wconf 74' lang='grc' dir='ltr'>ι</span> 
     </span>
    </p>
   </div>
   <div class='ocr_carea' id='block_1_19' title="bbox 395 1889 2137 1995">
    <p class='ocr_par' dir='ltr' id='par_1_19' title="bbox 395 1889 2137 1995">
     <span class='ocr_line' id='line_1_19' title="bbox 395 1889 2137 1995; baseline -0.003 -45"><span class='ocrx_word' id='word_1_160' title='bbox 395 1894 459 1950; x_wconf 79' lang='lat' dir='ltr'>in</span> <span class='ocrx_word' id='word_1_161' title='bbox 490 1892 585 1995; x_wconf 63' lang='lat' dir='ltr'>his</span> <span class='ocrx_word' id='word_1_162' title='bbox 604 1892 960 1994; x_wconf 73' lang='lat' dir='ltr'>mundanis,</span> <span class='ocrx_word' id='word_1_163' title='bbox 991 1892 1050 1948; x_wconf 89' lang='lat' dir='ltr'>id</span> <span class='ocrx_word' id='word_1_164' title='bbox 1082 1895 1193 1964; x_wconf 89' lang='lat' dir='ltr'>est,</span> <span class='ocrx_word' id='word_1_165' title='bbox 1224 1892 1276 1947; x_wconf 92' lang='lat' dir='ltr'>si</span> <span class='ocrx_word' id='word_1_166' title='bbox 1307 1890 1423 1947; x_wconf 89' lang='lat' dir='ltr'>mei</span> <span class='ocrx_word' id='word_1_167' title='bbox 1450 1890 1671 1947; x_wconf 82' lang='lat' dir='ltr'>fuerint</span> <span class='ocrx_word' id='word_1_168' title='bbox 1706 1889 2055 1963; x_wconf 89' lang='lat' dir='ltr'>prosperati,</span> <span class='ocrx_word' id='word_1_169' title='bbox 2088 1930 2137 1995; x_wconf 80' lang='grc' dir='ltr'><strong>Β</strong></span> 
     </span>
    </p>
   </div>
   <div class='ocr_carea' id='block_1_20' title="bbox 394 1979 2059 2056">
    <p class='ocr_par' dir='ltr' id='par_1_20' title="bbox 394 1979 2059 2056">
     <span class='ocr_line' id='line_1_20' title="bbox 394 1979 2059 2056; baseline -0.004 -16"><span class='ocrx_word' id='word_1_170' title='bbox 394 1980 545 2040; x_wconf 79' lang='lat' dir='ltr'>nihil</span> <span class='ocrx_word' id='word_1_171' title='bbox 575 1980 964 2056; x_wconf 90' lang='lat' dir='ltr'>profuit,quia</span> <span class='ocrx_word' id='word_1_172' title='bbox 994 1984 1197 2055; x_wconf 85' lang='lat' dir='ltr'>postea</span> <span class='ocrx_word' id='word_1_173' title='bbox 1227 2002 1256 2030; x_wconf 90' lang='grc'><strong><em>‹‹</em></strong></span> <span class='ocrx_word' id='word_1_174' title='bbox 1290 1979 1642 2035; x_wconf 84' lang='lat' dir='ltr'>humiliatus</span> <span class='ocrx_word' id='word_1_175' title='bbox 1670 1995 1864 2047; x_wconf 89' lang='lat' dir='ltr'>sum,»</span> <span class='ocrx_word' id='word_1_176' title='bbox 1887 1979 1946 2034; x_wconf 89' lang='lat' dir='ltr'>id</span> <span class='ocrx_word' id='word_1_177' title='bbox 1968 1983 2059 2034; x_wconf 87' lang='lat' dir='ltr'>est</span> 
     </span>
    </p>
   </div>
   <div class='ocr_carea' id='block_1_21' title="bbox 393 2067 2061 2142">
    <p class='ocr_par' dir='ltr' id='par_1_21' title="bbox 393 2067 2061 2142">
     <span class='ocr_line' id='line_1_21' title="bbox 393 2067 2061 2142; baseline -0.004 -13"><span class='ocrx_word' id='word_1_178' title='bbox 393 2070 694 2129; x_wconf 78' lang='lat' dir='ltr'>humiliati</span> <span class='ocrx_word' id='word_1_179' title='bbox 724 2075 865 2127; x_wconf 90' lang='lat' dir='ltr'>sunt</span> <span class='ocrx_word' id='word_1_180' title='bbox 893 2069 1010 2126; x_wconf 90' lang='lat' dir='ltr'>mei</span> <span class='ocrx_word' id='word_1_181' title='bbox 1041 2070 1115 2126; x_wconf 91' lang='lat' dir='ltr'>ad</span> <span class='ocrx_word' id='word_1_182' title='bbox 1147 2069 1580 2142; x_wconf 80' lang='lat' dir='ltr'>pmnitentiam,</span> <span class='ocrx_word' id='word_1_183' title='bbox 1614 2091 1641 2119; x_wconf 91' lang='grc'>‹‹</span> <span class='ocrx_word' id='word_1_184' title='bbox 1666 2072 1725 2124; x_wconf 82' lang='lat' dir='ltr'>et</span> <span class='ocrx_word' id='word_1_185' title='bbox 1753 2067 2061 2125; x_wconf 87' lang='lat' dir='ltr'>conturba-</span> 
     </span>
    </p>
   </div>
   <div class='ocr_carea' id='block_1_22' title="bbox 397 2156 2057 2231">
    <p class='ocr_par' dir='ltr' id='par_1_22' title="bbox 397 2156 2057 2231">
     <span class='ocr_line' id='line_1_22' title="bbox 397 2156 2057 2231; baseline -0.004 -13"><span class='ocrx_word' id='word_1_186' title='bbox 397 2165 500 2218; x_wconf 85' lang='lat' dir='ltr'>tus</span> <span class='ocrx_word' id='word_1_187' title='bbox 532 2183 562 2211; x_wconf 71' lang='grc' dir='ltr'><strong>η</strong></span> <span class='ocrx_word' id='word_1_188' title='bbox 591 2168 750 2231; x_wconf 83' lang='lat' dir='ltr'>sum,</span> <span class='ocrx_word' id='word_1_189' title='bbox 780 2158 1132 2216; x_wconf 89' lang='lat' dir='ltr'>sustinendo</span> <span class='ocrx_word' id='word_1_190' title='bbox 1191 2156 1446 2227; x_wconf 84' lang='lat' dir='ltr'>labores,</span> <span class='ocrx_word' id='word_1_191' title='bbox 1477 2158 1527 2214; x_wconf 89' lang='lat' dir='ltr'>si</span> <span class='ocrx_word' id='word_1_192' title='bbox 1558 2157 1673 2214; x_wconf 90' lang='lat' dir='ltr'>mei</span> <span class='ocrx_word' id='word_1_193' title='bbox 1724 2156 2057 2213; x_wconf 85' lang='lat' dir='ltr'>conturbati</span> 
     </span>
    </p>
   </div>
   <div class='ocr_carea' id='block_1_23' title="bbox 402 2254 569 2308">
    <p class='ocr_par' dir='ltr' id='par_1_23' title="bbox 402 2254 569 2308">
     <span class='ocr_line' id='line_1_23' title="bbox 402 2254 569 2308; baseline -0.012 0"><span class='ocrx_word' id='word_1_194' title='bbox 402 2254 569 2308; x_wconf 86' lang='lat' dir='ltr'>sunt.</span> 
     </span>
    </p>
   </div>
   <div class='ocr_carea' id='block_1_24' title="bbox 471 2334 2060 2410">
    <p class='ocr_par' dir='ltr' id='par_1_24' title="bbox 471 2334 2060 2410">
     <span class='ocr_line' id='line_1_24' title="bbox 471 2334 2060 2410; baseline -0.004 -14"><span class='ocrx_word' id='word_1_195' title='bbox 471 2339 545 2396; x_wconf 83' lang='lat' dir='ltr'>Et</span> <span class='ocrx_word' id='word_1_196' title='bbox 571 2342 689 2396; x_wconf 86' lang='lat' dir='ltr'>non</span> <span class='ocrx_word' id='word_1_197' title='bbox 721 2337 1019 2405; x_wconf 77' lang='lat' dir='ltr'>mi‘rum,si</span> <span class='ocrx_word' id='word_1_198' title='bbox 1049 2353 1155 2410; x_wconf 87' lang='lat' dir='ltr'>ego</span> <span class='ocrx_word' id='word_1_199' title='bbox 1178 2353 1311 2394; x_wconf 88' lang='lat' dir='ltr'>sum</span> <span class='ocrx_word' id='word_1_200' title='bbox 1344 2334 1898 2407; x_wconf 89' lang='lat' dir='ltr'>conturbatus,quia</span> <span class='ocrx_word' id='word_1_201' title='bbox 1920 2334 2060 2390; x_wconf 68' lang='lat' dir='ltr'>«ira:</span> 
     </span>
    </p>
   </div>
   <div class='ocr_carea' id='block_1_25' title="bbox 401 2424 2061 2500">
    <p class='ocr_par' dir='ltr' id='par_1_25' title="bbox 401 2424 2061 2500">
     <span class='ocr_line' id='line_1_25' title="bbox 401 2424 2061 2500; baseline -0.004 -15"><span class='ocrx_word' id='word_1_202' title='bbox 401 2428 518 2486; x_wconf 73' lang='lat' dir='ltr'>tute</span> <span class='ocrx_word' id='word_1_203' title='bbox 548 2448 582 2478; x_wconf 66' lang='grc' dir='ltr'>τ)</span> <span class='ocrx_word' id='word_1_204' title='bbox 613 2425 674 2483; x_wconf 86' lang='lat' dir='ltr'>id</span> <span class='ocrx_word' id='word_1_205' title='bbox 705 2431 816 2500; x_wconf 85' lang='lat' dir='ltr'>est,</span> <span class='ocrx_word' id='word_1_206' title='bbox 845 2425 1115 2483; x_wconf 68' lang='lat' dir='ltr'>vindicta:</span> <span class='ocrx_word' id='word_1_207' title='bbox 1148 2430 1260 2482; x_wconf 73' lang='lat' dir='ltr'>tum</span> <span class='ocrx_word' id='word_1_208' title='bbox 1303 2430 1590 2480; x_wconf 86' lang='lat' dir='ltr'>venerunt</span> <span class='ocrx_word' id='word_1_209' title='bbox 1618 2424 1677 2479; x_wconf 91' lang='lat' dir='ltr'>in</span> <span class='ocrx_word' id='word_1_210' title='bbox 1711 2438 1824 2492; x_wconf 91' lang='lat' dir='ltr'>me,</span> <span class='ocrx_word' id='word_1_211' title='bbox 1858 2427 1914 2478; x_wconf 88' lang='lat' dir='ltr'>et</span> <span class='ocrx_word' id='word_1_212' title='bbox 1943 2441 2061 2479; x_wconf 90' lang='lat' dir='ltr'>non</span> 
     </span>
    </p>
   </div>
   <div class='ocr_carea' id='block_1_26' title="bbox 401 2512 2060 2588">
    <p class='ocr_par' dir='ltr' id='par_1_26' title="bbox 401 2512 2060 2588">
     <span class='ocr_line' id='line_1_26' title="bbox 401 2512 2060 2588; baseline -0.004 -14"><span class='ocrx_word' id='word_1_213' title='bbox 401 2520 812 2574; x_wconf 82' lang='lat' dir='ltr'>remanserunt</span> <span class='ocrx_word' id='word_1_214' title='bbox 843 2516 904 2572; x_wconf 90' lang='lat' dir='ltr'>in</span> <span class='ocrx_word' id='word_1_215' title='bbox 934 2532 1088 2588; x_wconf 79' lang='lat' dir='ltr'>me,»</span> <span class='ocrx_word' id='word_1_216' title='bbox 1106 2515 1246 2587; x_wconf 87' lang='lat' dir='ltr'>quia</span> <span class='ocrx_word' id='word_1_217' title='bbox 1275 2514 1389 2569; x_wconf 92' lang='lat' dir='ltr'>mei</span> <span class='ocrx_word' id='word_1_218' title='bbox 1424 2514 1496 2569; x_wconf 88' lang='lat' dir='ltr'>ad</span> <span class='ocrx_word' id='word_1_219' title='bbox 1526 2513 1734 2569; x_wconf 91' lang='lat' dir='ltr'>horam</span> <span class='ocrx_word' id='word_1_220' title='bbox 1762 2512 2060 2569; x_wconf 87' lang='lat' dir='ltr'>sustinue-</span> 
     </span>
    </p>
   </div>
   <div class='ocr_carea' id='block_1_27' title="bbox 400 2602 2064 2679">
    <p class='ocr_par' dir='ltr' id='par_1_27' title="bbox 400 2602 2064 2679">
     <span class='ocr_line' id='line_1_27' title="bbox 400 2602 2064 2679; baseline -0.004 -15"><span class='ocrx_word' id='word_1_221' title='bbox 400 2611 562 2679; x_wconf 82' lang='lat' dir='ltr'>runt,</span> <span class='ocrx_word' id='word_1_222' title='bbox 579 2611 648 2662; x_wconf 87' lang='lat' dir='ltr'>ut</span> <span class='ocrx_word' id='word_1_223' title='bbox 676 2606 1053 2679; x_wconf 88' lang='lat' dir='ltr'>postmodum</span> <span class='ocrx_word' id='word_1_224' title='bbox 1086 2603 1410 2677; x_wconf 82' lang='lat' dir='ltr'>gauderent</span> <span class='ocrx_word' id='word_1_225' title='bbox 1437 2602 1497 2656; x_wconf 91' lang='lat' dir='ltr'>in</span> <span class='ocrx_word' id='word_1_226' title='bbox 1532 2605 1919 2674; x_wconf 88' lang='lat' dir='ltr'>perpetuum;</span> <span class='ocrx_word' id='word_1_227' title='bbox 1952 2624 1980 2650; x_wconf 86' lang='lat'><strong>«</strong></span> <span class='ocrx_word' id='word_1_228' title='bbox 2005 2606 2064 2657; x_wconf 88' lang='lat' dir='ltr'>et</span> 
     </span>
    </p>
   </div>
   <div class='ocr_carea' id='block_1_28' title="bbox 399 2690 2061 2763">
    <p class='ocr_par' dir='ltr' id='par_1_28' title="bbox 399 2690 2061 2763">
     <span class='ocr_line' id='line_1_28' title="bbox 399 2690 2061 2763; baseline -0.004 -11"><span class='ocrx_word' id='word_1_229' title='bbox 399 2702 652 2752; x_wconf 86' lang='lat' dir='ltr'>terrores</span> <span class='ocrx_word' id='word_1_230' title='bbox 681 2692 771 2750; x_wconf 90' lang='lat' dir='ltr'>tui</span> <span class='ocrx_word' id='word_1_231' title='bbox 804 2716 833 2744; x_wconf 86' lang='lat'><strong>»</strong></span> <span class='ocrx_word' id='word_1_232' title='bbox 866 2695 937 2749; x_wconf 91' lang='lat' dir='ltr'>de</span> <span class='ocrx_word' id='word_1_233' title='bbox 966 2692 1177 2749; x_wconf 90' lang='lat' dir='ltr'>timore</span> <span class='ocrx_word' id='word_1_234' title='bbox 1216 2690 1396 2747; x_wconf 86' lang='lat' dir='ltr'>futuri</span> <span class='ocrx_word' id='word_1_235' title='bbox 1421 2690 1656 2763; x_wconf 88' lang='lat' dir='ltr'>judicii,</span> <span class='ocrx_word' id='word_1_236' title='bbox 1689 2714 1715 2741; x_wconf 85' lang='lat'><strong>«</strong></span> <span class='ocrx_word' id='word_1_237' title='bbox 1749 2690 2061 2746; x_wconf 89' lang='lat' dir='ltr'>conturba-</span> 
     </span>
    </p>
   </div>
   <div class='ocr_carea' id='block_1_29' title="bbox 401 2769 1235 2850">
    <p class='ocr_par' dir='ltr' id='par_1_29' title="bbox 401 2769 1235 2850">
     <span class='ocr_line' id='line_1_29' title="bbox 401 2769 1235 2850; baseline -0.005 -9"><span class='ocrx_word' id='word_1_238' title='bbox 401 2788 614 2842; x_wconf 86' lang='lat' dir='ltr'>verunt</span> <span class='ocrx_word' id='word_1_239' title='bbox 642 2798 739 2838; x_wconf 87' lang='lat' dir='ltr'>me</span> <span class='ocrx_word' id='word_1_240' title='bbox 770 2805 799 2832; x_wconf 88' lang='lat'><strong>»</strong></span> <span class='ocrx_word' id='word_1_241' title='bbox 829 2782 888 2837; x_wconf 89' lang='lat' dir='ltr'>id</span> <span class='ocrx_word' id='word_1_242' title='bbox 918 2785 1027 2850; x_wconf 90' lang='lat' dir='ltr'>est,</span> <span class='ocrx_word' id='word_1_243' title='bbox 1054 2769 1235 2837; x_wconf 79' lang='lat' dir='ltr'>meos.</span> 
     </span>
    </p>
   </div>
   <div class='ocr_carea' id='block_1_30' title="bbox 2160 645 3801 719">
    <p class='ocr_par' dir='ltr' id='par_1_30' title="bbox 2160 645 3801 719">
     <span class='ocr_line' id='line_1_30' title="bbox 2160 645 3801 719; baseline 0.001 -18"><span class='ocrx_word' id='word_1_244' title='bbox 2160 646 2417 701; x_wconf 86' lang='lat' dir='ltr'>ostendit</span> <span class='ocrx_word' id='word_1_245' title='bbox 2432 649 2588 719; x_wconf 89' lang='lat' dir='ltr'>quod</span> <span class='ocrx_word' id='word_1_246' title='bbox 2606 651 2809 702; x_wconf 90' lang='lat' dir='ltr'>contra</span> <span class='ocrx_word' id='word_1_247' title='bbox 2825 646 3117 719; x_wconf 89' lang='lat' dir='ltr'>promissa</span> <span class='ocrx_word' id='word_1_248' title='bbox 3130 645 3398 701; x_wconf 89' lang='lat' dir='ltr'>videatur</span> <span class='ocrx_word' id='word_1_249' title='bbox 3412 646 3567 702; x_wconf 89' lang='lat' dir='ltr'>Deus</span> <span class='ocrx_word' id='word_1_250' title='bbox 3581 646 3801 704; x_wconf 86' lang='lat' dir='ltr'>fecisse:</span> 
     </span>
    </p>
   </div>
   <div class='ocr_carea' id='block_1_31' title="bbox 2160 726 3805 792">
    <p class='ocr_par' dir='ltr' id='par_1_31' title="bbox 2160 726 3805 792">
     <span class='ocr_line' id='line_1_31' title="bbox 2160 726 3805 792; baseline 0.001 -2"><span class='ocrx_word' id='word_1_251' title='bbox 2160 735 2418 791; x_wconf 86' lang='lat' dir='ltr'>ostendit</span> <span class='ocrx_word' id='word_1_252' title='bbox 2446 737 2603 791; x_wconf 88' lang='lat' dir='ltr'>enim</span> <span class='ocrx_word' id='word_1_253' title='bbox 2631 736 2933 792; x_wconf 86' lang='lat' dir='ltr'>Christum</span> <span class='ocrx_word' id='word_1_254' title='bbox 2962 738 3018 791; x_wconf 89' lang='lat' dir='ltr'>et</span> <span class='ocrx_word' id='word_1_255' title='bbox 3049 751 3188 791; x_wconf 91' lang='lat' dir='ltr'>suos</span> <span class='ocrx_word' id='word_1_256' title='bbox 3219 735 3409 791; x_wconf 90' lang='lat' dir='ltr'>multa</span> <span class='ocrx_word' id='word_1_257' title='bbox 3430 735 3583 792; x_wconf 87' lang='lat' dir='ltr'>mala</span> <span class='ocrx_word' id='word_1_258' title='bbox 3613 726 3805 792; x_wconf 77' lang='lat' dir='ltr'>incur-</span> 
     </span>
    </p>
   </div>
   <div class='ocr_carea' id='block_1_32' title="bbox 2161 823 3803 897">
    <p class='ocr_par' dir='ltr' id='par_1_32' title="bbox 2161 823 3803 897">
     <span class='ocr_line' id='line_1_32' title="bbox 2161 823 3803 897; baseline 0.001 -17"><span class='ocrx_word' id='word_1_259' title='bbox 2161 824 2330 897; x_wconf 87' lang='lat' dir='ltr'>rissc,</span> <span class='ocrx_word' id='word_1_260' title='bbox 2363 841 2499 881; x_wconf 91' lang='lat' dir='ltr'>cum</span> <span class='ocrx_word' id='word_1_261' title='bbox 2530 826 2616 881; x_wconf 91' lang='lat' dir='ltr'>eis</span> <span class='ocrx_word' id='word_1_262' title='bbox 2668 825 2823 881; x_wconf 89' lang='lat' dir='ltr'>Deus</span> <span class='ocrx_word' id='word_1_263' title='bbox 2879 824 3071 880; x_wconf 90' lang='lat' dir='ltr'>multa</span> <span class='ocrx_word' id='word_1_264' title='bbox 3126 823 3280 879; x_wconf 90' lang='lat' dir='ltr'>bona</span> <span class='ocrx_word' id='word_1_265' title='bbox 3328 824 3716 895; x_wconf 84' lang='lat' dir='ltr'>promisisset.</span> <span class='ocrx_word' id='word_1_266' title='bbox 3746 825 3803 881; x_wconf 89' lang='lat' dir='ltr'><strong>In</strong></span> 
     </span>
    </p>
   </div>
   <div class='ocr_carea' id='block_1_33' title="bbox 2161 913 3805 987">
    <p class='ocr_par' dir='ltr' id='par_1_33' title="bbox 2161 913 3805 987">
     <span class='ocr_line' id='line_1_33' title="bbox 2161 913 3805 987; baseline -0.002 -17"><span class='ocrx_word' id='word_1_267' title='bbox 2161 915 2390 987; x_wconf 90' lang='lat' dir='ltr'>quinta,</span> <span class='ocrx_word' id='word_1_268' title='bbox 2404 932 2533 987; x_wconf 77' lang='lat' dir='ltr'>quae</span> <span class='ocrx_word' id='word_1_269' title='bbox 2566 914 2803 987; x_wconf 89' lang='lat' dir='ltr'>incipit:</span> <span class='ocrx_word' id='word_1_270' title='bbox 2825 938 2853 965; x_wconf 90' lang='grc'>‹‹</span> <span class='ocrx_word' id='word_1_271' title='bbox 2868 914 3203 987; x_wconf 88' lang='lat' dir='ltr'>Usquequo,</span> <span class='ocrx_word' id='word_1_272' title='bbox 3218 913 3484 986; x_wconf 86' lang='lat' dir='ltr'>Domine,</span> <span class='ocrx_word' id='word_1_273' title='bbox 3497 916 3711 971; x_wconf 85' lang='lat' dir='ltr'>avertis</span> <span class='ocrx_word' id='word_1_274' title='bbox 3729 915 3757 971; x_wconf 62' lang='grc' dir='ltr'><strong><em>Ἰ</em></strong></span> <span class='ocrx_word' id='word_1_275' title='bbox 3781 939 3805 966; x_wconf 76' lang='grc' dir='ltr'><strong>υ</strong></span> 
     </span>
    </p>
   </div>
   <div class='ocr_carea' id='block_1_34' title="bbox 2163 1003 3806 1077">
    <p class='ocr_par' dir='ltr' id='par_1_34' title="bbox 2163 1003 3806 1077">
     <span class='ocr_line' id='line_1_34' title="bbox 2163 1003 3806 1077; baseline 0.001 -18"><span class='ocrx_word' id='word_1_276' title='bbox 2163 1005 2327 1077; x_wconf 89' lang='lat' dir='ltr'>ponit</span> <span class='ocrx_word' id='word_1_277' title='bbox 2343 1020 2544 1076; x_wconf 86' lang='lat' dir='ltr'>preces</span> <span class='ocrx_word' id='word_1_278' title='bbox 2560 1022 2664 1076; x_wconf 89' lang='lat' dir='ltr'>pro</span> <span class='ocrx_word' id='word_1_279' title='bbox 2682 1003 2855 1059; x_wconf 89' lang='lat' dir='ltr'>malis</span> <span class='ocrx_word' id='word_1_280' title='bbox 2871 1021 2999 1076; x_wconf 68' lang='lat' dir='ltr'>qua:</span> <span class='ocrx_word' id='word_1_281' title='bbox 3021 1004 3229 1059; x_wconf 76' lang='lat' dir='ltr'>futura</span> <span class='ocrx_word' id='word_1_282' title='bbox 3254 1003 3411 1059; x_wconf 86' lang='lat' dir='ltr'>videt</span> <span class='ocrx_word' id='word_1_283' title='bbox 3437 1004 3726 1075; x_wconf 71' lang='lat' dir='ltr'>Ecclesiae,</span> <span class='ocrx_word' id='word_1_284' title='bbox 3756 1008 3806 1061; x_wconf 88' lang='lat' dir='ltr'>et</span> 
     </span>
    </p>
   </div>
   <div class='ocr_carea' id='block_1_35' title="bbox 2161 1088 3804 1164">
    <p class='ocr_par' dir='ltr' id='par_1_35' title="bbox 2161 1088 3804 1164">
     <span class='ocr_line' id='line_1_35' title="bbox 2161 1088 3804 1164; baseline 0.002 -17"><span class='ocrx_word' id='word_1_285' title='bbox 2161 1092 2357 1148; x_wconf 91' lang='lat' dir='ltr'>innuit</span> <span class='ocrx_word' id='word_1_286' title='bbox 2387 1110 2455 1148; x_wconf 90' lang='lat' dir='ltr'>ea</span> <span class='ocrx_word' id='word_1_287' title='bbox 2484 1110 2600 1148; x_wconf 92' lang='lat' dir='ltr'>non</span> <span class='ocrx_word' id='word_1_288' title='bbox 2634 1108 2841 1148; x_wconf 90' lang='lat' dir='ltr'>nocere</span> <span class='ocrx_word' id='word_1_289' title='bbox 2872 1096 3075 1147; x_wconf 89' lang='lat' dir='ltr'>contra</span> <span class='ocrx_word' id='word_1_290' title='bbox 3106 1091 3528 1164; x_wconf 71' lang='lat' dir='ltr'>promissi‘ones</span> <span class='ocrx_word' id='word_1_291' title='bbox 3557 1088 3686 1150; x_wconf 90' lang='lat' dir='ltr'>Dei.</span> <span class='ocrx_word' id='word_1_292' title='bbox 3718 1098 3804 1150; x_wconf 83' lang='lat' dir='ltr'>In-</span> 
     </span>
    </p>
   </div>
   <div class='ocr_carea' id='block_1_36' title="bbox 2162 1180 3804 1255">
    <p class='ocr_par' dir='ltr' id='par_1_36' title="bbox 2162 1180 3804 1255">
     <span class='ocr_line' id='line_1_36' title="bbox 2162 1180 3804 1255; baseline 0 -18"><span class='ocrx_word' id='word_1_293' title='bbox 2162 1181 2344 1238; x_wconf 89' lang='lat' dir='ltr'>tentio</span> <span class='ocrx_word' id='word_1_294' title='bbox 2375 1186 2465 1238; x_wconf 88' lang='lat' dir='ltr'>est</span> <span class='ocrx_word' id='word_1_295' title='bbox 2495 1198 2601 1237; x_wconf 91' lang='lat' dir='ltr'>nos</span> <span class='ocrx_word' id='word_1_296' title='bbox 2631 1181 2947 1237; x_wconf 88' lang='lat' dir='ltr'>admonere</span> <span class='ocrx_word' id='word_1_297' title='bbox 2967 1182 3032 1236; x_wconf 92' lang='lat' dir='ltr'>ut</span> <span class='ocrx_word' id='word_1_298' title='bbox 3048 1180 3164 1235; x_wconf 91' lang='lat' dir='ltr'>Deo</span> <span class='ocrx_word' id='word_1_299' title='bbox 3195 1180 3415 1253; x_wconf 86' lang='lat' dir='ltr'>gratias</span> <span class='ocrx_word' id='word_1_300' title='bbox 3446 1196 3695 1254; x_wconf 85' lang='lat' dir='ltr'>agamus</span> <span class='ocrx_word' id='word_1_301' title='bbox 3710 1198 3804 1255; x_wconf 88' lang='lat' dir='ltr'>pro</span> 
     </span>
    </p>
   </div>
   <div class='ocr_carea' id='block_1_37' title="bbox 2163 1269 3807 1343">
    <p class='ocr_par' dir='ltr' id='par_1_37' title="bbox 2163 1269 3807 1343">
     <span class='ocr_line' id='line_1_37' title="bbox 2163 1269 3807 1343; baseline -0.001 -15"><span class='ocrx_word' id='word_1_302' title='bbox 2163 1271 2377 1328; x_wconf 89' lang='lat' dir='ltr'>collata</span> <span class='ocrx_word' id='word_1_303' title='bbox 2413 1271 2601 1343; x_wconf 88' lang='lat' dir='ltr'>gratia</span> <span class='ocrx_word' id='word_1_304' title='bbox 2629 1274 2689 1326; x_wconf 89' lang='lat' dir='ltr'>et</span> <span class='ocrx_word' id='word_1_305' title='bbox 2716 1271 2980 1327; x_wconf 87' lang='lat' dir='ltr'>veritate.</span> <span class='ocrx_word' id='word_1_306' title='bbox 3013 1269 3334 1326; x_wconf 87' lang='lat' dir='ltr'>Possumus</span> <span class='ocrx_word' id='word_1_307' title='bbox 3389 1269 3563 1325; x_wconf 85' lang='lat' dir='ltr'>etiam</span> <span class='ocrx_word' id='word_1_308' title='bbox 3625 1271 3807 1327; x_wconf 84' lang='lat' dir='ltr'>dicere</span> 
     </span>
    </p>
   </div>
   <div class='ocr_carea' id='block_1_38' title="bbox 2165 1357 3806 1433">
    <p class='ocr_par' dir='ltr' id='par_1_38' title="bbox 2165 1357 3806 1433">
     <span class='ocr_line' id='line_1_38' title="bbox 2165 1357 3806 1433; baseline 0 -17"><span class='ocrx_word' id='word_1_309' title='bbox 2165 1360 2321 1433; x_wconf 88' lang='lat' dir='ltr'>quod</span> <span class='ocrx_word' id='word_1_310' title='bbox 2351 1359 2482 1415; x_wconf 91' lang='lat' dir='ltr'>ideo</span> <span class='ocrx_word' id='word_1_311' title='bbox 2513 1359 2711 1432; x_wconf 92' lang='lat' dir='ltr'>posuit</span> <span class='ocrx_word' id='word_1_312' title='bbox 2739 1359 2955 1415; x_wconf 88' lang='lat' dir='ltr'>Ezdras</span> <span class='ocrx_word' id='word_1_313' title='bbox 2982 1357 3171 1414; x_wconf 85' lang='lat' dir='ltr'>Ethan</span> <span class='ocrx_word' id='word_1_314' title='bbox 3202 1358 3262 1413; x_wconf 91' lang='lat' dir='ltr'>in</span> <span class='ocrx_word' id='word_1_315' title='bbox 3293 1357 3486 1427; x_wconf 89' lang='lat' dir='ltr'>titulo,</span> <span class='ocrx_word' id='word_1_316' title='bbox 3519 1358 3663 1431; x_wconf 89' lang='lat' dir='ltr'>quia</span> <span class='ocrx_word' id='word_1_317' title='bbox 3691 1359 3806 1433; x_wconf 89' lang='lat' dir='ltr'>ipse</span> 
     </span>
    </p>
   </div>
   <div class='ocr_carea' id='block_1_39' title="bbox 2166 1446 3562 1521">
    <p class='ocr_par' dir='ltr' id='par_1_39' title="bbox 2166 1446 3562 1521">
     <span class='ocr_line' id='line_1_39' title="bbox 2166 1446 3562 1521; baseline -0.001 -16"><span class='ocrx_word' id='word_1_318' title='bbox 2166 1449 2276 1505; x_wconf 90' lang='lat' dir='ltr'>fuit</span> <span class='ocrx_word' id='word_1_319' title='bbox 2301 1465 2436 1505; x_wconf 89' lang='lat' dir='ltr'>cum</span> <span class='ocrx_word' id='word_1_320' title='bbox 2464 1448 2597 1504; x_wconf 89' lang='lat' dir='ltr'>aliis</span> <span class='ocrx_word' id='word_1_321' title='bbox 2626 1446 3082 1521; x_wconf 75' lang='lat' dir='ltr'>przecentoribus</span> <span class='ocrx_word' id='word_1_322' title='bbox 3111 1446 3171 1502; x_wconf 87' lang='lat' dir='ltr'>in</span> <span class='ocrx_word' id='word_1_323' title='bbox 3206 1446 3562 1503; x_wconf 87' lang='lat' dir='ltr'>recitatione.</span> 
     </span>
    </p>
   </div>
   <div class='ocr_carea' id='block_1_40' title="bbox 2233 1526 3803 1611">
    <p class='ocr_par' dir='ltr' id='par_1_40' title="bbox 2233 1526 3803 1611">
     <span class='ocr_line' id='line_1_40' title="bbox 2233 1526 3803 1611; baseline 0.002 -19"><span class='ocrx_word' id='word_1_324' title='bbox 2233 1537 2356 1595; x_wconf 85' lang='lat' dir='ltr'>Vox</span> <span class='ocrx_word' id='word_1_325' title='bbox 2387 1526 2706 1610; x_wconf 84' lang='lat' dir='ltr'>cujuslibet</span> <span class='ocrx_word' id='word_1_326' title='bbox 2753 1537 2813 1592; x_wconf 90' lang='lat' dir='ltr'>in</span> <span class='ocrx_word' id='word_1_327' title='bbox 2860 1534 2960 1592; x_wconf 90' lang='lat' dir='ltr'>illo</span> <span class='ocrx_word' id='word_1_328' title='bbox 3008 1536 3199 1610; x_wconf 89' lang='lat' dir='ltr'>priore</span> <span class='ocrx_word' id='word_1_329' title='bbox 3248 1535 3488 1611; x_wconf 88' lang='lat' dir='ltr'>populo,</span> <span class='ocrx_word' id='word_1_330' title='bbox 3517 1537 3803 1595; x_wconf 88' lang='lat' dir='ltr'>dicentis:</span> 
     </span>
    </p>
   </div>
   <div class='ocr_carea' id='block_1_41' title="bbox 2167 1624 3809 1702">
    <p class='ocr_par' dir='ltr' id='par_1_41' title="bbox 2167 1624 3809 1702">
     <span class='ocr_line' id='line_1_41' title="bbox 2167 1624 3809 1702; baseline 0.003 -24"><span class='ocrx_word' id='word_1_331' title='bbox 2167 1652 2195 1679; x_wconf 83' lang='grc'>‹‹</span> <span class='ocrx_word' id='word_1_332' title='bbox 2215 1627 2648 1684; x_wconf 81' lang='lat' dir='ltr'>Misericordiae</span> <span class='ocrx_word' id='word_1_333' title='bbox 2677 1625 2949 1683; x_wconf 75' lang='lat' dir='ltr'>Domini»</span> <span class='ocrx_word' id='word_1_334' title='bbox 2967 1627 3039 1682; x_wconf 90' lang='lat' dir='ltr'>de</span> <span class='ocrx_word' id='word_1_335' title='bbox 3068 1625 3433 1699; x_wconf 87' lang='lat' dir='ltr'>reparatione</span> <span class='ocrx_word' id='word_1_336' title='bbox 3461 1624 3809 1702; x_wconf 68' lang='lat' dir='ltr'>huma‘ni‘ge-</span> 
     </span>
    </p>
   </div>
   <div class='ocr_carea' id='block_1_42' title="bbox 2167 1713 3809 1788">
    <p class='ocr_par' dir='ltr' id='par_1_42' title="bbox 2167 1713 3809 1788">
     <span class='ocr_line' id='line_1_42' title="bbox 2167 1713 3809 1788; baseline 0.001 -16"><span class='ocrx_word' id='word_1_337' title='bbox 2167 1714 2344 1788; x_wconf 89' lang='lat' dir='ltr'>neris,</span> <span class='ocrx_word' id='word_1_338' title='bbox 2377 1717 2694 1773; x_wconf 78' lang='lat' dir='ltr'>duraturae</span> <span class='ocrx_word' id='word_1_339' title='bbox 2727 1739 2751 1764; x_wconf 83' lang='lat'><strong>«</strong></span> <span class='ocrx_word' id='word_1_340' title='bbox 2781 1714 2843 1771; x_wconf 91' lang='lat' dir='ltr'>in</span> <span class='ocrx_word' id='word_1_341' title='bbox 2876 1719 3179 1781; x_wconf 59' lang='lat' dir='ltr'>aeternum,</span> <span class='ocrx_word' id='word_1_342' title='bbox 3213 1735 3237 1761; x_wconf 75' lang='grc' dir='ltr'>ι»</span> <span class='ocrx_word' id='word_1_343' title='bbox 3270 1713 3411 1788; x_wconf 86' lang='lat' dir='ltr'>quia</span> <span class='ocrx_word' id='word_1_344' title='bbox 3459 1722 3567 1772; x_wconf 83' lang='lat' dir='ltr'>nes</span> <span class='ocrx_word' id='word_1_345' title='bbox 3606 1716 3809 1773; x_wconf 79' lang='lat' dir='ltr'>facient</span> 
     </span>
    </p>
   </div>
   <div class='ocr_carea' id='block_1_43' title="bbox 2167 1800 3808 1877">
    <p class='ocr_par' dir='ltr' id='par_1_43' title="bbox 2167 1800 3808 1877">
     <span class='ocr_line' id='line_1_43' title="bbox 2167 1800 3808 1877; baseline -0.001 -14"><span class='ocrx_word' id='word_1_346' title='bbox 2167 1811 2436 1877; x_wconf 64' lang='lat' dir='ltr'>aeternos,</span> <span class='ocrx_word' id='word_1_347' title='bbox 2469 1833 2496 1858; x_wconf 74' lang='grc' dir='ltr'><strong><em>κ</em></strong></span> <span class='ocrx_word' id='word_1_348' title='bbox 2524 1804 2795 1871; x_wconf 88' lang='lat' dir='ltr'>cantabo,</span> <span class='ocrx_word' id='word_1_349' title='bbox 2831 1823 2855 1849; x_wconf 75' lang='grc' dir='ltr'><strong>ιι</strong></span> <span class='ocrx_word' id='word_1_350' title='bbox 2888 1806 2946 1861; x_wconf 92' lang='lat' dir='ltr'>id</span> <span class='ocrx_word' id='word_1_351' title='bbox 2977 1806 3089 1873; x_wconf 88' lang='lat' dir='ltr'>est,</span> <span class='ocrx_word' id='word_1_352' title='bbox 3124 1820 3258 1861; x_wconf 89' lang='lat' dir='ltr'>cum</span> <span class='ocrx_word' id='word_1_353' title='bbox 3298 1803 3527 1862; x_wconf 75' lang='lat' dir='ltr'>&quot;cantico</span> <span class='ocrx_word' id='word_1_354' title='bbox 3556 1800 3615 1863; x_wconf 79' lang='lat' dir='ltr'>et</span> <span class='ocrx_word' id='word_1_355' title='bbox 3643 1806 3808 1863; x_wconf 89' lang='lat' dir='ltr'>devo-</span> 
     </span>
    </p>
   </div>
   <div class='ocr_carea' id='block_1_44' title="bbox 2168 1894 2738 1953">
    <p class='ocr_par' dir='ltr' id='par_1_44' title="bbox 2168 1894 2738 1953">
     <span class='ocr_line' id='line_1_44' title="bbox 2168 1894 2738 1953; baseline -0.004 -2"><span class='ocrx_word' id='word_1_356' title='bbox 2168 1896 2326 1953; x_wconf 90' lang='lat' dir='ltr'>tione</span> <span class='ocrx_word' id='word_1_357' title='bbox 2356 1894 2738 1951; x_wconf 90' lang='lat' dir='ltr'>annuntiabo.</span> 
     </span>
    </p>
   </div>
   <div class='ocr_carea' id='block_1_45' title="bbox 2237 1982 3808 2056">
    <p class='ocr_par' dir='ltr' id='par_1_45' title="bbox 2237 1982 3808 2056">
     <span class='ocr_line' id='line_1_45' title="bbox 2237 1982 3808 2056; baseline -0.001 -15"><span class='ocrx_word' id='word_1_358' title='bbox 2237 1985 2308 2041; x_wconf 86' lang='lat' dir='ltr'>Et</span> <span class='ocrx_word' id='word_1_359' title='bbox 2335 1984 2515 2040; x_wconf 88' lang='lat' dir='ltr'>etiam</span> <span class='ocrx_word' id='word_1_360' title='bbox 2547 2003 2571 2027; x_wconf 77' lang='grc' dir='ltr'>α</span> <span class='ocrx_word' id='word_1_361' title='bbox 2604 1982 2969 2039; x_wconf 88' lang='lat' dir='ltr'>annuntiabo</span> <span class='ocrx_word' id='word_1_362' title='bbox 2998 1983 3302 2039; x_wconf 86' lang='lat' dir='ltr'>veritatem</span> <span class='ocrx_word' id='word_1_363' title='bbox 3362 1986 3550 2056; x_wconf 90' lang='lat' dir='ltr'>tuam,</span> <span class='ocrx_word' id='word_1_364' title='bbox 3582 2013 3608 2040; x_wconf 75' lang='grc' dir='ltr'>ι.</span> <span class='ocrx_word' id='word_1_365' title='bbox 3644 1982 3701 2040; x_wconf 91' lang='lat' dir='ltr'>id</span> <span class='ocrx_word' id='word_1_366' title='bbox 3730 1987 3808 2040; x_wconf 82' lang='lat' dir='ltr'>est</span> 
     </span>
    </p>
   </div>
   <div class='ocr_carea' id='block_1_46' title="bbox 2168 2070 3807 2146">
    <p class='ocr_par' dir='ltr' id='par_1_46' title="bbox 2168 2070 3807 2146">
     <span class='ocr_line' id='line_1_46' title="bbox 2168 2070 3807 2146; baseline -0.002 -15"><span class='ocrx_word' id='word_1_367' title='bbox 2168 2071 2621 2146; x_wconf 89' lang='lat' dir='ltr'>completionem</span> <span class='ocrx_word' id='word_1_368' title='bbox 2678 2070 3163 2145; x_wconf 89' lang='lat' dir='ltr'>promissionum,</span> <span class='ocrx_word' id='word_1_369' title='bbox 3199 2072 3258 2128; x_wconf 89' lang='lat' dir='ltr'>in</span> <span class='ocrx_word' id='word_1_370' title='bbox 3291 2072 3504 2145; x_wconf 84' lang='lat' dir='ltr'>quibus</span> <span class='ocrx_word' id='word_1_371' title='bbox 3532 2089 3708 2129; x_wconf 83' lang='lat' dir='ltr'>verax</span> <span class='ocrx_word' id='word_1_372' title='bbox 3734 2087 3807 2139; x_wconf 84' lang='lat' dir='ltr'>es,</span> 
     </span>
    </p>
   </div>
   <div class='ocr_carea' id='block_1_47' title="bbox 2168 2158 3806 2235">
    <p class='ocr_par' dir='ltr' id='par_1_47' title="bbox 2168 2158 3806 2235">
     <span class='ocr_line' id='line_1_47' title="bbox 2168 2158 3806 2235; baseline 0.002 -22"><span class='ocrx_word' id='word_1_373' title='bbox 2168 2186 2196 2214; x_wconf 90' lang='grc'><em>‹‹</em></span> <span class='ocrx_word' id='word_1_374' title='bbox 2212 2164 2274 2219; x_wconf 93' lang='lat' dir='ltr'>in</span> <span class='ocrx_word' id='word_1_375' title='bbox 2305 2162 2679 2235; x_wconf 89' lang='lat' dir='ltr'>generatione</span> <span class='ocrx_word' id='word_1_376' title='bbox 2693 2183 2723 2211; x_wconf 87' lang='grc'>››</span> <span class='ocrx_word' id='word_1_377' title='bbox 2751 2158 3017 2231; x_wconf 86' lang='lat' dir='ltr'>Judaica,</span> <span class='ocrx_word' id='word_1_378' title='bbox 3038 2164 3135 2216; x_wconf 77' lang='lat' dir='ltr'>«et</span> <span class='ocrx_word' id='word_1_379' title='bbox 3163 2161 3600 2234; x_wconf 87' lang='lat' dir='ltr'>generationem</span> <span class='ocrx_word' id='word_1_380' title='bbox 3623 2184 3652 2212; x_wconf 86' lang='grc'><strong>››</strong></span> <span class='ocrx_word' id='word_1_381' title='bbox 3683 2178 3806 2235; x_wconf 87' lang='lat' dir='ltr'>gen-</span> 
     </span>
    </p>
   </div>
   <div class='ocr_carea' id='block_1_48' title="bbox 2167 2248 3806 2323">
    <p class='ocr_par' dir='ltr' id='par_1_48' title="bbox 2167 2248 3806 2323">
     <span class='ocr_line' id='line_1_48' title="bbox 2167 2248 3806 2323; baseline -0.002 -15"><span class='ocrx_word' id='word_1_382' title='bbox 2167 2252 2370 2320; x_wconf 87' lang='lat' dir='ltr'>tilem;</span> <span class='ocrx_word' id='word_1_383' title='bbox 2403 2250 2512 2319; x_wconf 91' lang='lat' dir='ltr'>vel,</span> <span class='ocrx_word' id='word_1_384' title='bbox 2544 2249 2605 2306; x_wconf 93' lang='lat' dir='ltr'>in</span> <span class='ocrx_word' id='word_1_385' title='bbox 2643 2248 3017 2322; x_wconf 84' lang='lat' dir='ltr'>generatione</span> <span class='ocrx_word' id='word_1_386' title='bbox 3047 2253 3105 2305; x_wconf 90' lang='lat' dir='ltr'>et</span> <span class='ocrx_word' id='word_1_387' title='bbox 3135 2250 3592 2323; x_wconf 87' lang='lat' dir='ltr'>generationem,</span> <span class='ocrx_word' id='word_1_388' title='bbox 3622 2250 3683 2306; x_wconf 90' lang='lat' dir='ltr'>id</span> <span class='ocrx_word' id='word_1_389' title='bbox 3711 2252 3806 2318; x_wconf 89' lang='lat' dir='ltr'>est,</span> 
     </span>
    </p>
   </div>
   <div class='ocr_carea' id='block_1_49' title="bbox 2169 2337 3805 2414">
    <p class='ocr_par' dir='ltr' id='par_1_49' title="bbox 2169 2337 3805 2414">
     <span class='ocr_line' id='line_1_49' title="bbox 2169 2337 3805 2414; baseline -0.001 -18"><span class='ocrx_word' id='word_1_390' title='bbox 2169 2358 2274 2414; x_wconf 91' lang='lat' dir='ltr'>per</span> <span class='ocrx_word' id='word_1_391' title='bbox 2298 2350 2507 2396; x_wconf 90' lang='lat' dir='ltr'>omnes</span> <span class='ocrx_word' id='word_1_392' title='bbox 2538 2337 2943 2394; x_wconf 89' lang='lat' dir='ltr'>successiones</span> <span class='ocrx_word' id='word_1_393' title='bbox 2972 2337 3454 2410; x_wconf 89' lang='lat' dir='ltr'>generationum:</span> <span class='ocrx_word' id='word_1_394' title='bbox 3487 2342 3545 2395; x_wconf 89' lang='lat' dir='ltr'>et</span> <span class='ocrx_word' id='word_1_395' title='bbox 3574 2337 3686 2396; x_wconf 88' lang='lat' dir='ltr'>hoc</span> <span class='ocrx_word' id='word_1_396' title='bbox 3720 2338 3805 2394; x_wconf 75' lang='lat' dir='ltr'>«in</span> 
     </span>
    </p>
   </div>
   <div class='ocr_carea' id='block_1_50' title="bbox 2169 2425 3805 2499">
    <p class='ocr_par' dir='ltr' id='par_1_50' title="bbox 2169 2425 3805 2499">
     <span class='ocr_line' id='line_1_50' title="bbox 2169 2425 3805 2499; baseline -0.001 -13"><span class='ocrx_word' id='word_1_397' title='bbox 2169 2444 2267 2486; x_wconf 91' lang='lat' dir='ltr'>ore</span> <span class='ocrx_word' id='word_1_398' title='bbox 2296 2444 2488 2484; x_wconf 75' lang='lat' dir='ltr'>meo.»</span> <span class='ocrx_word' id='word_1_399' title='bbox 2522 2425 2682 2482; x_wconf 91' lang='lat' dir='ltr'>Idem</span> <span class='ocrx_word' id='word_1_400' title='bbox 2712 2429 2879 2499; x_wconf 88' lang='lat' dir='ltr'>voc_at</span> <span class='ocrx_word' id='word_1_401' title='bbox 2907 2425 3377 2482; x_wconf 88' lang='lat' dir='ltr'>misericordiam</span> <span class='ocrx_word' id='word_1_402' title='bbox 3409 2432 3468 2484; x_wconf 90' lang='lat' dir='ltr'>et</span> <span class='ocrx_word' id='word_1_403' title='bbox 3492 2427 3805 2499; x_wconf 86' lang='lat' dir='ltr'>veritatem,</span> 
     </span>
    </p>
   </div>
   <div class='ocr_carea' id='block_1_51' title="bbox 2170 2494 3808 2592">
    <p class='ocr_par' dir='ltr' id='par_1_51' title="bbox 2170 2494 3808 2592">
     <span class='ocr_line' id='line_1_51' title="bbox 2170 2494 3808 2592; baseline -0.001 -19"><span class='ocrx_word' id='word_1_404' title='bbox 2170 2517 2395 2574; x_wconf 86' lang='lat' dir='ltr'>scilicet</span> <span class='ocrx_word' id='word_1_405' title='bbox 2444 2514 2729 2572; x_wconf 86' lang='lat' dir='ltr'>beneficia</span> <span class='ocrx_word' id='word_1_406' title='bbox 2780 2494 2880 2570; x_wconf 62' lang='lat' dir='ltr'>Hei</span> <span class='ocrx_word' id='word_1_407' title='bbox 2915 2529 2928 2568; x_wconf 93' lang='lat'>:</span> <span class='ocrx_word' id='word_1_408' title='bbox 2963 2512 3386 2582; x_wconf 83' lang='lat' dir='ltr'>misericordia,</span> <span class='ocrx_word' id='word_1_409' title='bbox 3448 2517 3595 2588; x_wconf 88' lang='lat' dir='ltr'>quia</span> <span class='ocrx_word' id='word_1_410' title='bbox 3646 2494 3808 2592; x_wconf 73' lang='lat' dir='ltr'>gratis</span> 
     </span>
    </p>
   </div>
   <div class='ocr_carea' id='block_1_52' title="bbox 2171 2603 3808 2680">
    <p class='ocr_par' dir='ltr' id='par_1_52' title="bbox 2171 2603 3808 2680">
     <span class='ocr_line' id='line_1_52' title="bbox 2171 2603 3808 2680; baseline -0.001 -16"><span class='ocrx_word' id='word_1_411' title='bbox 2171 2607 2469 2664; x_wconf 87' lang='lat' dir='ltr'>confertur</span> <span class='ocrx_word' id='word_1_412' title='bbox 2496 2622 2529 2660; x_wconf 91' lang='lat' dir='ltr'>a</span> <span class='ocrx_word' id='word_1_413' title='bbox 2559 2603 2707 2672; x_wconf 88' lang='lat' dir='ltr'>Deo;</span> <span class='ocrx_word' id='word_1_414' title='bbox 2739 2603 2974 2669; x_wconf 89' lang='lat' dir='ltr'>veritas,</span> <span class='ocrx_word' id='word_1_415' title='bbox 3009 2603 3150 2675; x_wconf 88' lang='lat' dir='ltr'>quia</span> <span class='ocrx_word' id='word_1_416' title='bbox 3170 2603 3345 2674; x_wconf 84' lang='lat' dir='ltr'>juxta</span> <span class='ocrx_word' id='word_1_417' title='bbox 3374 2606 3531 2677; x_wconf 89' lang='lat' dir='ltr'>quod</span> <span class='ocrx_word' id='word_1_418' title='bbox 3550 2606 3808 2680; x_wconf 85' lang='lat' dir='ltr'>promise-</span> 
     </span>
    </p>
   </div>
   <div class='ocr_carea' id='block_1_53' title="bbox 2173 2691 3805 2768">
    <p class='ocr_par' dir='ltr' id='par_1_53' title="bbox 2173 2691 3805 2768">
     <span class='ocr_line' id='line_1_53' title="bbox 2173 2691 3805 2768; baseline -0.002 -15"><span class='ocrx_word' id='word_1_419' title='bbox 2173 2701 2262 2753; x_wconf 88' lang='lat' dir='ltr'>rat</span> <span class='ocrx_word' id='word_1_420' title='bbox 2292 2694 2500 2768; x_wconf 88' lang='lat' dir='ltr'>implct</span> <span class='ocrx_word' id='word_1_421' title='bbox 2555 2693 2731 2749; x_wconf 87' lang='lat' dir='ltr'>Deus.</span> <span class='ocrx_word' id='word_1_422' title='bbox 2769 2714 2793 2738; x_wconf 79' lang='grc' dir='ltr'><strong>(ι</strong></span> <span class='ocrx_word' id='word_1_423' title='bbox 2823 2691 3200 2748; x_wconf 88' lang='lat' dir='ltr'>Annuntiabo</span> <span class='ocrx_word' id='word_1_424' title='bbox 3230 2710 3256 2736; x_wconf 77' lang='grc' dir='ltr'>ιι</span> <span class='ocrx_word' id='word_1_425' title='bbox 3289 2692 3420 2748; x_wconf 91' lang='lat' dir='ltr'>dico</span> <span class='ocrx_word' id='word_1_426' title='bbox 3452 2694 3510 2749; x_wconf 84' lang='lat' dir='ltr'>in</span> <span class='ocrx_word' id='word_1_427' title='bbox 3543 2702 3644 2751; x_wconf 90' lang='lat' dir='ltr'>ore</span> <span class='ocrx_word' id='word_1_428' title='bbox 3673 2711 3805 2758; x_wconf 84' lang='lat' dir='ltr'>meo,</span> 
     </span>
    </p>
   </div>
   <div class='ocr_carea' id='block_1_54' title="bbox 2171 2781 3805 2857">
    <p class='ocr_par' dir='ltr' id='par_1_54' title="bbox 2171 2781 3805 2857">
     <span class='ocr_line' id='line_1_54' title="bbox 2171 2781 3805 2857; baseline -0.004 -15"><span class='ocrx_word' id='word_1_429' title='bbox 2171 2786 2233 2842; x_wconf 92' lang='lat' dir='ltr'>in</span> <span class='ocrx_word' id='word_1_430' title='bbox 2264 2801 2381 2857; x_wconf 91' lang='lat' dir='ltr'>quo</span> <span class='ocrx_word' id='word_1_431' title='bbox 2411 2797 2644 2856; x_wconf 90' lang='lat' dir='ltr'>semper</span> <span class='ocrx_word' id='word_1_432' title='bbox 2676 2781 2863 2837; x_wconf 88' lang='lat' dir='ltr'>habeo</span> <span class='ocrx_word' id='word_1_433' title='bbox 2894 2784 3231 2853; x_wconf 88' lang='lat' dir='ltr'>promptam</span> <span class='ocrx_word' id='word_1_434' title='bbox 3261 2781 3590 2850; x_wconf 87' lang='lat' dir='ltr'>veritatem,</span> <span class='ocrx_word' id='word_1_435' title='bbox 3612 2782 3689 2839; x_wconf 87' lang='lat' dir='ltr'>&#39;ad</span> <span class='ocrx_word' id='word_1_436' title='bbox 3719 2800 3805 2837; x_wconf 90' lang='lat' dir='ltr'>an-</span> 
     </span>
    </p>
   </div>
   <div class='ocr_carea' id='block_1_55' title="bbox 477 2868 3808 2943">
    <p class='ocr_par' dir='ltr' id='par_1_55' title="bbox 477 2868 3808 2943">
     <span class='ocr_line' id='line_1_55' title="bbox 477 2868 3808 2943; baseline -0.001 -11"><span class='ocrx_word' id='word_1_437' title='bbox 477 2873 631 2929; x_wconf 85' lang='lat' dir='ltr'>Bene</span> <span class='ocrx_word' id='word_1_438' title='bbox 661 2871 977 2943; x_wconf 83' lang='lat' dir='ltr'>dico,qu0d</span> <span class='ocrx_word' id='word_1_439' title='bbox 1009 2870 1108 2925; x_wconf 70' lang='lat' dir='ltr'>irm</span> <span class='ocrx_word' id='word_1_440' title='bbox 1139 2870 1505 2925; x_wconf 74' lang='lat' dir='ltr'>transierunt</span> <span class='ocrx_word' id='word_1_441' title='bbox 1531 2868 1591 2924; x_wconf 77' lang='lat' dir='ltr'>in</span> <span class='ocrx_word' id='word_1_442' title='bbox 1623 2886 1738 2940; x_wconf 76' lang='lat' dir='ltr'>me,</span> <span class='ocrx_word' id='word_1_443' title='bbox 1757 2869 1897 2941; x_wconf 82' lang='lat' dir='ltr'>quia</span> <span class='ocrx_word' id='word_1_444' title='bbox 1925 2868 2064 2924; x_wconf 77' lang='lat' dir='ltr'>mali</span> <span class='ocrx_word' id='word_1_445' title='bbox 2174 2873 2571 2931; x_wconf 88' lang='lat' dir='ltr'>nuntiandum</span> <span class='ocrx_word' id='word_1_446' title='bbox 2593 2868 2855 2939; x_wconf 89' lang='lat' dir='ltr'>aliis;vel</span> <span class='ocrx_word' id='word_1_447' title='bbox 2883 2868 2941 2924; x_wconf 91' lang='lat' dir='ltr'>in</span> <span class='ocrx_word' id='word_1_448' title='bbox 2970 2884 3068 2925; x_wconf 89' lang='lat' dir='ltr'>ore</span> <span class='ocrx_word' id='word_1_449' title='bbox 3098 2868 3314 2937; x_wconf 90' lang='lat' dir='ltr'>meo,id</span> <span class='ocrx_word' id='word_1_450' title='bbox 3332 2873 3439 2940; x_wconf 88' lang='lat' dir='ltr'>est,</span> <span class='ocrx_word' id='word_1_451' title='bbox 3454 2871 3609 2927; x_wconf 69' lang='lat' dir='ltr'>Sicut</span> <span class='ocrx_word' id='word_1_452' title='bbox 3636 2870 3808 2928; x_wconf 87' lang='lat' dir='ltr'>habeo</span> 
     </span>
    </p>
   </div>
   <div class='ocr_carea' id='block_1_56' title="bbox 406 2957 3013 3037">
    <p class='ocr_par' dir='ltr' id='par_1_56' title="bbox 406 2957 3013 3037">
     <span class='ocr_line' id='line_1_56' title="bbox 406 2957 3013 3037; baseline -0.001 -19"><span class='ocrx_word' id='word_1_453' title='bbox 406 2962 700 3032; x_wconf 79' lang='lat' dir='ltr'>homines,</span> <span class='ocrx_word' id='word_1_454' title='bbox 731 2958 819 3015; x_wconf 88' lang='lat' dir='ltr'>vel</span> <span class='ocrx_word' id='word_1_455' title='bbox 861 2964 1099 3032; x_wconf 86' lang='lat' dir='ltr'>peccata</span> <span class='ocrx_word' id='word_1_456' title='bbox 1128 2982 1155 3009; x_wconf 88' lang='grc'><em>‹‹</em></span> <span class='ocrx_word' id='word_1_457' title='bbox 1191 2958 1705 3014; x_wconf 89' lang='lat' dir='ltr'>circumdederunt</span> <span class='ocrx_word' id='word_1_458' title='bbox 1763 2975 1857 3013; x_wconf 90' lang='lat' dir='ltr'>me</span> <span class='ocrx_word' id='word_1_459' title='bbox 1915 2957 2069 3014; x_wconf 89' lang='lat' dir='ltr'>sicut</span> <span class='ocrx_word' id='word_1_460' title='bbox 2175 2967 2234 3022; x_wconf 77' lang='lat' dir='ltr'>in</span> <span class='ocrx_word' id='word_1_461' title='bbox 2268 2980 2388 3037; x_wconf 70' lang='lat' dir='ltr'>ore,</span> <span class='ocrx_word' id='word_1_462' title='bbox 2419 2964 2502 3018; x_wconf 84' lang='lat' dir='ltr'>ita</span> <span class='ocrx_word' id='word_1_463' title='bbox 2530 2960 2793 3032; x_wconf 82' lang='lat' dir='ltr'>compleo</span> <span class='ocrx_word' id='word_1_464' title='bbox 2821 2975 3013 3032; x_wconf 90' lang='lat' dir='ltr'>opere.</span> 
     </span>
    </p>
   </div>
   <div class='ocr_carea' id='block_1_57' title="bbox 407 3045 3810 3126">
    <p class='ocr_par' dir='ltr' id='par_1_57' title="bbox 407 3045 3810 3126">
     <span class='ocr_line' id='line_1_57' title="bbox 407 3045 3810 3126; baseline -0.002 -15"><span class='ocrx_word' id='word_1_465' title='bbox 407 3047 663 3120; x_wconf 58' lang='lat' dir='ltr'>aquaedd</span> <span class='ocrx_word' id='word_1_466' title='bbox 680 3049 931 3117; x_wconf 50' lang='grc' dir='ltr'>θάψασι</span> <span class='ocrx_word' id='word_1_467' title='bbox 973 3063 1187 3119; x_wconf 78' lang='lat' dir='ltr'>magna</span> <span class='ocrx_word' id='word_1_468' title='bbox 1206 3046 1578 3115; x_wconf 79' lang='lat' dir='ltr'>inundantia,</span> <span class='ocrx_word' id='word_1_469' title='bbox 1598 3050 1656 3101; x_wconf 85' lang='lat' dir='ltr'>et</span> <span class='ocrx_word' id='word_1_470' title='bbox 1682 3045 1944 3103; x_wconf 79' lang='lat' dir='ltr'>volentes</span> <span class='ocrx_word' id='word_1_471' title='bbox 1973 3062 2068 3102; x_wconf 87' lang='lat' dir='ltr'>me</span> <span class='ocrx_word' id='word_1_472' title='bbox 2246 3055 2317 3111; x_wconf 88' lang='lat' dir='ltr'>Et</span> <span class='ocrx_word' id='word_1_473' title='bbox 2332 3069 2449 3126; x_wconf 91' lang='lat' dir='ltr'>qua</span> <span class='ocrx_word' id='word_1_474' title='bbox 2465 3050 2806 3108; x_wconf 78' lang='lat' dir='ltr'>auctoritate</span> <span class='ocrx_word' id='word_1_475' title='bbox 2836 3049 3018 3105; x_wconf 89' lang='lat' dir='ltr'>fretus</span> <span class='ocrx_word' id='word_1_476' title='bbox 3033 3047 3156 3104; x_wconf 78' lang='lat' dir='ltr'>haec</span> <span class='ocrx_word' id='word_1_477' title='bbox 3173 3049 3573 3106; x_wconf 88' lang='lat' dir='ltr'>annuntiabo?</span> <span class='ocrx_word' id='word_1_478' title='bbox 3590 3052 3691 3106; x_wconf 88' lang='lat' dir='ltr'>tua</span> <span class='ocrx_word' id='word_1_479' title='bbox 3716 3047 3810 3105; x_wconf 90' lang='lat' dir='ltr'>sci-</span> 
     </span>
    </p>
   </div>
   <div class='ocr_carea' id='block_1_58' title="bbox 406 3134 3811 3211">
    <p class='ocr_par' dir='ltr' id='par_1_58' title="bbox 406 3134 3811 3211">
     <span class='ocr_line' id='line_1_58' title="bbox 406 3134 3811 3211; baseline -0.003 -17"><span class='ocrx_word' id='word_1_480' title='bbox 406 3135 929 3210; x_wconf 84' lang='lat' dir='ltr'>demergere,sicut</span> <span class='ocrx_word' id='word_1_481' title='bbox 942 3134 2071 3207; x_wconf 75' lang='lat' dir='ltr'>aquademergithomines:cthmcutota</span> <span class='ocrx_word' id='word_1_482' title='bbox 2176 3138 2330 3204; x_wconf 71' lang='lat' dir='ltr'>licet,</span> <span class='ocrx_word' id='word_1_483' title='bbox 2364 3147 2421 3199; x_wconf 70' lang='lat' dir='ltr'>ot</span> <span class='ocrx_word' id='word_1_484' title='bbox 2450 3141 2559 3198; x_wconf 74' lang='lat' dir='ltr'>hoc,</span> <span class='ocrx_word' id='word_1_485' title='bbox 2588 3142 2694 3198; x_wconf 73' lang='lat' dir='ltr'>est,</span> <span class='ocrx_word' id='word_1_486' title='bbox 2737 3136 3057 3211; x_wconf 52' lang='lat' dir='ltr'>quoniam</span> <span class='ocrx_word' id='word_1_487' title='bbox 3090 3137 3287 3194; x_wconf 68' lang='lat' dir='ltr'>dixisti</span> <span class='ocrx_word' id='word_1_488' title='bbox 3315 3158 3338 3183; x_wconf 75' lang='grc' dir='ltr'><strong>υ</strong></span> <span class='ocrx_word' id='word_1_489' title='bbox 3370 3137 3429 3195; x_wconf 79' lang='lat' dir='ltr'>id</span> <span class='ocrx_word' id='word_1_490' title='bbox 3457 3142 3564 3206; x_wconf 65' lang='lat' dir='ltr'>est,</span> <span class='ocrx_word' id='word_1_491' title='bbox 3598 3138 3811 3195; x_wconf 66' lang='lat' dir='ltr'>interna</span> 
     </span>
    </p>
   </div>
   <div class='ocr_carea' id='block_1_59' title="bbox 406 3214 3811 3308">
    <p class='ocr_par' dir='ltr' id='par_1_59' title="bbox 406 3214 3811 3308">
     <span class='ocr_line' id='line_1_59' title="bbox 406 3214 3811 3308; baseline -0.004 -13"><span class='ocrx_word' id='word_1_492' title='bbox 406 3227 503 3282; x_wconf 75' lang='lat' dir='ltr'>die</span> <span class='ocrx_word' id='word_1_493' title='bbox 532 3247 563 3277; x_wconf 71' lang='grc' dir='ltr'><strong>υ</strong></span> <span class='ocrx_word' id='word_1_494' title='bbox 595 3226 655 3281; x_wconf 80' lang='lat' dir='ltr'>id</span> <span class='ocrx_word' id='word_1_495' title='bbox 682 3229 795 3294; x_wconf 75' lang='lat' dir='ltr'>est.</span> <span class='ocrx_word' id='word_1_496' title='bbox 839 3225 1098 3294; x_wconf 77' lang='lat' dir='ltr'>assidue.</span> <span class='ocrx_word' id='word_1_497' title='bbox 1159 3241 1277 3280; x_wconf 84' lang='lat' dir='ltr'>non</span> <span class='ocrx_word' id='word_1_498' title='bbox 1336 3222 1664 3296; x_wconf 67' lang='lat' dir='ltr'>sigillatim,</span> <span class='ocrx_word' id='word_1_499' title='bbox 1697 3224 1799 3278; x_wconf 82' lang='lat' dir='ltr'>sed</span> <span class='ocrx_word' id='word_1_500' title='bbox 1834 3252 1857 3276; x_wconf 80' lang='grc' dir='ltr'>α</span> <span class='ocrx_word' id='word_1_501' title='bbox 1890 3220 2069 3281; x_wconf 78' lang='lat' dir='ltr'>simul</span> <span class='ocrx_word' id='word_1_502' title='bbox 2106 3298 2142 3308; x_wconf 78' lang='lat'>_</span> <span class='ocrx_word' id='word_1_503' title='bbox 2180 3231 2538 3308; x_wconf 71' lang='lat' dir='ltr'>aspiratione</span> <span class='ocrx_word' id='word_1_504' title='bbox 2568 3227 2714 3308; x_wconf 85' lang='lat' dir='ltr'>mihi</span> <span class='ocrx_word' id='word_1_505' title='bbox 2746 3226 3034 3292; x_wconf 88' lang='lat' dir='ltr'>revelasti,</span> <span class='ocrx_word' id='word_1_506' title='bbox 3068 3225 3191 3283; x_wconf 69' lang='lat' dir='ltr'>hanc</span> <span class='ocrx_word' id='word_1_507' title='bbox 3221 3214 3475 3284; x_wconf 79' lang='lat' dir='ltr'>scilicet:</span> <span class='ocrx_word' id='word_1_508' title='bbox 3511 3245 3537 3277; x_wconf 77' lang='grc' dir='ltr'><strong>α</strong></span> <span class='ocrx_word' id='word_1_509' title='bbox 3567 3227 3629 3283; x_wconf 89' lang='lat' dir='ltr'>in</span> <span class='ocrx_word' id='word_1_510' title='bbox 3659 3231 3811 3284; x_wconf 68' lang='lat' dir='ltr'>aiter-</span> 
     </span>
    </p>
   </div>
   <div class='ocr_carea' id='block_1_60' title="bbox 407 3298 3809 3390">
    <p class='ocr_par' dir='ltr' id='par_1_60' title="bbox 407 3298 3809 3390">
     <span class='ocr_line' id='line_1_60' title="bbox 407 3298 3809 3390; baseline -0.004 -7"><span class='ocrx_word' id='word_1_511' title='bbox 407 3312 924 3371; x_wconf 64' lang='grc' dir='ltr'>ϐίωίιωάθάθνυηι</span> <span class='ocrx_word' id='word_1_512' title='bbox 953 3328 1067 3381; x_wconf 58' lang='lat' dir='ltr'>me:</span> <span class='ocrx_word' id='word_1_513' title='bbox 1105 3334 1133 3362; x_wconf 72' lang='lat'><strong>”</strong></span> <span class='ocrx_word' id='word_1_514' title='bbox 1163 3312 1223 3367; x_wconf 69' lang='lat' dir='ltr'>id</span> <span class='ocrx_word' id='word_1_515' title='bbox 1255 3315 1345 3368; x_wconf 70' lang='lat' dir='ltr'>est</span> <span class='ocrx_word' id='word_1_516' title='bbox 1374 3328 1556 3368; x_wconf 78' lang='grc' dir='ltr'>ῐηθοε·</span> <span class='ocrx_word' id='word_1_517' title='bbox 2099 3298 2143 3366; x_wconf 79' lang='lat' dir='ltr'>C</span> <span class='ocrx_word' id='word_1_518' title='bbox 2182 3298 2326 3379; x_wconf 71' lang='lat' dir='ltr'>num</span> <span class='ocrx_word' id='word_1_519' title='bbox 2356 3306 2761 3378; x_wconf 84' lang='lat' dir='ltr'>misericordia</span> <span class='ocrx_word' id='word_1_520' title='bbox 2788 3314 3235 3381; x_wconf 62' lang='lat' dir='ltr'>aedificabitu&#39;r,»</span> <span class='ocrx_word' id='word_1_521' title='bbox 3266 3314 3486 3372; x_wconf 81' lang='lat' dir='ltr'>scilicet</span> <span class='ocrx_word' id='word_1_522' title='bbox 3513 3320 3809 3390; x_wconf 85' lang='lat' dir='ltr'>postquam</span> 
     </span>
    </p>
   </div>
   <div class='ocr_carea' id='block_1_61' title="bbox 480 3399 2071 3472">
    <p class='ocr_par' dir='ltr' id='par_1_61' title="bbox 480 3399 2071 3472">
     <span class='ocr_line' id='line_1_61' title="bbox 480 3399 2071 3472; baseline 0 -13"><span class='ocrx_word' id='word_1_523' title='bbox 480 3402 611 3459; x_wconf 79' lang='lat' dir='ltr'>Non</span> <span class='ocrx_word' id='word_1_524' title='bbox 643 3399 837 3459; x_wconf 86' lang='lat' dir='ltr'>solum</span> <span class='ocrx_word' id='word_1_525' title='bbox 852 3399 982 3456; x_wconf 75' lang='lat' dir='ltr'>alia</span> <span class='ocrx_word' id='word_1_526' title='bbox 1014 3399 1172 3456; x_wconf 90' lang='lat' dir='ltr'>mala</span> <span class='ocrx_word' id='word_1_527' title='bbox 1203 3399 1363 3472; x_wconf 89' lang='lat' dir='ltr'>passi</span> <span class='ocrx_word' id='word_1_528' title='bbox 1398 3405 1538 3455; x_wconf 89' lang='lat' dir='ltr'>sunt</span> <span class='ocrx_word' id='word_1_529' title='bbox 1567 3401 1703 3469; x_wconf 88' lang='lat' dir='ltr'>mei,</span> <span class='ocrx_word' id='word_1_530' title='bbox 1736 3402 1837 3456; x_wconf 88' lang='lat' dir='ltr'>sed</span> <span class='ocrx_word' id='word_1_531' title='bbox 1895 3403 2071 3459; x_wconf 89' lang='lat' dir='ltr'>etiam</span> 
     </span>
    </p>
   </div>
   <div class='ocr_carea' id='block_1_62' title="bbox 414 3487 2074 3562">
    <p class='ocr_par' dir='ltr' id='par_1_62' title="bbox 414 3487 2074 3562">
     <span class='ocr_line' id='line_1_62' title="bbox 414 3487 2074 3562; baseline 0.004 -21"><span class='ocrx_word' id='word_1_532' title='bbox 414 3513 443 3541; x_wconf 87' lang='lat'><strong>«</strong></span> <span class='ocrx_word' id='word_1_533' title='bbox 476 3487 765 3562; x_wconf 86' lang='lat' dir='ltr'>elongasti</span> <span class='ocrx_word' id='word_1_534' title='bbox 785 3504 820 3543; x_wconf 92' lang='lat' dir='ltr'>a</span> <span class='ocrx_word' id='word_1_535' title='bbox 834 3504 949 3559; x_wconf 90' lang='lat' dir='ltr'>me,</span> <span class='ocrx_word' id='word_1_536' title='bbox 968 3508 993 3532; x_wconf 69' lang='grc' dir='ltr'><strong>ιι</strong></span> <span class='ocrx_word' id='word_1_537' title='bbox 1012 3487 1071 3543; x_wconf 92' lang='lat' dir='ltr'>id</span> <span class='ocrx_word' id='word_1_538' title='bbox 1101 3491 1210 3554; x_wconf 89' lang='lat' dir='ltr'>est,</span> <span class='ocrx_word' id='word_1_539' title='bbox 1231 3505 1266 3543; x_wconf 87' lang='lat' dir='ltr'>a</span> <span class='ocrx_word' id='word_1_540' title='bbox 1285 3488 1454 3556; x_wconf 89' lang='lat' dir='ltr'>meis,</span> <span class='ocrx_word' id='word_1_541' title='bbox 1483 3510 1511 3537; x_wconf 87' lang='grc'>‹‹</span> <span class='ocrx_word' id='word_1_542' title='bbox 1527 3487 1783 3544; x_wconf 91' lang='lat' dir='ltr'>amicum</span> <span class='ocrx_word' id='word_1_543' title='bbox 1802 3494 1859 3545; x_wconf 90' lang='lat' dir='ltr'>et</span> <span class='ocrx_word' id='word_1_544' title='bbox 1876 3491 2074 3562; x_wconf 80' lang='lat' dir='ltr'>proxi-</span> 
     </span>
    </p>
   </div>
   <div class='ocr_carea' id='block_1_63' title="bbox 414 3575 2072 3650">
    <p class='ocr_par' dir='ltr' id='par_1_63' title="bbox 414 3575 2072 3650">
     <span class='ocr_line' id='line_1_63' title="bbox 414 3575 2072 3650; baseline 0.001 -15"><span class='ocrx_word' id='word_1_545' title='bbox 414 3580 583 3635; x_wconf 82' lang='lat' dir='ltr'>mum</span> <span class='ocrx_word' id='word_1_546' title='bbox 614 3597 645 3628; x_wconf 77' lang='lat'><strong>»</strong></span> <span class='ocrx_word' id='word_1_547' title='bbox 674 3575 1021 3650; x_wconf 86' lang='lat' dir='ltr'>cognatione</span> <span class='ocrx_word' id='word_1_548' title='bbox 1057 3592 1069 3632; x_wconf 87' lang='lat'>:</span> <span class='ocrx_word' id='word_1_549' title='bbox 1105 3599 1133 3625; x_wconf 87' lang='grc'>‹‹</span> <span class='ocrx_word' id='word_1_550' title='bbox 1154 3580 1212 3631; x_wconf 89' lang='lat' dir='ltr'>et</span> <span class='ocrx_word' id='word_1_551' title='bbox 1243 3579 1411 3631; x_wconf 88' lang='lat' dir='ltr'>notos</span> <span class='ocrx_word' id='word_1_552' title='bbox 1438 3592 1602 3632; x_wconf 90' lang='lat' dir='ltr'>meos</span> <span class='ocrx_word' id='word_1_553' title='bbox 1616 3582 1645 3626; x_wconf 59' lang='grc' dir='ltr'>ὸ)</span> <span class='ocrx_word' id='word_1_554' title='bbox 1680 3593 1827 3649; x_wconf 91' lang='lat' dir='ltr'>quos</span> <span class='ocrx_word' id='word_1_555' title='bbox 1857 3580 1971 3635; x_wconf 91' lang='lat' dir='ltr'>mei</span> <span class='ocrx_word' id='word_1_556' title='bbox 1984 3580 2072 3637; x_wconf 89' lang='lat' dir='ltr'>vel</span> 
     </span>
    </p>
   </div>
   <div class='ocr_carea' id='block_1_64' title="bbox 413 3662 2070 3740">
    <p class='ocr_par' dir='ltr' id='par_1_64' title="bbox 413 3662 2070 3740">
     <span class='ocr_line' id='line_1_64' title="bbox 413 3662 2070 3740; baseline 0.001 -17"><span class='ocrx_word' id='word_1_557' title='bbox 413 3668 517 3740; x_wconf 89' lang='lat' dir='ltr'>qui</span> <span class='ocrx_word' id='word_1_558' title='bbox 535 3681 698 3722; x_wconf 90' lang='lat' dir='ltr'>meos</span> <span class='ocrx_word' id='word_1_559' title='bbox 727 3667 1029 3735; x_wconf 90' lang='lat' dir='ltr'>noverant,</span> <span class='ocrx_word' id='word_1_560' title='bbox 1063 3668 1120 3720; x_wconf 90' lang='lat' dir='ltr'>et</span> <span class='ocrx_word' id='word_1_561' title='bbox 1146 3664 1257 3719; x_wconf 90' lang='lat' dir='ltr'>hoc</span> <span class='ocrx_word' id='word_1_562' title='bbox 1288 3662 1399 3719; x_wconf 88' lang='lat' dir='ltr'>fuit</span> <span class='ocrx_word' id='word_1_563' title='bbox 1430 3688 1457 3714; x_wconf 84' lang='lat'><strong>«</strong></span> <span class='ocrx_word' id='word_1_564' title='bbox 1479 3680 1511 3719; x_wconf 90' lang='lat' dir='ltr'>a</span> <span class='ocrx_word' id='word_1_565' title='bbox 1542 3664 1781 3721; x_wconf 84' lang='lat' dir='ltr'>miseria</span> <span class='ocrx_word' id='word_1_566' title='bbox 1811 3686 1839 3716; x_wconf 83' lang='lat'>»</span> <span class='ocrx_word' id='word_1_567' title='bbox 1870 3667 1930 3723; x_wconf 91' lang='lat' dir='ltr'>id</span> <span class='ocrx_word' id='word_1_568' title='bbox 1962 3674 2070 3739; x_wconf 82' lang='lat' dir='ltr'>est,</span> 
     </span>
    </p>
   </div>
   <div class='ocr_carea' id='block_1_65' title="bbox 410 3751 2071 3830">
    <p class='ocr_par' dir='ltr' id='par_1_65' title="bbox 410 3751 2071 3830">
     <span class='ocr_line' id='line_1_65' title="bbox 410 3751 2071 3830; baseline 0.001 -18"><span class='ocrx_word' id='word_1_569' title='bbox 410 3760 652 3830; x_wconf 85' lang='lat' dir='ltr'>propter</span> <span class='ocrx_word' id='word_1_570' title='bbox 680 3753 981 3810; x_wconf 90' lang='lat' dir='ltr'>miseriam</span> <span class='ocrx_word' id='word_1_571' title='bbox 1011 3751 1248 3809; x_wconf 90' lang='lat' dir='ltr'>illorum</span> <span class='ocrx_word' id='word_1_572' title='bbox 1281 3769 1385 3825; x_wconf 91' lang='lat' dir='ltr'>pro</span> <span class='ocrx_word' id='word_1_573' title='bbox 1419 3768 1536 3825; x_wconf 89' lang='lat' dir='ltr'>quo</span> <span class='ocrx_word' id='word_1_574' title='bbox 1567 3753 1825 3825; x_wconf 89' lang='lat' dir='ltr'>despecti</span> <span class='ocrx_word' id='word_1_575' title='bbox 1885 3761 2071 3814; x_wconf 88' lang='lat' dir='ltr'>erant.</span> 
     </span>
    </p>
   </div>
   <div class='ocr_carea' id='block_1_66' title="bbox 820 3874 1663 3937">
    <p class='ocr_par' dir='ltr' id='par_1_66' title="bbox 820 3874 1663 3937">
     <span class='ocr_line' id='line_1_66' title="bbox 820 3874 1663 3937; baseline -0.001 -1"><span class='ocrx_word' id='word_1_576' title='bbox 820 3874 893 3937; x_wconf 87' lang='lat' dir='ltr'>IN</span> <span class='ocrx_word' id='word_1_577' title='bbox 935 3877 1283 3936; x_wconf 86' lang='lat' dir='ltr'>PSALMUM</span> <span class='ocrx_word' id='word_1_578' title='bbox 1326 3876 1663 3935; x_wconf 82' lang='lat' dir='ltr'><strong>LXXXVIII.</strong></span> 
     </span>
    </p>
   </div>
   <div class='ocr_carea' id='block_1_67' title="bbox 472 3983 2003 4045">
    <p class='ocr_par' dir='ltr' id='par_1_67' title="bbox 472 3983 2003 4045">
     <span class='ocr_line' id='line_1_67' title="bbox 472 3983 2003 4045; baseline 0.001 -2"><span class='ocrx_word' id='word_1_579' title='bbox 472 3987 751 4043; x_wconf 80' lang='lat' dir='ltr'>Trruws.</span> <span class='ocrx_word' id='word_1_580' title='bbox 785 3984 1093 4042; x_wconf 77' lang='lat' dir='ltr'>Intellectus</span> <span class='ocrx_word' id='word_1_581' title='bbox 1121 3983 1301 4041; x_wconf 77' lang='lat' dir='ltr'>Ethan</span> <span class='ocrx_word' id='word_1_582' title='bbox 1329 3983 1573 4040; x_wconf 70' lang='lat' dir='ltr'>Ezraz&#39;ta:</span> <span class='ocrx_word' id='word_1_583' title='bbox 1604 3983 1692 4040; x_wconf 89' lang='lat' dir='ltr'>vel</span> <span class='ocrx_word' id='word_1_584' title='bbox 1719 3984 2003 4045; x_wconf 68' lang='lat' dir='ltr'>Israelita}.</span> 
     </span>
    </p>
   </div>
   <div class='ocr_carea' id='block_1_68' title="bbox 477 4100 2074 4168">
    <p class='ocr_par' dir='ltr' id='par_1_68' title="bbox 477 4100 2074 4168">
     <span class='ocr_line' id='line_1_68' title="bbox 477 4100 2074 4168; baseline 0.002 -5"><span class='ocrx_word' id='word_1_585' title='bbox 477 4100 953 4168; x_wconf 76' lang='lat' dir='ltr'>«Misericoidias</span> <span class='ocrx_word' id='word_1_586' title='bbox 982 4106 1279 4166; x_wconf 78' lang='lat' dir='ltr'>Domini.»</span> <span class='ocrx_word' id='word_1_587' title='bbox 1313 4105 1583 4163; x_wconf 84' lang='lat' dir='ltr'>Psalmus</span> <span class='ocrx_word' id='word_1_588' title='bbox 1612 4106 1724 4164; x_wconf 90' lang='lat' dir='ltr'>iste</span> <span class='ocrx_word' id='word_1_589' title='bbox 1754 4108 1971 4165; x_wconf 87' lang='lat' dir='ltr'>dicitur</span> <span class='ocrx_word' id='word_1_590' title='bbox 1990 4110 2074 4166; x_wconf 88' lang='lat' dir='ltr'>in-</span> 
     </span>
    </p>
   </div>
   <div class='ocr_carea' id='block_1_69' title="bbox 406 4195 2070 4273">
    <p class='ocr_par' dir='ltr' id='par_1_69' title="bbox 406 4195 2070 4273">
     <span class='ocr_line' id='line_1_69' title="bbox 406 4195 2070 4273; baseline 0.001 -18"><span class='ocrx_word' id='word_1_591' title='bbox 406 4199 696 4273; x_wconf 80' lang='lat' dir='ltr'>tellectus,</span> <span class='ocrx_word' id='word_1_592' title='bbox 720 4199 861 4271; x_wconf 87' lang='lat' dir='ltr'>quia</span> <span class='ocrx_word' id='word_1_593' title='bbox 872 4201 1161 4255; x_wconf 87' lang='lat' dir='ltr'>secretam</span> <span class='ocrx_word' id='word_1_594' title='bbox 1185 4212 1309 4253; x_wconf 89' lang='lat' dir='ltr'>rem</span> <span class='ocrx_word' id='word_1_595' title='bbox 1327 4195 1610 4268; x_wconf 85' lang='lat' dir='ltr'>continet,</span> <span class='ocrx_word' id='word_1_596' title='bbox 1630 4196 1857 4254; x_wconf 88' lang='lat' dir='ltr'>scilicet</span> <span class='ocrx_word' id='word_1_597' title='bbox 1885 4199 2070 4256; x_wconf 92' lang='lat' dir='ltr'>Deum</span> 
     </span>
    </p>
   </div>
   <div class='ocr_carea' id='block_1_70' title="bbox 405 4284 2068 4363">
    <p class='ocr_par' dir='ltr' id='par_1_70' title="bbox 405 4284 2068 4363">
     <span class='ocr_line' id='line_1_70' title="bbox 405 4284 2068 4363; baseline 0 -18"><span class='ocrx_word' id='word_1_598' title='bbox 405 4288 686 4347; x_wconf 71' lang='lat' dir='ltr'>daturum</span> <span class='ocrx_word' id='word_1_599' title='bbox 746 4285 1217 4345; x_wconf 87' lang='lat' dir='ltr'>misericordiam</span> <span class='ocrx_word' id='word_1_600' title='bbox 1248 4287 1306 4341; x_wconf 89' lang='lat' dir='ltr'>et</span> <span class='ocrx_word' id='word_1_601' title='bbox 1333 4284 1640 4363; x_wconf 76' lang='lat' dir='ltr'>veritatem</span> <span class='ocrx_word' id='word_1_602' title='bbox 1690 4302 1885 4355; x_wconf 90' lang='lat' dir='ltr'>suam,</span> <span class='ocrx_word' id='word_1_603' title='bbox 1917 4290 2068 4361; x_wconf 88' lang='lat' dir='ltr'>quod</span> 
     </span>
    </p>
   </div>
   <div class='ocr_carea' id='block_1_71' title="bbox 405 4373 2068 4451">
    <p class='ocr_par' dir='ltr' id='par_1_71' title="bbox 405 4373 2068 4451">
     <span class='ocr_line' id='line_1_71' title="bbox 405 4373 2068 4451; baseline 0 -17"><span class='ocrx_word' id='word_1_604' title='bbox 405 4382 543 4437; x_wconf 86' lang='lat' dir='ltr'>ante</span> <span class='ocrx_word' id='word_1_605' title='bbox 575 4378 890 4435; x_wconf 82' lang='lat' dir='ltr'>adventum</span> <span class='ocrx_word' id='word_1_606' title='bbox 919 4374 1136 4433; x_wconf 87' lang='lat' dir='ltr'>Christi</span> <span class='ocrx_word' id='word_1_607' title='bbox 1167 4373 1335 4431; x_wconf 86' lang='lat' dir='ltr'>valde</span> <span class='ocrx_word' id='word_1_608' title='bbox 1368 4376 1659 4429; x_wconf 88' lang='lat' dir='ltr'>secretum</span> <span class='ocrx_word' id='word_1_609' title='bbox 1694 4373 1823 4445; x_wconf 84' lang='lat' dir='ltr'>fuit,</span> <span class='ocrx_word' id='word_1_610' title='bbox 1855 4381 1914 4432; x_wconf 92' lang='lat' dir='ltr'>et</span> <span class='ocrx_word' id='word_1_611' title='bbox 1940 4395 2068 4451; x_wconf 84' lang='lat' dir='ltr'>per-</span> 
     </span>
    </p>
   </div>
   <div class='ocr_carea' id='block_1_72' title="bbox 404 4461 2068 4542">
    <p class='ocr_par' dir='ltr' id='par_1_72' title="bbox 404 4461 2068 4542">
     <span class='ocr_line' id='line_1_72' title="bbox 404 4461 2068 4542; baseline -0.001 -18"><span class='ocrx_word' id='word_1_612' title='bbox 404 4468 610 4540; x_wconf 80' lang='lat' dir='ltr'>paucis</span> <span class='ocrx_word' id='word_1_613' title='bbox 627 4468 963 4542; x_wconf 84' lang='lat' dir='ltr'>cognitum:</span> <span class='ocrx_word' id='word_1_614' title='bbox 983 4468 1172 4521; x_wconf 89' lang='lat' dir='ltr'>etnon</span> <span class='ocrx_word' id='word_1_615' title='bbox 1195 4468 1285 4521; x_wconf 89' lang='lat' dir='ltr'>est</span> <span class='ocrx_word' id='word_1_616' title='bbox 1313 4462 1579 4535; x_wconf 89' lang='lat' dir='ltr'>psalmus</span> <span class='ocrx_word' id='word_1_617' title='bbox 1601 4461 1660 4518; x_wconf 91' lang='lat' dir='ltr'>in</span> <span class='ocrx_word' id='word_1_618' title='bbox 1684 4463 1808 4520; x_wconf 92' lang='lat' dir='ltr'>solo</span> <span class='ocrx_word' id='word_1_619' title='bbox 1830 4464 2068 4523; x_wconf 80' lang='lat' dir='ltr'>litterati</span> 
     </span>
    </p>
   </div>
   <div class='ocr_carea' id='block_1_73' title="bbox 404 4550 2068 4629">
    <p class='ocr_par' dir='ltr' id='par_1_73' title="bbox 404 4550 2068 4629">
     <span class='ocr_line' id='line_1_73' title="bbox 404 4550 2068 4629; baseline 0 -18"><span class='ocrx_word' id='word_1_620' title='bbox 404 4557 712 4629; x_wconf 85' lang='lat' dir='ltr'>sensu,sed</span> <span class='ocrx_word' id='word_1_621' title='bbox 744 4556 923 4613; x_wconf 83' lang='lat' dir='ltr'>etiam</span> <span class='ocrx_word' id='word_1_622' title='bbox 955 4555 1015 4611; x_wconf 92' lang='lat' dir='ltr'>in</span> <span class='ocrx_word' id='word_1_623' title='bbox 1049 4552 1394 4626; x_wconf 84' lang='lat' dir='ltr'>allegorice:</span> <span class='ocrx_word' id='word_1_624' title='bbox 1430 4552 1531 4624; x_wconf 86' lang='lat' dir='ltr'>qui</span> <span class='ocrx_word' id='word_1_625' title='bbox 1562 4550 1895 4610; x_wconf 83' lang='lat' dir='ltr'>intellectus</span> <span class='ocrx_word' id='word_1_626' title='bbox 1919 4555 2068 4611; x_wconf 90' lang='lat' dir='ltr'>dici-</span> 
     </span>
    </p>
   </div>
   <div class='ocr_carea' id='block_1_74' title="bbox 2182 3392 3905 3487">
    <p class='ocr_par' dir='ltr' id='par_1_74' title="bbox 2182 3392 3905 3487">
     <span class='ocr_line' id='line_1_74' title="bbox 2182 3392 3905 3487; baseline -0.006 -18"><span class='ocrx_word' id='word_1_627' title='bbox 2182 3415 2421 3487; x_wconf 85' lang='lat' dir='ltr'>peccata</span> <span class='ocrx_word' id='word_1_628' title='bbox 2454 3412 2626 3466; x_wconf 86' lang='lat' dir='ltr'>erunt</span> <span class='ocrx_word' id='word_1_629' title='bbox 2669 3404 2934 3476; x_wconf 89' lang='lat' dir='ltr'>dimissa,</span> <span class='ocrx_word' id='word_1_630' title='bbox 2968 3407 3230 3461; x_wconf 89' lang='lat' dir='ltr'>crescent</span> <span class='ocrx_word' id='word_1_631' title='bbox 3259 3403 3447 3487; x_wconf 85' lang='lat' dir='ltr'>multa</span> <span class='ocrx_word' id='word_1_632' title='bbox 3472 3402 3808 3477; x_wconf 88' lang='lat' dir='ltr'>dona-spiri-</span> <span class='ocrx_word' id='word_1_633' title='bbox 3904 3392 3905 3405; x_wconf 54' lang='grc'><em>“</em></span> 
     </span>
    </p>
   </div>
   <div class='ocr_carea' id='block_1_75' title="bbox 2181 3482 3810 3566">
    <p class='ocr_par' dir='ltr' id='par_1_75' title="bbox 2181 3482 3810 3566">
     <span class='ocr_line' id='line_1_75' title="bbox 2181 3482 3810 3566; baseline -0.006 -7"><span class='ocrx_word' id='word_1_634' title='bbox 2181 3482 2403 3559; x_wconf 75' lang='lat' dir='ltr'>tualia:</span> <span class='ocrx_word' id='word_1_635' title='bbox 2439 3495 2828 3555; x_wconf 70' lang='lat' dir='ltr'>mdiﬁcabitur</span> <span class='ocrx_word' id='word_1_636' title='bbox 2855 3494 3128 3563; x_wconf 91' lang='lat' dir='ltr'>dico,non</span> <span class='ocrx_word' id='word_1_637' title='bbox 3163 3492 3220 3550; x_wconf 86' lang='lat' dir='ltr'>in</span> <span class='ocrx_word' id='word_1_638' title='bbox 3254 3482 3551 3566; x_wconf 78' lang='lat' dir='ltr'>malis,s&#39;ed</span> <span class='ocrx_word' id='word_1_639' title='bbox 3587 3495 3683 3553; x_wconf 69' lang='lat' dir='ltr'>uin</span> <span class='ocrx_word' id='word_1_640' title='bbox 3712 3510 3810 3550; x_wconf 73' lang='lat' dir='ltr'>cm-</span> 
     </span>
    </p>
   </div>
   <div class='ocr_carea' id='block_1_76' title="bbox 2181 3581 3811 3656">
    <p class='ocr_par' dir='ltr' id='par_1_76' title="bbox 2181 3581 3811 3656">
     <span class='ocr_line' id='line_1_76' title="bbox 2181 3581 3811 3656; baseline -0.006 -10"><span class='ocrx_word' id='word_1_641' title='bbox 2181 3588 2308 3656; x_wconf 76' lang='lat' dir='ltr'>lis,»</span> <span class='ocrx_word' id='word_1_642' title='bbox 2332 3588 2391 3644; x_wconf 90' lang='lat' dir='ltr'>id</span> <span class='ocrx_word' id='word_1_643' title='bbox 2405 3586 2578 3653; x_wconf 88' lang='lat' dir='ltr'>est,in</span> <span class='ocrx_word' id='word_1_644' title='bbox 2597 3582 2903 3642; x_wconf 88' lang='lat' dir='ltr'>altioribus</span> <span class='ocrx_word' id='word_1_645' title='bbox 2920 3582 3162 3655; x_wconf 86' lang='lat' dir='ltr'>sanctis,</span> <span class='ocrx_word' id='word_1_646' title='bbox 3177 3581 3277 3655; x_wconf 90' lang='lat' dir='ltr'>qui</span> <span class='ocrx_word' id='word_1_647' title='bbox 3293 3584 3596 3640; x_wconf 88' lang='lat' dir='ltr'>continent</span> <span class='ocrx_word' id='word_1_648' title='bbox 3609 3585 3811 3639; x_wconf 81' lang='lat' dir='ltr'>secreta</span> 
     </span>
    </p>
   </div>
   <div class='ocr_carea' id='block_1_77' title="bbox 2181 3666 3807 3751">
    <p class='ocr_par' dir='ltr' id='par_1_77' title="bbox 2181 3666 3807 3751">
     <span class='ocr_line' id='line_1_77' title="bbox 2181 3666 3807 3751; baseline -0.007 -15"><span class='ocrx_word' id='word_1_649' title='bbox 2181 3674 2488 3751; x_wconf 86' lang='lat' dir='ltr'>Dei,veluti</span> <span class='ocrx_word' id='word_1_650' title='bbox 2521 3675 2668 3747; x_wconf 88' lang='lat' dir='ltr'>ipsis</span> <span class='ocrx_word' id='word_1_651' title='bbox 2698 3672 3014 3746; x_wconf 86' lang='lat' dir='ltr'>Apostolis,</span> <span class='ocrx_word' id='word_1_652' title='bbox 3039 3696 3068 3730; x_wconf 75' lang='grc' dir='ltr'>α</span> <span class='ocrx_word' id='word_1_653' title='bbox 3089 3676 3146 3729; x_wconf 84' lang='lat' dir='ltr'>e‘t</span> <span class='ocrx_word' id='word_1_654' title='bbox 3173 3672 3386 3730; x_wconf 83' lang='lat' dir='ltr'>veritas</span> <span class='ocrx_word' id='word_1_655' title='bbox 3415 3677 3536 3740; x_wconf 86' lang='lat' dir='ltr'>tua,</span> <span class='ocrx_word' id='word_1_656' title='bbox 3572 3702 3597 3728; x_wconf 71' lang='grc' dir='ltr'>ι)</span> <span class='ocrx_word' id='word_1_657' title='bbox 3629 3666 3685 3727; x_wconf 89' lang='lat' dir='ltr'>id</span> <span class='ocrx_word' id='word_1_658' title='bbox 3713 3674 3807 3741; x_wconf 88' lang='lat' dir='ltr'>est,</span> 
     </span>
    </p>
   </div>
   <div class='ocr_carea' id='block_1_78' title="bbox 2181 3757 3812 3837">
    <p class='ocr_par' dir='ltr' id='par_1_78' title="bbox 2181 3757 3812 3837">
     <span class='ocr_line' id='line_1_78' title="bbox 2181 3757 3812 3837; baseline -0.007 -12"><span class='ocrx_word' id='word_1_659' title='bbox 2181 3769 2387 3824; x_wconf 89' lang='lat' dir='ltr'>eadem</span> <span class='ocrx_word' id='word_1_660' title='bbox 2414 3766 2569 3821; x_wconf 90' lang='lat' dir='ltr'>dona</span> <span class='ocrx_word' id='word_1_661' title='bbox 2586 3760 2939 3837; x_wconf 88' lang='lat' dir='ltr'>spiritualia,</span> <span class='ocrx_word' id='word_1_662' title='bbox 2956 3774 2984 3808; x_wconf 74' lang='grc' dir='ltr'>α</span> <span class='ocrx_word' id='word_1_663' title='bbox 2998 3761 3422 3836; x_wconf 81' lang='lat' dir='ltr'>praeparabitur</span> <span class='ocrx_word' id='word_1_664' title='bbox 3436 3762 3496 3818; x_wconf 90' lang='lat' dir='ltr'>in</span> <span class='ocrx_word' id='word_1_665' title='bbox 3512 3762 3619 3830; x_wconf 90' lang='lat' dir='ltr'>eis,</span> <span class='ocrx_word' id='word_1_666' title='bbox 3644 3787 3665 3814; x_wconf 68' lang='grc' dir='ltr'><strong>υ</strong></span> <span class='ocrx_word' id='word_1_667' title='bbox 3689 3757 3812 3833; x_wconf 85' lang='lat' dir='ltr'>quia</span> 
     </span>
    </p>
   </div>
   <div class='ocr_carea' id='block_1_79' title="bbox 2182 3849 3045 3931">
    <p class='ocr_par' dir='ltr' id='par_1_79' title="bbox 2182 3849 3045 3931">
     <span class='ocr_line' id='line_1_79' title="bbox 2182 3849 3045 3931; baseline -0.008 -18"><span class='ocrx_word' id='word_1_668' title='bbox 2182 3873 2286 3931; x_wconf 91' lang='lat' dir='ltr'>per</span> <span class='ocrx_word' id='word_1_669' title='bbox 2315 3872 2413 3913; x_wconf 90' lang='lat' dir='ltr'>eos</span> <span class='ocrx_word' id='word_1_670' title='bbox 2444 3852 2760 3910; x_wconf 87' lang='lat' dir='ltr'>descendet</span> <span class='ocrx_word' id='word_1_671' title='bbox 2786 3851 2845 3907; x_wconf 89' lang='lat' dir='ltr'>in</span> <span class='ocrx_word' id='word_1_672' title='bbox 2878 3849 3045 3908; x_wconf 84' lang='lat' dir='ltr'>alios.</span> 
     </span>
    </p>
   </div>
   <div class='ocr_carea' id='block_1_80' title="bbox 2255 3939 3810 4017">
    <p class='ocr_par' dir='ltr' id='par_1_80' title="bbox 2255 3939 3810 4017">
     <span class='ocr_line' id='line_1_80' title="bbox 2255 3939 3810 4017; baseline -0.003 -20"><span class='ocrx_word' id='word_1_673' title='bbox 2255 3965 2282 3997; x_wconf 77' lang='grc' dir='ltr'><strong><em>α</em></strong></span> <span class='ocrx_word' id='word_1_674' title='bbox 2313 3942 2610 4017; x_wconf 90' lang='lat' dir='ltr'>Disposui.</span> <span class='ocrx_word' id='word_1_675' title='bbox 2631 3960 2654 3985; x_wconf 74' lang='grc' dir='ltr'>»ι</span> <span class='ocrx_word' id='word_1_676' title='bbox 2684 3939 2892 3997; x_wconf 80' lang='lat' dir='ltr'>Dixisti</span> <span class='ocrx_word' id='word_1_677' title='bbox 2913 3940 2998 3996; x_wconf 90' lang='lat' dir='ltr'>sic</span> <span class='ocrx_word' id='word_1_678' title='bbox 3027 3940 3257 3996; x_wconf 88' lang='lat' dir='ltr'>dicens:</span> <span class='ocrx_word' id='word_1_679' title='bbox 3293 3964 3321 3990; x_wconf 83' lang='lat'><strong>«</strong></span> <span class='ocrx_word' id='word_1_680' title='bbox 3356 3939 3631 4013; x_wconf 86' lang='lat' dir='ltr'>Disposui</span> <span class='ocrx_word' id='word_1_681' title='bbox 3658 3940 3810 3995; x_wconf 58' lang='grc' dir='ltr'>ἴβεων</span> 
     </span>
    </p>
   </div>
   <div class='ocr_carea' id='block_1_81' title="bbox 2182 4026 3809 4103">
    <p class='ocr_par' dir='ltr' id='par_1_81' title="bbox 2182 4026 3809 4103">
     <span class='ocr_line' id='line_1_81' title="bbox 2182 4026 3809 4103; baseline -0.007 -11"><span class='ocrx_word' id='word_1_682' title='bbox 2182 4039 2449 4092; x_wconf 90' lang='lat' dir='ltr'>mentum</span> <span class='ocrx_word' id='word_1_683' title='bbox 2470 4048 2496 4083; x_wconf 65' lang='grc' dir='ltr'><strong>ν</strong></span> <span class='ocrx_word' id='word_1_684' title='bbox 2530 4031 2588 4087; x_wconf 92' lang='lat' dir='ltr'>id</span> <span class='ocrx_word' id='word_1_685' title='bbox 2623 4034 2732 4098; x_wconf 92' lang='lat' dir='ltr'>est,</span> <span class='ocrx_word' id='word_1_686' title='bbox 2754 4029 3016 4086; x_wconf 90' lang='lat' dir='ltr'>ordinavi</span> <span class='ocrx_word' id='word_1_687' title='bbox 3050 4034 3312 4103; x_wconf 84' lang='lat' dir='ltr'>pactum,</span> <span class='ocrx_word' id='word_1_688' title='bbox 3339 4047 3453 4085; x_wconf 91' lang='lat' dir='ltr'>non</span> <span class='ocrx_word' id='word_1_689' title='bbox 3484 4046 3620 4086; x_wconf 79' lang='lat' dir='ltr'>cum</span> <span class='ocrx_word' id='word_1_690' title='bbox 3649 4026 3809 4085; x_wconf 90' lang='lat' dir='ltr'>omni-</span> 
     </span>
    </p>
   </div>
   <div class='ocr_carea' id='block_1_82' title="bbox 2182 4118 3812 4192">
    <p class='ocr_par' dir='ltr' id='par_1_82' title="bbox 2182 4118 3812 4192">
     <span class='ocr_line' id='line_1_82' title="bbox 2182 4118 3812 4192; baseline -0.006 -11"><span class='ocrx_word' id='word_1_691' title='bbox 2182 4124 2612 4192; x_wconf 88' lang='lat' dir='ltr'>bus,sed«eum</span> <span class='ocrx_word' id='word_1_692' title='bbox 2645 4118 2844 4176; x_wconf 89' lang='lat' dir='ltr'>electis</span> <span class='ocrx_word' id='word_1_693' title='bbox 2875 4119 3044 4184; x_wconf 89' lang='lat' dir='ltr'>meis,</span> <span class='ocrx_word' id='word_1_694' title='bbox 3070 4142 3093 4165; x_wconf 82' lang='grc'>››</span> <span class='ocrx_word' id='word_1_695' title='bbox 3119 4119 3175 4174; x_wconf 90' lang='lat' dir='ltr'>id</span> <span class='ocrx_word' id='word_1_696' title='bbox 3198 4124 3307 4186; x_wconf 90' lang='lat' dir='ltr'>est,</span> <span class='ocrx_word' id='word_1_697' title='bbox 3330 4118 3448 4174; x_wconf 91' lang='lat' dir='ltr'>illis</span> <span class='ocrx_word' id='word_1_698' title='bbox 3464 4134 3613 4191; x_wconf 88' lang='lat' dir='ltr'>quos</span> <span class='ocrx_word' id='word_1_699' title='bbox 3633 4119 3701 4174; x_wconf 93' lang='lat' dir='ltr'>de</span> <span class='ocrx_word' id='word_1_700' title='bbox 3726 4133 3812 4192; x_wconf 62' lang='lat' dir='ltr'>nu:</span> 
     </span>
    </p>
   </div>
   <div class='ocr_carea' id='block_1_83' title="bbox 2186 4184 3815 4285">
    <p class='ocr_par' dir='ltr' id='par_1_83' title="bbox 2186 4184 3815 4285">
     <span class='ocr_line' id='line_1_83' title="bbox 2186 4184 3815 4285; baseline -0.009 -14"><span class='ocrx_word' id='word_1_701' title='bbox 2186 4184 2348 4271; x_wconf 82' lang='lat' dir='ltr'>mero</span> <span class='ocrx_word' id='word_1_702' title='bbox 2394 4210 2955 4285; x_wconf 80' lang='lat' dir='ltr'>praedestinatorum</span> <span class='ocrx_word' id='word_1_703' title='bbox 3005 4206 3174 4281; x_wconf 90' lang='lat' dir='ltr'>elegi.</span> <span class='ocrx_word' id='word_1_704' title='bbox 3212 4234 3237 4260; x_wconf 76' lang='grc' dir='ltr'>α</span> <span class='ocrx_word' id='word_1_705' title='bbox 3268 4184 3339 4264; x_wconf 82' lang='lat' dir='ltr'>Et</span> <span class='ocrx_word' id='word_1_706' title='bbox 3396 4184 3576 4263; x_wconf 75' lang='lat' dir='ltr'>etiam</span> <span class='ocrx_word' id='word_1_707' title='bbox 3611 4228 3633 4261; x_wconf 68' lang='grc' dir='ltr'>ιι</span> <span class='ocrx_word' id='word_1_708' title='bbox 3663 4184 3815 4263; x_wconf 72' lang='lat' dir='ltr'>David</span> 
     </span>
    </p>
   </div>
   <div class='ocr_carea' id='block_1_84' title="bbox 2182 4294 3813 4370">
    <p class='ocr_par' dir='ltr' id='par_1_84' title="bbox 2182 4294 3813 4370">
     <span class='ocr_line' id='line_1_84' title="bbox 2182 4294 3813 4370; baseline -0.007 -9"><span class='ocrx_word' id='word_1_709' title='bbox 2182 4320 2350 4361; x_wconf 84' lang='lat' dir='ltr'>servo</span> <span class='ocrx_word' id='word_1_710' title='bbox 2381 4317 2552 4358; x_wconf 73' lang='lat' dir='ltr'>meo»</span> <span class='ocrx_word' id='word_1_711' title='bbox 2573 4299 2632 4355; x_wconf 93' lang='lat' dir='ltr'>id</span> <span class='ocrx_word' id='word_1_712' title='bbox 2664 4301 2774 4365; x_wconf 88' lang='lat' dir='ltr'>est,</span> <span class='ocrx_word' id='word_1_713' title='bbox 2803 4297 3060 4365; x_wconf 86' lang='lat' dir='ltr'>Christo,</span> <span class='ocrx_word' id='word_1_714' title='bbox 3080 4297 3332 4370; x_wconf 66' lang='lat' dir='ltr'>«juravi,</span> <span class='ocrx_word' id='word_1_715' title='bbox 3365 4326 3389 4349; x_wconf 71' lang='grc' dir='ltr'><strong>υ</strong></span> <span class='ocrx_word' id='word_1_716' title='bbox 3422 4295 3480 4351; x_wconf 91' lang='lat' dir='ltr'>id</span> <span class='ocrx_word' id='word_1_717' title='bbox 3511 4299 3605 4353; x_wconf 83' lang='lat' dir='ltr'>est</span> <span class='ocrx_word' id='word_1_718' title='bbox 3633 4294 3813 4351; x_wconf 88' lang='lat' dir='ltr'>immu-</span> 
     </span>
    </p>
   </div>
   <div class='ocr_carea' id='block_1_85' title="bbox 2188 4381 3813 4463">
    <p class='ocr_par' dir='ltr' id='par_1_85' title="bbox 2188 4381 3813 4463">
     <span class='ocr_line' id='line_1_85' title="bbox 2188 4381 3813 4463; baseline -0.01 -12"><span class='ocrx_word' id='word_1_719' title='bbox 2188 4392 2449 4451; x_wconf 88' lang='lat' dir='ltr'>tabiliter</span> <span class='ocrx_word' id='word_1_720' title='bbox 2464 4386 2846 4463; x_wconf 89' lang='lat' dir='ltr'>promisi.Ubi</span> <span class='ocrx_word' id='word_1_721' title='bbox 2879 4386 3037 4442; x_wconf 89' lang='lat' dir='ltr'>enim</span> <span class='ocrx_word' id='word_1_722' title='bbox 3068 4385 3311 4441; x_wconf 72' lang='lat' dir='ltr'>Abrahte</span> <span class='ocrx_word' id='word_1_723' title='bbox 3333 4385 3575 4457; x_wconf 81' lang='lat' dir='ltr'>juravit,</span> <span class='ocrx_word' id='word_1_724' title='bbox 3603 4389 3659 4441; x_wconf 90' lang='lat' dir='ltr'>et</span> <span class='ocrx_word' id='word_1_725' title='bbox 3679 4381 3813 4440; x_wconf 82' lang='lat' dir='ltr'>Chri-</span> 
     </span>
    </p>
   </div>
   <div class='ocr_carea' id='block_1_86' title="bbox 2179 4471 3812 4552">
    <p class='ocr_par' dir='ltr' id='par_1_86' title="bbox 2179 4471 3812 4552">
     <span class='ocr_line' id='line_1_86' title="bbox 2179 4471 3812 4552; baseline -0.009 -13"><span class='ocrx_word' id='word_1_726' title='bbox 2179 4487 2276 4539; x_wconf 91' lang='lat' dir='ltr'>sto</span> <span class='ocrx_word' id='word_1_727' title='bbox 2295 4498 2307 4537; x_wconf 90' lang='lat'>:</span> <span class='ocrx_word' id='word_1_728' title='bbox 2326 4481 2396 4537; x_wconf 89' lang='lat' dir='ltr'>de</span> <span class='ocrx_word' id='word_1_729' title='bbox 2414 4497 2530 4552; x_wconf 92' lang='lat' dir='ltr'>quo</span> <span class='ocrx_word' id='word_1_730' title='bbox 2547 4477 2658 4533; x_wconf 76' lang='lat' dir='ltr'>illa:</span> <span class='ocrx_word' id='word_1_731' title='bbox 2677 4480 2845 4532; x_wconf 89' lang='lat' dir='ltr'>erant</span> <span class='ocrx_word' id='word_1_732' title='bbox 2876 4475 3320 4548; x_wconf 88' lang='lat' dir='ltr'>promissiones,</span> <span class='ocrx_word' id='word_1_733' title='bbox 3341 4474 3489 4531; x_wconf 89' lang='lat' dir='ltr'>teste</span> <span class='ocrx_word' id='word_1_734' title='bbox 3517 4471 3775 4547; x_wconf 83' lang='lat' dir='ltr'>Apostolo</span> <span class='ocrx_word' id='word_1_735' title='bbox 3800 4485 3812 4523; x_wconf 91' lang='lat'>:</span> 
     </span>
    </p>
   </div>
   <div class='ocr_carea' id='block_1_87' title="bbox 2179 4552 3816 4636">
    <p class='ocr_par' dir='ltr' id='par_1_87' title="bbox 2179 4552 3816 4636">
     <span class='ocr_line' id='line_1_87' title="bbox 2179 4552 3816 4636; baseline -0.006 -14"><span class='ocrx_word' id='word_1_736' title='bbox 2179 4596 2205 4623; x_wconf 89' lang='grc'><strong>‹‹</strong></span> <span class='ocrx_word' id='word_1_737' title='bbox 2239 4569 2483 4627; x_wconf 78' lang='lat' dir='ltr'>Abrahae</span> <span class='ocrx_word' id='word_1_738' title='bbox 2514 4566 2679 4625; x_wconf 82' lang='lat' dir='ltr'>dictae</span> <span class='ocrx_word' id='word_1_739' title='bbox 2712 4568 2851 4621; x_wconf 92' lang='lat' dir='ltr'>sunt</span> <span class='ocrx_word' id='word_1_740' title='bbox 2880 4563 3325 4636; x_wconf 89' lang='lat' dir='ltr'>promissiones,</span> <span class='ocrx_word' id='word_1_741' title='bbox 3362 4567 3419 4619; x_wconf 89' lang='lat' dir='ltr'>et</span> <span class='ocrx_word' id='word_1_742' title='bbox 3455 4552 3661 4620; x_wconf 80' lang='lat' dir='ltr'>semini</span> <span class='ocrx_word' id='word_1_743' title='bbox 3690 4561 3816 4633; x_wconf 79' lang='lat' dir='ltr'>ejus,</span> 
     </span>
    </p>
   </div>
   <div class='ocr_carea' id='block_1_88' title="bbox 403 4640 3817 4735">
    <p class='ocr_par' dir='ltr' id='par_1_88' title="bbox 403 4640 3817 4735">
     <span class='ocr_line' id='line_1_88' title="bbox 403 4640 3817 4735; baseline -0.006 -12"><span class='ocrx_word' id='word_1_744' title='bbox 403 4648 501 4735; x_wconf 48' lang='lat' dir='ltr'>ut&quot;</span> <span class='ocrx_word' id='word_1_745' title='bbox 529 4646 811 4717; x_wconf 44' lang='lat' dir='ltr'>Ethan,”</span> <span class='ocrx_word' id='word_1_746' title='bbox 834 4642 1204 4735; x_wconf 17' lang='grc' dir='ltr'>θεῖννθιίθυξυε</span> <span class='ocrx_word' id='word_1_747' title='bbox 1237 4641 1488 4735; x_wconf 62' lang='grc' dir='ltr'>Ῑξοδυείίν</span> <span class='ocrx_word' id='word_1_748' title='bbox 1513 4640 1691 4735; x_wconf 48' lang='lat' dir='ltr'>Velini</span> <span class='ocrx_word' id='word_1_749' title='bbox 1722 4641 1903 4735; x_wconf 47' lang='lat' dir='ltr'>Dav“!</span> <span class='ocrx_word' id='word_1_750' title='bbox 1926 4644 2062 4735; x_wconf 65' lang='lat' dir='ltr'>Pm&#39;</span> <span class='ocrx_word' id='word_1_751' title='bbox 2097 4670 2144 4735; x_wconf 85' lang='lat' dir='ltr'><strong>D</strong></span> <span class='ocrx_word' id='word_1_752' title='bbox 2175 4662 2276 4735; x_wconf 91' lang='lat' dir='ltr'>qui</span> <span class='ocrx_word' id='word_1_753' title='bbox 2308 4664 2397 4715; x_wconf 91' lang='lat' dir='ltr'>est</span> <span class='ocrx_word' id='word_1_754' title='bbox 2426 4656 2727 4714; x_wconf 89' lang='lat' dir='ltr'>Christus:</span> <span class='ocrx_word' id='word_1_755' title='bbox 2754 4685 2776 4709; x_wconf 69' lang='grc' dir='ltr'><strong>υ</strong></span> <span class='ocrx_word' id='word_1_756' title='bbox 2809 4654 2919 4709; x_wconf 90' lang='lat' dir='ltr'>hoc</span> <span class='ocrx_word' id='word_1_757' title='bbox 2952 4653 3178 4709; x_wconf 90' lang='lat' dir='ltr'>scilicet</span> <span class='ocrx_word' id='word_1_758' title='bbox 3200 4652 3420 4725; x_wconf 87' lang='lat' dir='ltr'>juravi,</span> <span class='ocrx_word' id='word_1_759' title='bbox 3448 4676 3470 4699; x_wconf 87' lang='grc' dir='ltr'>‹ι</span> <span class='ocrx_word' id='word_1_760' title='bbox 3508 4640 3817 4727; x_wconf 66' lang='lat' dir='ltr'>praeparatio</span> 
     </span>
    </p>
   </div>
   <div class='ocr_carea' id='block_1_89' title="bbox 404 4731 2052 4817">
    <p class='ocr_par' dir='ltr' id='par_1_89' title="bbox 404 4731 2052 4807">
     <span class='ocr_line' id='line_1_89' title="bbox 404 4731 2052 4807; baseline 0.001 -18"><span class='ocrx_word' id='word_1_761' title='bbox 404 4733 592 4806; x_wconf 81' lang='lat' dir='ltr'>phetas</span> <span class='ocrx_word' id='word_1_762' title='bbox 629 4751 643 4791; x_wconf 87' lang='lat'>:</span> <span class='ocrx_word' id='word_1_763' title='bbox 682 4736 825 4807; x_wconf 89' lang='lat' dir='ltr'>quia</span> <span class='ocrx_word' id='word_1_764' title='bbox 853 4738 911 4790; x_wconf 86' lang='lat' dir='ltr'>et</span> <span class='ocrx_word' id='word_1_765' title='bbox 940 4734 1067 4805; x_wconf 89' lang='lat' dir='ltr'>ipse</span> <span class='ocrx_word' id='word_1_766' title='bbox 1100 4731 1407 4803; x_wconf 90' lang='lat' dir='ltr'>Propheta,</span> <span class='ocrx_word' id='word_1_767' title='bbox 1439 4735 1496 4786; x_wconf 88' lang='lat' dir='ltr'>et</span> <span class='ocrx_word' id='word_1_768' title='bbox 1521 4731 1859 4803; x_wconf 88' lang='lat' dir='ltr'>quicunque</span> <span class='ocrx_word' id='word_1_769' title='bbox 1889 4733 2052 4790; x_wconf 83' lang='lat' dir='ltr'>habet</span> 
     </span>
    </p>
   </div>
   <div class='ocr_carea' id='block_1_90' title="bbox 2192 4731 3817 4817">
    <p class='ocr_par' dir='ltr' id='par_1_90' title="bbox 2192 4731 3817 4817">
     <span class='ocr_line' id='line_1_90' title="bbox 2192 4731 3817 4817; baseline -0.009 -12"><span class='ocrx_word' id='word_1_770' title='bbox 2192 4731 2374 4807; x_wconf 61' lang='lat' dir='ltr'>iemen</span> <span class='ocrx_word' id='word_1_771' title='bbox 2404 4751 2597 4817; x_wconf 89' lang='lat' dir='ltr'>tuum,</span> <span class='ocrx_word' id='word_1_772' title='bbox 2629 4770 2656 4800; x_wconf 72' lang='grc' dir='ltr'>ι)</span> <span class='ocrx_word' id='word_1_773' title='bbox 2692 4744 2750 4799; x_wconf 90' lang='lat' dir='ltr'>id</span> <span class='ocrx_word' id='word_1_774' title='bbox 2782 4748 2892 4809; x_wconf 89' lang='lat' dir='ltr'>est,</span> <span class='ocrx_word' id='word_1_775' title='bbox 2927 4742 3258 4797; x_wconf 88' lang='lat' dir='ltr'>imitatores</span> <span class='ocrx_word' id='word_1_776' title='bbox 3284 4741 3553 4813; x_wconf 73' lang='lat' dir='ltr'>justitiae</span> <span class='ocrx_word' id='word_1_777' title='bbox 3602 4733 3817 4799; x_wconf 84' lang='lat' dir='ltr'>‘Christi,</span> 
     </span>
    </p>
   </div>
   <div class='ocr_carea' id='block_1_91' title="bbox 399 4819 2066 4896">
    <p class='ocr_par' dir='ltr' id='par_1_91' title="bbox 399 4819 2066 4896">
     <span class='ocr_line' id='line_1_91' title="bbox 399 4819 2066 4896; baseline 0 -17"><span class='ocrx_word' id='word_1_778' title='bbox 399 4822 761 4879; x_wconf 75' lang='lat' dir='ltr'>intellectum</span> <span class='ocrx_word' id='word_1_779' title='bbox 781 4824 962 4896; x_wconf 86' lang='lat' dir='ltr'>hujus</span> <span class='ocrx_word' id='word_1_780' title='bbox 984 4819 1486 4893; x_wconf 81' lang='lat' dir='ltr'>psalmi,maxime</span> <span class='ocrx_word' id='word_1_781' title='bbox 1507 4821 1920 4877; x_wconf 89' lang='lat' dir='ltr'>corroboratur</span> <span class='ocrx_word' id='word_1_782' title='bbox 1935 4840 2066 4880; x_wconf 89' lang='lat' dir='ltr'>con-</span> 
     </span>
    </p>
   </div>
   <div class='ocr_carea' id='block_1_92' title="bbox 398 4908 2064 4969">
    <p class='ocr_par' dir='ltr' id='par_1_92' title="bbox 398 4908 2064 4969">
     <span class='ocr_line' id='line_1_92' title="bbox 398 4908 2064 4969; baseline 0.001 -1"><span class='ocrx_word' id='word_1_783' title='bbox 398 4915 492 4968; x_wconf 83' lang='lat' dir='ltr'>tra</span> <span class='ocrx_word' id='word_1_784' title='bbox 518 4912 821 4968; x_wconf 89' lang='lat' dir='ltr'>diabolum</span> <span class='ocrx_word' id='word_1_785' title='bbox 854 4916 912 4968; x_wconf 91' lang='lat' dir='ltr'>et</span> <span class='ocrx_word' id='word_1_786' title='bbox 944 4912 1002 4966; x_wconf 91' lang='lat' dir='ltr'>in</span> <span class='ocrx_word' id='word_1_787' title='bbox 1037 4910 1139 4965; x_wconf 90' lang='lat' dir='ltr'>Dei</span> <span class='ocrx_word' id='word_1_788' title='bbox 1180 4908 1352 4964; x_wconf 89' lang='lat' dir='ltr'>laude</span> <span class='ocrx_word' id='word_1_789' title='bbox 1382 4908 1675 4964; x_wconf 90' lang='lat' dir='ltr'>consistit.</span> <span class='ocrx_word' id='word_1_790' title='bbox 1709 4910 1902 4966; x_wconf 89' lang='lat' dir='ltr'>Ethan</span> <span class='ocrx_word' id='word_1_791' title='bbox 1932 4913 2064 4969; x_wconf 88' lang='lat' dir='ltr'>dico</span> 
     </span>
    </p>
   </div>
   <div class='ocr_carea' id='block_1_93' title="bbox 396 4996 2064 5073">
    <p class='ocr_par' dir='ltr' id='par_1_93' title="bbox 396 4996 2064 5073">
     <span class='ocr_line' id='line_1_93' title="bbox 396 4996 2064 5073; baseline 0.001 -16"><span class='ocrx_word' id='word_1_792' title='bbox 396 5001 693 5073; x_wconf 77' lang='lat' dir='ltr'>Israelitee,</span> <span class='ocrx_word' id='word_1_793' title='bbox 725 5018 843 5057; x_wconf 91' lang='lat' dir='ltr'>non</span> <span class='ocrx_word' id='word_1_794' title='bbox 888 4999 1117 5056; x_wconf 88' lang='lat' dir='ltr'>robusti</span> <span class='ocrx_word' id='word_1_795' title='bbox 1163 4998 1222 5052; x_wconf 91' lang='lat' dir='ltr'>in</span> <span class='ocrx_word' id='word_1_796' title='bbox 1273 4996 1449 5063; x_wconf 89' lang='lat' dir='ltr'>male,</span> <span class='ocrx_word' id='word_1_797' title='bbox 1483 4998 1585 5052; x_wconf 88' lang='lat' dir='ltr'>sed</span> <span class='ocrx_word' id='word_1_798' title='bbox 1644 4998 1753 5054; x_wconf 88' lang='lat' dir='ltr'>viri</span> <span class='ocrx_word' id='word_1_799' title='bbox 1811 5001 2064 5058; x_wconf 88' lang='lat' dir='ltr'>videntis</span> 
     </span>
    </p>
   </div>
   <div class='ocr_carea' id='block_1_94' title="bbox 394 5088 2061 5162">
    <p class='ocr_par' dir='ltr' id='par_1_94' title="bbox 394 5088 2061 5162">
     <span class='ocr_line' id='line_1_94' title="bbox 394 5088 2061 5162; baseline 0 -15"><span class='ocrx_word' id='word_1_800' title='bbox 394 5091 581 5149; x_wconf 87' lang='lat' dir='ltr'>Deum</span> <span class='ocrx_word' id='word_1_801' title='bbox 611 5110 626 5161; x_wconf 89' lang='lat'><strong>;</strong></span> <span class='ocrx_word' id='word_1_802' title='bbox 657 5091 745 5149; x_wconf 89' lang='lat' dir='ltr'>vel</span> <span class='ocrx_word' id='word_1_803' title='bbox 776 5090 1035 5159; x_wconf 72' lang='lat' dir='ltr'>Ezraitze,</span> <span class='ocrx_word' id='word_1_804' title='bbox 1066 5089 1123 5145; x_wconf 88' lang='lat' dir='ltr'>id</span> <span class='ocrx_word' id='word_1_805' title='bbox 1151 5091 1260 5158; x_wconf 89' lang='lat' dir='ltr'>est,</span> <span class='ocrx_word' id='word_1_806' title='bbox 1297 5088 1530 5143; x_wconf 67' lang='lat' dir='ltr'>advena:</span> <span class='ocrx_word' id='word_1_807' title='bbox 1579 5091 1637 5143; x_wconf 89' lang='lat' dir='ltr'>et</span> <span class='ocrx_word' id='word_1_808' title='bbox 1677 5090 1970 5162; x_wconf 89' lang='lat' dir='ltr'>peregrini</span> <span class='ocrx_word' id='word_1_809' title='bbox 2003 5092 2061 5147; x_wconf 90' lang='lat' dir='ltr'>in</span> 
     </span>
    </p>
   </div>
   <div class='ocr_carea' id='block_1_95' title="bbox 393 5176 2057 5238">
    <p class='ocr_par' dir='ltr' id='par_1_95' title="bbox 393 5176 2057 5238">
     <span class='ocr_line' id='line_1_95' title="bbox 393 5176 2057 5238; baseline 0 -2"><span class='ocrx_word' id='word_1_810' title='bbox 393 5178 503 5238; x_wconf 91' lang='lat' dir='ltr'>hoc</span> <span class='ocrx_word' id='word_1_811' title='bbox 532 5179 1188 5237; x_wconf 87' lang='lat' dir='ltr'>mundo.Misericordia</span> <span class='ocrx_word' id='word_1_812' title='bbox 1220 5176 1321 5232; x_wconf 87' lang='lat' dir='ltr'>Dei</span> <span class='ocrx_word' id='word_1_813' title='bbox 1352 5181 1409 5233; x_wconf 88' lang='lat' dir='ltr'>et</span> <span class='ocrx_word' id='word_1_814' title='bbox 1440 5176 1652 5232; x_wconf 85' lang='lat' dir='ltr'>veritas</span> <span class='ocrx_word' id='word_1_815' title='bbox 1675 5183 1764 5233; x_wconf 88' lang='lat' dir='ltr'>est</span> <span class='ocrx_word' id='word_1_816' title='bbox 1791 5181 2057 5237; x_wconf 88' lang='lat' dir='ltr'>materia.</span> 
     </span>
    </p>
   </div>
   <div class='ocr_carea' id='block_1_96' title="bbox 395 5264 2064 5341">
    <p class='ocr_par' dir='ltr' id='par_1_96' title="bbox 395 5264 2064 5341">
     <span class='ocr_line' id='line_1_96' title="bbox 395 5264 2064 5341; baseline 0 -16"><span class='ocrx_word' id='word_1_817' title='bbox 395 5267 604 5326; x_wconf 86' lang='lat' dir='ltr'>Modus</span> <span class='ocrx_word' id='word_1_818' title='bbox 640 5286 651 5324; x_wconf 74' lang='grc' dir='ltr'>ε</span> <span class='ocrx_word' id='word_1_819' title='bbox 688 5270 752 5325; x_wconf 89' lang='lat' dir='ltr'><strong>In</strong></span> <span class='ocrx_word' id='word_1_820' title='bbox 802 5270 996 5341; x_wconf 87' lang='lat' dir='ltr'>prima</span> <span class='ocrx_word' id='word_1_821' title='bbox 1053 5270 1237 5339; x_wconf 85' lang='lat' dir='ltr'>parte,</span> <span class='ocrx_word' id='word_1_822' title='bbox 1271 5264 1527 5321; x_wconf 87' lang='lat' dir='ltr'>ostendit</span> <span class='ocrx_word' id='word_1_823' title='bbox 1559 5281 1621 5319; x_wconf 90' lang='lat' dir='ltr'>se</span> <span class='ocrx_word' id='word_1_824' title='bbox 1657 5264 1956 5323; x_wconf 90' lang='lat' dir='ltr'>dicturum</span> <span class='ocrx_word' id='word_1_825' title='bbox 1991 5270 2064 5325; x_wconf 92' lang='lat' dir='ltr'>de</span> 
     </span>
    </p>
   </div>
   <div class='ocr_carea' id='block_1_97' title="bbox 394 5353 2062 5431">
    <p class='ocr_par' dir='ltr' id='par_1_97' title="bbox 394 5353 2062 5431">
     <span class='ocr_line' id='line_1_97' title="bbox 394 5353 2062 5431; baseline 0 -16"><span class='ocrx_word' id='word_1_826' title='bbox 394 5358 800 5416; x_wconf 87' lang='lat' dir='ltr'>misericordia</span> <span class='ocrx_word' id='word_1_827' title='bbox 829 5363 886 5414; x_wconf 93' lang='lat' dir='ltr'>et</span> <span class='ocrx_word' id='word_1_828' title='bbox 916 5357 1175 5423; x_wconf 85' lang='lat' dir='ltr'>veritate,</span> <span class='ocrx_word' id='word_1_829' title='bbox 1212 5360 1267 5410; x_wconf 90' lang='lat' dir='ltr'>et</span> <span class='ocrx_word' id='word_1_830' title='bbox 1298 5372 1366 5411; x_wconf 82' lang='lat' dir='ltr'>ea</span> <span class='ocrx_word' id='word_1_831' title='bbox 1396 5370 1522 5426; x_wconf 70' lang='lat' dir='ltr'>qua:</span> <span class='ocrx_word' id='word_1_832' title='bbox 1571 5353 1726 5409; x_wconf 88' lang='lat' dir='ltr'>dicet</span> <span class='ocrx_word' id='word_1_833' title='bbox 1756 5372 1817 5410; x_wconf 88' lang='lat' dir='ltr'>se</span> <span class='ocrx_word' id='word_1_834' title='bbox 1849 5374 2062 5431; x_wconf 87' lang='lat' dir='ltr'>cogno-</span> 
     </span>
    </p>
   </div>
   <div class='ocr_carea' id='block_1_98' title="bbox 391 5444 2059 5520">
    <p class='ocr_par' dir='ltr' id='par_1_98' title="bbox 391 5444 2059 5520">
     <span class='ocr_line' id='line_1_98' title="bbox 391 5444 2059 5520; baseline 0.002 -19"><span class='ocrx_word' id='word_1_835' title='bbox 391 5446 547 5504; x_wconf 89' lang='lat' dir='ltr'>visse</span> <span class='ocrx_word' id='word_1_836' title='bbox 578 5448 694 5502; x_wconf 91' lang='lat' dir='ltr'>Deo</span> <span class='ocrx_word' id='word_1_837' title='bbox 727 5448 991 5503; x_wconf 88' lang='lat' dir='ltr'>docente.</span> <span class='ocrx_word' id='word_1_838' title='bbox 1026 5446 1088 5501; x_wconf 90' lang='lat' dir='ltr'><strong>In</strong></span> <span class='ocrx_word' id='word_1_839' title='bbox 1125 5444 1385 5499; x_wconf 86' lang='lat' dir='ltr'>secunda</span> <span class='ocrx_word' id='word_1_840' title='bbox 1418 5445 1614 5515; x_wconf 77' lang='lat' dir='ltr'>parte,</span> <span class='ocrx_word' id='word_1_841' title='bbox 1649 5459 1776 5515; x_wconf 68' lang='lat' dir='ltr'>qua:</span> <span class='ocrx_word' id='word_1_842' title='bbox 1808 5444 2015 5520; x_wconf 91' lang='lat' dir='ltr'>incipit</span> <span class='ocrx_word' id='word_1_843' title='bbox 2046 5467 2059 5504; x_wconf 91' lang='lat'>:</span> 
     </span>
    </p>
   </div>
   <div class='ocr_carea' id='block_1_99' title="bbox 396 5530 2059 5608">
    <p class='ocr_par' dir='ltr' id='par_1_99' title="bbox 396 5530 2059 5608">
     <span class='ocr_line' id='line_1_99' title="bbox 396 5530 2059 5608; baseline 0.001 -16"><span class='ocrx_word' id='word_1_844' title='bbox 396 5555 424 5583; x_wconf 75' lang='grc' dir='ltr'><strong>(ί</strong></span> <span class='ocrx_word' id='word_1_845' title='bbox 452 5535 905 5592; x_wconf 67' lang='lat' dir='ltr'>Gonﬁtebuntur</span> <span class='ocrx_word' id='word_1_846' title='bbox 934 5534 1116 5602; x_wconf 77' lang='lat' dir='ltr'>cmli,»</span> <span class='ocrx_word' id='word_1_847' title='bbox 1154 5533 1412 5589; x_wconf 86' lang='lat' dir='ltr'>ostendit</span> <span class='ocrx_word' id='word_1_848' title='bbox 1445 5530 1695 5587; x_wconf 88' lang='lat' dir='ltr'>multam</span> <span class='ocrx_word' id='word_1_849' title='bbox 1726 5534 1825 5590; x_wconf 92' lang='lat' dir='ltr'>Dci</span> <span class='ocrx_word' id='word_1_850' title='bbox 1856 5541 2059 5608; x_wconf 89' lang='lat' dir='ltr'>poten-</span> 
     </span>
    </p>
   </div>
   <div class='ocr_carea' id='block_1_100' title="bbox 391 5620 2061 5697">
    <p class='ocr_par' dir='ltr' id='par_1_100' title="bbox 391 5620 2061 5697">
     <span class='ocr_line' id='line_1_100' title="bbox 391 5620 2061 5697; baseline 0.001 -24"><span class='ocrx_word' id='word_1_851' title='bbox 391 5622 630 5677; x_wconf 69' lang='lat' dir='ltr'>tia‘mJn</span> <span class='ocrx_word' id='word_1_852' title='bbox 649 5622 823 5678; x_wconf 88' lang='lat' dir='ltr'>tertia</span> <span class='ocrx_word' id='word_1_853' title='bbox 840 5627 1160 5695; x_wconf 49' lang='lat' dir='ltr'>partequa:</span> <span class='ocrx_word' id='word_1_854' title='bbox 1191 5620 1397 5693; x_wconf 88' lang='lat' dir='ltr'>incipit</span> <span class='ocrx_word' id='word_1_855' title='bbox 1431 5638 1442 5674; x_wconf 91' lang='lat'>:</span> <span class='ocrx_word' id='word_1_856' title='bbox 1482 5638 1503 5661; x_wconf 73' lang='grc' dir='ltr'>ει</span> <span class='ocrx_word' id='word_1_857' title='bbox 1540 5620 1705 5676; x_wconf 90' lang='lat' dir='ltr'>Tunc</span> <span class='ocrx_word' id='word_1_858' title='bbox 1737 5622 1993 5697; x_wconf 89' lang='lat' dir='ltr'>locutus,</span> <span class='ocrx_word' id='word_1_859' title='bbox 2032 5650 2061 5677; x_wconf 86' lang='grc'>››</span> 
     </span>
    </p>
   </div>
   <div class='ocr_carea' id='block_1_101' title="bbox 394 5708 2058 5781">
    <p class='ocr_par' dir='ltr' id='par_1_101' title="bbox 394 5708 2058 5781">
     <span class='ocr_line' id='line_1_101' title="bbox 394 5708 2058 5781; baseline 0.005 -17"><span class='ocrx_word' id='word_1_860' title='bbox 394 5710 649 5764; x_wconf 69' lang='lat' dir='ltr'>ostendit</span> <span class='ocrx_word' id='word_1_861' title='bbox 674 5710 889 5765; x_wconf 87' lang='lat' dir='ltr'>multas</span> <span class='ocrx_word' id='word_1_862' title='bbox 926 5709 1353 5781; x_wconf 86' lang='lat' dir='ltr'>promissiones</span> <span class='ocrx_word' id='word_1_863' title='bbox 1388 5710 1488 5765; x_wconf 90' lang='lat' dir='ltr'>Dei</span> <span class='ocrx_word' id='word_1_864' title='bbox 1511 5708 1583 5762; x_wconf 87' lang='lat' dir='ltr'>ad</span> <span class='ocrx_word' id='word_1_865' title='bbox 1620 5709 1831 5767; x_wconf 87' lang='lat' dir='ltr'>Filium</span> <span class='ocrx_word' id='word_1_866' title='bbox 1860 5733 2058 5772; x_wconf 89' lang='lat' dir='ltr'>suum.</span> 
     </span>
    </p>
   </div>
   <div class='ocr_carea' id='block_1_102' title="bbox 2180 4831 3362 4903">
    <p class='ocr_par' dir='ltr' id='par_1_102' title="bbox 2180 4831 3362 4903">
     <span class='ocr_line' id='line_1_102' title="bbox 2180 4831 3362 4903; baseline -0.009 -7"><span class='ocrx_word' id='word_1_867' title='bbox 2180 4837 2448 4895; x_wconf 89' lang='lat' dir='ltr'>ducendo</span> <span class='ocrx_word' id='word_1_868' title='bbox 2481 4851 2581 4890; x_wconf 89' lang='lat' dir='ltr'>eos</span> <span class='ocrx_word' id='word_1_869' title='bbox 2613 4853 2634 4877; x_wconf 80' lang='grc' dir='ltr'>(ι</span> <span class='ocrx_word' id='word_1_870' title='bbox 2671 4848 2859 4903; x_wconf 88' lang='lat' dir='ltr'>usque</span> <span class='ocrx_word' id='word_1_871' title='bbox 2899 4831 2958 4886; x_wconf 91' lang='lat' dir='ltr'>in</span> <span class='ocrx_word' id='word_1_872' title='bbox 2996 4836 3305 4886; x_wconf 77' lang='lat' dir='ltr'>mtcrnum.</span> <span class='ocrx_word' id='word_1_873' title='bbox 3340 4852 3362 4876; x_wconf 75' lang='grc' dir='ltr'><strong>η</strong></span> 
     </span>
    </p>
   </div>
   <div class='ocr_carea' id='block_1_103' title="bbox 2252 4908 3810 4991">
    <p class='ocr_par' dir='ltr' id='par_1_103' title="bbox 2252 4908 3810 4991">
     <span class='ocr_line' id='line_1_103' title="bbox 2252 4908 3810 4991; baseline -0.01 -9"><span class='ocrx_word' id='word_1_874' title='bbox 2252 4928 2323 4982; x_wconf 91' lang='lat' dir='ltr'>Et</span> <span class='ocrx_word' id='word_1_875' title='bbox 2339 4923 2639 4981; x_wconf 71' lang='lat' dir='ltr'>aediﬁcabo</span> <span class='ocrx_word' id='word_1_876' title='bbox 2671 4921 2867 4976; x_wconf 87' lang='lat' dir='ltr'>sedem</span> <span class='ocrx_word' id='word_1_877' title='bbox 2899 4923 3087 4991; x_wconf 87' lang='lat' dir='ltr'>tuam,</span> <span class='ocrx_word' id='word_1_878' title='bbox 3107 4920 3220 4974; x_wconf 77' lang='lat' dir='ltr'>»-id</span> <span class='ocrx_word' id='word_1_879' title='bbox 3254 4924 3345 4976; x_wconf 89' lang='lat' dir='ltr'>est</span> <span class='ocrx_word' id='word_1_880' title='bbox 3374 4919 3505 4975; x_wconf 91' lang='lat' dir='ltr'>illos</span> <span class='ocrx_word' id='word_1_881' title='bbox 3533 4918 3590 4974; x_wconf 90' lang='lat' dir='ltr'>in</span> <span class='ocrx_word' id='word_1_882' title='bbox 3622 4908 3810 4990; x_wconf 86' lang='lat' dir='ltr'>quibus</span> 
     </span>
    </p>
   </div>
   <div class='ocr_carea' id='block_1_104' title="bbox 2176 5004 3808 5089">
    <p class='ocr_par' dir='ltr' id='par_1_104' title="bbox 2176 5004 3808 5089">
     <span class='ocr_line' id='line_1_104' title="bbox 2176 5004 3808 5089; baseline -0.009 -18"><span class='ocrx_word' id='word_1_883' title='bbox 2176 5013 2453 5089; x_wconf 89' lang='lat' dir='ltr'>quiescis,</span> <span class='ocrx_word' id='word_1_884' title='bbox 2490 5016 2547 5068; x_wconf 89' lang='lat' dir='ltr'>et</span> <span class='ocrx_word' id='word_1_885' title='bbox 2594 5010 2831 5083; x_wconf 86' lang='lat' dir='ltr'>judicas</span> <span class='ocrx_word' id='word_1_886' title='bbox 2858 5032 2881 5055; x_wconf 90' lang='grc'><strong>‹‹</strong></span> <span class='ocrx_word' id='word_1_887' title='bbox 2913 5008 2971 5064; x_wconf 91' lang='lat' dir='ltr'>in</span> <span class='ocrx_word' id='word_1_888' title='bbox 3003 5010 3376 5083; x_wconf 87' lang='lat' dir='ltr'>generatione</span> <span class='ocrx_word' id='word_1_889' title='bbox 3408 5031 3431 5055; x_wconf 86' lang='lat'><strong>»</strong></span> <span class='ocrx_word' id='word_1_890' title='bbox 3464 5006 3683 5082; x_wconf 80' lang='lat' dir='ltr'>gentili,</span> <span class='ocrx_word' id='word_1_891' title='bbox 3713 5023 3734 5045; x_wconf 71' lang='grc' dir='ltr'>τι</span> <span class='ocrx_word' id='word_1_892' title='bbox 3761 5004 3808 5056; x_wconf 89' lang='lat' dir='ltr'>et</span> 
     </span>
    </p>
   </div>
   <div class='ocr_carea' id='block_1_105' title="bbox 2175 5090 3806 5178">
    <p class='ocr_par' dir='ltr' id='par_1_105' title="bbox 2175 5090 3806 5178">
     <span class='ocr_line' id='line_1_105' title="bbox 2175 5090 3806 5178; baseline -0.009 -18"><span class='ocrx_word' id='word_1_893' title='bbox 2175 5101 2619 5178; x_wconf 87' lang='lat' dir='ltr'>generationem</span> <span class='ocrx_word' id='word_1_894' title='bbox 2643 5129 2667 5154; x_wconf 83' lang='lat'>»</span> <span class='ocrx_word' id='word_1_895' title='bbox 2703 5098 3127 5171; x_wconf 86' lang='lat' dir='ltr'>Judaicam,vel</span> <span class='ocrx_word' id='word_1_896' title='bbox 3159 5116 3263 5171; x_wconf 90' lang='lat' dir='ltr'>per</span> <span class='ocrx_word' id='word_1_897' title='bbox 3292 5115 3496 5155; x_wconf 90' lang='lat' dir='ltr'>omnes</span> <span class='ocrx_word' id='word_1_898' title='bbox 3524 5090 3806 5152; x_wconf 87' lang='lat' dir='ltr'>successio-</span> 
     </span>
    </p>
   </div>
   <div class='ocr_carea' id='block_1_106' title="bbox 2174 5185 3802 5261">
    <p class='ocr_par' dir='ltr' id='par_1_106' title="bbox 2174 5185 3802 5261">
     <span class='ocr_line' id='line_1_106' title="bbox 2174 5185 3802 5261; baseline -0.009 -14"><span class='ocrx_word' id='word_1_899' title='bbox 2174 5189 2403 5257; x_wconf 90' lang='lat' dir='ltr'>nes,vel</span> <span class='ocrx_word' id='word_1_900' title='bbox 2432 5186 2774 5261; x_wconf 68' lang='lat' dir='ltr'>prmparabo</span> <span class='ocrx_word' id='word_1_901' title='bbox 2808 5187 3005 5242; x_wconf 85' lang='lat' dir='ltr'>sedem</span> <span class='ocrx_word' id='word_1_902' title='bbox 3040 5190 3226 5252; x_wconf 90' lang='lat' dir='ltr'>tuam,</span> <span class='ocrx_word' id='word_1_903' title='bbox 3260 5186 3315 5242; x_wconf 92' lang='lat' dir='ltr'>id</span> <span class='ocrx_word' id='word_1_904' title='bbox 3352 5193 3459 5255; x_wconf 89' lang='lat' dir='ltr'>est,</span> <span class='ocrx_word' id='word_1_905' title='bbox 3492 5185 3802 5248; x_wconf 87' lang='lat' dir='ltr'>imitatores,</span> 
     </span>
    </p>
   </div>
   <div class='ocr_carea' id='block_1_107' title="bbox 2177 5269 3801 5354">
    <p class='ocr_par' dir='ltr' id='par_1_107' title="bbox 2177 5269 3801 5354">
     <span class='ocr_line' id='line_1_107' title="bbox 2177 5269 3801 5354; baseline -0.01 -18"><span class='ocrx_word' id='word_1_906' title='bbox 2177 5280 2280 5354; x_wconf 87' lang='lat' dir='ltr'>qui</span> <span class='ocrx_word' id='word_1_907' title='bbox 2314 5284 2370 5335; x_wconf 91' lang='lat' dir='ltr'>te</span> <span class='ocrx_word' id='word_1_908' title='bbox 2400 5278 2858 5342; x_wconf 88' lang='lat' dir='ltr'>imitentur,non</span> <span class='ocrx_word' id='word_1_909' title='bbox 2890 5276 2962 5331; x_wconf 88' lang='lat' dir='ltr'>ad</span> <span class='ocrx_word' id='word_1_910' title='bbox 2995 5274 3223 5347; x_wconf 87' lang='lat' dir='ltr'>horam,</span> <span class='ocrx_word' id='word_1_911' title='bbox 3249 5276 3348 5331; x_wconf 87' lang='lat' dir='ltr'>sed</span> <span class='ocrx_word' id='word_1_912' title='bbox 3377 5275 3435 5329; x_wconf 90' lang='lat' dir='ltr'>in</span> <span class='ocrx_word' id='word_1_913' title='bbox 3468 5269 3801 5347; x_wconf 85' lang='lat' dir='ltr'>generatione</span> 
     </span>
    </p>
   </div>
   <div class='ocr_carea' id='block_1_108' title="bbox 2173 5362 3798 5439">
    <p class='ocr_par' dir='ltr' id='par_1_108' title="bbox 2173 5362 3798 5439">
     <span class='ocr_line' id='line_1_108' title="bbox 2173 5362 3798 5439; baseline -0.009 -15"><span class='ocrx_word' id='word_1_914' title='bbox 2173 5369 2313 5424; x_wconf 87' lang='lat' dir='ltr'>hinc</span> <span class='ocrx_word' id='word_1_915' title='bbox 2342 5365 2728 5439; x_wconf 82' lang='lat' dir='ltr'>procedendo,</span> <span class='ocrx_word' id='word_1_916' title='bbox 2772 5380 2961 5435; x_wconf 89' lang='lat' dir='ltr'>usque</span> <span class='ocrx_word' id='word_1_917' title='bbox 2994 5364 3051 5418; x_wconf 92' lang='lat' dir='ltr'>in</span> <span class='ocrx_word' id='word_1_918' title='bbox 3080 5365 3515 5435; x_wconf 88' lang='lat' dir='ltr'>generationem</span> <span class='ocrx_word' id='word_1_919' title='bbox 3555 5362 3798 5417; x_wconf 84' lang='lat' dir='ltr'>futuram.</span> 
     </span>
    </p>
   </div>
   <div class='ocr_carea' id='block_1_109' title="bbox 2247 5445 3798 5519">
    <p class='ocr_par' dir='ltr' id='par_1_109' title="bbox 2247 5445 3798 5519">
     <span class='ocr_line' id='line_1_109' title="bbox 2247 5445 3798 5519; baseline -0.006 -8"><span class='ocrx_word' id='word_1_920' title='bbox 2247 5486 2272 5511; x_wconf 74' lang='grc' dir='ltr'>ι(</span> <span class='ocrx_word' id='word_1_921' title='bbox 2301 5454 2769 5511; x_wconf 84' lang='lat' dir='ltr'>Conﬁtebuntur.</span> <span class='ocrx_word' id='word_1_922' title='bbox 2804 5478 2828 5503; x_wconf 73' lang='grc' dir='ltr'>ι»</span> <span class='ocrx_word' id='word_1_923' title='bbox 2868 5452 3008 5508; x_wconf 90' lang='lat' dir='ltr'>Pars</span> <span class='ocrx_word' id='word_1_924' title='bbox 3041 5453 3322 5508; x_wconf 89' lang='lat' dir='ltr'>secunda.</span> <span class='ocrx_word' id='word_1_925' title='bbox 3358 5452 3626 5519; x_wconf 67' lang='lat' dir='ltr'>Dixisti,“</span> <span class='ocrx_word' id='word_1_926' title='bbox 3658 5445 3798 5503; x_wconf 74' lang='lat' dir='ltr'>mise-</span> 
     </span>
    </p>
   </div>
   <div class='ocr_carea' id='block_1_110' title="bbox 2171 5530 3797 5612">
    <p class='ocr_par' dir='ltr' id='par_1_110' title="bbox 2171 5530 3797 5612">
     <span class='ocr_line' id='line_1_110' title="bbox 2171 5530 3797 5612; baseline -0.006 -12"><span class='ocrx_word' id='word_1_927' title='bbox 2171 5544 2423 5602; x_wconf 87' lang='lat' dir='ltr'>ricordia</span> <span class='ocrx_word' id='word_1_928' title='bbox 2452 5542 2862 5612; x_wconf 66' lang='lat' dir='ltr'>aaditieabitur,</span> <span class='ocrx_word' id='word_1_929' title='bbox 2896 5559 2919 5585; x_wconf 70' lang='grc' dir='ltr'><strong><em>η</em></strong></span> <span class='ocrx_word' id='word_1_930' title='bbox 2956 5546 3012 5596; x_wconf 91' lang='lat' dir='ltr'>et</span> <span class='ocrx_word' id='word_1_931' title='bbox 3038 5541 3192 5598; x_wconf 89' lang='lat' dir='ltr'>sicut</span> <span class='ocrx_word' id='word_1_932' title='bbox 3215 5540 3436 5605; x_wconf 85' lang='lat' dir='ltr'>dixisti,</span> <span class='ocrx_word' id='word_1_933' title='bbox 3470 5541 3550 5596; x_wconf 87' lang='lat' dir='ltr'>ita</span> <span class='ocrx_word' id='word_1_934' title='bbox 3580 5530 3797 5606; x_wconf 76' lang='lat' dir='ltr'>comple-</span> 
     </span>
    </p>
   </div>
   <div class='ocr_carea' id='block_1_111' title="bbox 2173 5626 3797 5705">
    <p class='ocr_par' dir='ltr' id='par_1_111' title="bbox 2173 5626 3797 5705">
     <span class='ocr_line' id='line_1_111' title="bbox 2173 5626 3797 5705; baseline -0.01 -16"><span class='ocrx_word' id='word_1_935' title='bbox 2173 5633 2499 5705; x_wconf 86' lang='lat' dir='ltr'>bitur,quia</span> <span class='ocrx_word' id='word_1_936' title='bbox 2532 5654 2555 5681; x_wconf 85' lang='grc'><em>‹‹</em></span> <span class='ocrx_word' id='word_1_937' title='bbox 2589 5629 2769 5697; x_wconf 75' lang='lat' dir='ltr'>coeli,»</span> <span class='ocrx_word' id='word_1_938' title='bbox 2803 5629 2863 5685; x_wconf 92' lang='lat' dir='ltr'>id</span> <span class='ocrx_word' id='word_1_939' title='bbox 2895 5630 3308 5703; x_wconf 84' lang='lat' dir='ltr'>cst,Apostoli,</span> <span class='ocrx_word' id='word_1_940' title='bbox 3348 5649 3372 5674; x_wconf 78' lang='grc' dir='ltr'>α</span> <span class='ocrx_word' id='word_1_941' title='bbox 3399 5626 3797 5686; x_wconf 74' lang='lat' dir='ltr'>confitebuntur</span> 
     </span>
    </p>
   </div>
   <div class='ocr_carea' id='block_1_112' title="bbox 2172 5716 3793 5780">
    <p class='ocr_par' dir='ltr' id='par_1_112' title="bbox 2172 5716 3793 5780">
     <span class='ocr_line' id='line_1_112' title="bbox 2172 5716 3793 5780; baseline -0.007 -3"><span class='ocrx_word' id='word_1_942' title='bbox 2172 5721 2472 5778; x_wconf 90' lang='lat' dir='ltr'>mirabilia</span> <span class='ocrx_word' id='word_1_943' title='bbox 2502 5724 2604 5775; x_wconf 86' lang='lat' dir='ltr'>tua</span> <span class='ocrx_word' id='word_1_944' title='bbox 2689 5716 2867 5774; x_wconf 87' lang='lat' dir='ltr'>veluti</span> <span class='ocrx_word' id='word_1_945' title='bbox 2903 5719 2973 5774; x_wconf 91' lang='lat' dir='ltr'>de</span> <span class='ocrx_word' id='word_1_946' title='bbox 3004 5720 3295 5776; x_wconf 89' lang='lat' dir='ltr'>creatione</span> <span class='ocrx_word' id='word_1_947' title='bbox 3325 5720 3452 5775; x_wconf 75' lang='grc' dir='ltr'>οωἸὶ</span> <span class='ocrx_word' id='word_1_948' title='bbox 3485 5720 3540 5776; x_wconf 75' lang='lat' dir='ltr'>et</span> <span class='ocrx_word' id='word_1_949' title='bbox 3562 5718 3737 5780; x_wconf 62' lang='lat' dir='ltr'>terra),</span> <span class='ocrx_word' id='word_1_950' title='bbox 3769 5722 3793 5763; x_wconf 76' lang='grc' dir='ltr'>θ</span> 
     </span>
    </p>
   </div>
  </div>
