3936 6402
173 468 287 530 497

1351 473 1853 537 EXPLANATIO
1896 474 1977 537 IN
2019 477 2158 539 PSA
2170 477 2401 542 LMOS.

3467 484 3588 551 498

174 600 281 659 hoc
306 600 565 663 ostendit
594 598 654 656 in
677 605 844 674 parte
873 600 1256 679 mirabilium,
1289 621 1424 665 cum
1465 604 1609 663 dicit
1637 631 1665 657 ‹‹
1699 610 1822 663 ete-
1852 608 1908 676 Α
1937 607 2242 682 dignitate,
2275 630 2393 685 qua
2422 612 2587 686 prius
2619 613 2860 682 nitebat,
2894 614 3154 690 privatus
3187 617 3311 677 fuit.
3328 643 3357 671 «
3383 606 3612 678 Humi--

174 692 296 747 nim
331 714 358 741 ››
389 690 830 747 annuntiabunt
860 714 887 741 α
920 691 1225 749 veritatem
1257 696 1420 750 tuam
1454 717 1481 743 ››
1532 713 1648 752 non
1699 694 1827 752 ubi-

176 798 305 854 que,
339 780 494 839 sicut
525 778 839 848 mirabilia,
875 780 1015 852 quia
1042 780 1195 837 inter
1225 799 1430 839 omnes
1460 787 1663 856 gentes
1695 803 1827 858 pes-

175 875 313 930 sunt
360 868 655 925 mirabilia
706 868 806 924 Dei
854 870 1174 939 numerari,
1210 873 1309 927 sed
1360 873 1574 930 veritas
1601 873 1722 942 Dei,
1757 875 1829 933 de

174 958 495 1024 nativitate,
529 957 824 1031 passione,
852 962 989 1029 ete.,
1022 963 1216 1030 potest
1247 964 1304 1015 et
1334 961 1505 1017 debet
1536 963 1826 1019 enuntiari

174 1053 403 1119 tantum
436 1071 464 1097 ‹‹
500 1046 561 1102 in
592 1046 838 1103 ecclesia
869 1050 1231 1119 sanctorum,
1269 1071 1296 1097 ››
1329 1049 1388 1104 in
1422 1066 1538 1122 qua
1569 1050 1694 1106 sola
1726 1052 1826 1109 Dei

173 1138 465 1205 nativitas,
496 1141 554 1191 et
584 1136 799 1209 passio,
820 1139 876 1191 et
907 1139 1134 1204 caetera,
1156 1140 1213 1191 et
1242 1138 1453 1193 colitur
1483 1142 1540 1193 et
1571 1143 1823 1203 amatur.

241 1230 311 1284 Et
367 1228 516 1283 bene
574 1225 788 1282 debent
841 1225 1103 1280 conﬁteri
1162 1226 1290 1281 cceli
1348 1227 1642 1284 mirabilia
1701 1232 1823 1296 tua,

174 1341 200 1368 α
234 1316 513 1390 quoniam
546 1313 679 1387 quis
700 1313 760 1369 in
782 1314 1044 1370 nubibus
1064 1338 1091 1362 ‹‹
1114 1315 1167 1369 id
1190 1320 1299 1382 est,
1315 1315 1469 1371 inter
1487 1316 1819 1388 Apestolos,

171 1410 228 1464 et
258 1410 498 1462 caeteros
527 1403 764 1460 altiores
795 1402 854 1458 in
885 1403 1207 1469 Ecclesia,«
1234 1404 1561 1476 mquabitur
1586 1427 1610 1453 ››
1639 1405 1695 1460 in
1724 1423 1822 1477 po-

172 1494 354 1557 tentia
378 1517 406 1544 ‹‹
440 1491 736 1548 Domino?
767 1513 795 1540 ››
827 1490 1067 1558 nullus;
1101 1490 1209 1557 vel,
1245 1492 1379 1562 quis
1408 1492 1517 1547 erit
1549 1516 1573 1541 ι(
1612 1492 1824 1551 similis

171 1583 286 1640 Deo
320 1582 430 1637 nin
460 1579 795 1639 substantia
826 1603 852 1629 «
890 1579 950 1634 in
976 1578 1119 1634 filiis
1158 1579 1308 1635 Dei?
1345 1603 1371 1629 η
1412 1580 1590 1636 veluti
1645 1581 1822 1638 etiam

168 1672 228 1733 in
258 1671 480 1738 sanctis
511 1667 779 1742 angelis?
817 1668 918 1741 qui
963 1672 1103 1723 sunt
1145 1668 1388 1725 stabiles
1438 1675 1494 1725 et
1542 1669 1819 1727 deiﬁeati.

168 1760 397 1828 Nullus,
425 1758 566 1833 quia
595 1775 800 1815 omnes
830 1756 929 1814 alii
960 1758 1032 1813 ab
1064 1756 1175 1813 isto
1206 1762 1346 1814 sunt
1374 1759 1552 1815 creati
1583 1762 1641 1815 et
1666 1758 1825 1815 deiﬁ-

167 1849 302 1906 cati.
334 1848 483 1906 Vere
513 1846 716 1904 nullus
746 1846 1077 1919 aequabitur
1103 1846 1373 1915 Domino,
1409 1863 1545 1903 nam
1580 1848 1705 1920 ipse
1733 1851 1823 1905 est

1940 695 2095 754 liasti
2128 723 2154 749 ››
2187 700 2314 756 dico
2347 725 2375 752 «
2410 702 2468 757 in
2500 702 2738 760 brachio
2768 705 3005 761 virtutis
3036 710 3170 774 tum,
3208 730 3234 757 ››
3277 707 3335 764 id
3383 713 3495 779 est,
3528 709 3589 767 in

1937 786 2196 845 virtuoso
2227 789 2486 855 brachio,
2522 792 2579 848 id
2611 798 2719 861 est,
2756 793 2898 850 Filio
2931 799 3052 863 tuo,
3088 798 3145 851 et
3189 794 3249 850 in
3295 795 3405 853 hoc
3443 814 3594 870 quo-

1939 888 2053 945 que
2081 880 2323 948 apparet
2356 878 2616 949 potentia
2645 883 2764 943 tua,
2800 881 2939 952 quia
2971 885 3035 936 tu
3067 905 3094 931 «
3128 881 3459 954 dispersisti
3491 884 3597 940 ini-

1940 961 2327 1033 micostuos,
2366 988 2392 1015 ››
2442 966 2698 1031 Judaeos,
2749 966 2849 1040 qui
2902 968 3134 1025 realiter
3174 970 3423 1042 dispersi
3456 975 3598 1030 sunt

1939 1068 2042 1123 per
2072 1056 2260 1108 totum
2290 1055 2602 1110 mundum.
2636 1057 2707 1111 Et
2739 1057 2847 1111 hoc
2879 1075 3113 1131 quoque
3144 1058 3332 1115 fecisti
3363 1059 3423 1115 in
3455 1061 3595 1119 bra-

1938 1139 2070 1195 chio
2103 1144 2225 1207 tuo,
2258 1158 2361 1213 per
2391 1144 2547 1214 quod
2579 1143 2777 1200 omnia
2808 1147 3089 1216 operaris.

2008 1229 2079 1283 Et
2107 1230 2253 1284 bene
2285 1230 2555 1286 inimicos
2588 1232 2840 1304 posuisti
2882 1233 3240 1306 disperdere,
3276 1258 3304 1286 ‹‹
3337 1236 3477 1310 quia
3506 1238 3590 1295 tui

1937 1321 2079 1372 sunt
2124 1317 2275 1383 cmli,
2308 1323 2365 1373 et
2411 1323 2567 1375 terra
2616 1343 2642 1368 ››
2695 1320 2968 1377 universa
3014 1327 3105 1378 est
3150 1328 3272 1395 tua,
3324 1326 3524 1381 orbem
3560 1349 3587 1377 η

1936 1406 2113 1461 etiam
2146 1429 2172 1455 ‹‹
2209 1409 2395 1472 terrm,
2444 1430 2470 1456 ››
2520 1408 2577 1463 id
2629 1413 2739 1474 est,
2775 1413 2964 1466 totum
3014 1411 3301 1467 circulum
3358 1414 3586 1481 mundi,

1936 1519 1961 1543 α
1997 1499 2056 1549 et
2088 1495 2514 1567 plenitudinem
2546 1497 2695 1568 ejus,
2734 1521 2760 1547 ››
2792 1498 2943 1554 velui
2977 1500 3223 1565 fruetus,
3254 1506 3314 1556 et
3357 1520 3586 1575 pecora,

1933 1588 1991 1639 et
2021 1588 2261 1652 caetera;
2296 1588 2359 1640 tu
2390 1584 2675 1655 fundasti,
2705 1607 2733 1635 η
2769 1586 2827 1643 id
2868 1590 2977 1654 est,
3022 1588 3255 1658 creasti,
3306 1593 3365 1646 et
3409 1591 3587 1647 etiam

1933 1672 2130 1744 ipsum
2161 1672 2463 1728 diabolum
2497 1675 2727 1741 creasti,
2758 1680 2816 1731 et
2846 1675 2953 1731 hoc
2986 1681 3096 1745 est,
3130 1677 3339 1739 creasti
3372 1702 3399 1729 ‹‹
3428 1680 3591 1752 aqui-

1931 1759 2126 1815 lonem
2162 1783 2188 1810 ››
2222 1761 2345 1834 qui,
2380 1762 2519 1834 quia
2549 1762 2797 1835 frigidus
2844 1768 3055 1820 ventus
3101 1768 3209 1832 est,
3243 1764 3591 1841 intelligitur

1930 1848 2223 1916 diabolus,
2258 1850 2356 1924 qui
2400 1855 2560 1907 caret
2607 1852 2767 1907 omni
2818 1853 3121 1923 charitate,
3153 1857 3211 1910 et
3256 1855 3357 1926 qui
3406 1855 3478 1917 de
3526 1873 3589 1914 se

167 1962 194 1989 ‹‹
228 1938 387 1997 Deus
418 1960 447 1987 ››
473 1941 534 1994 et
560 1934 717 2004 talis,
739 1934 875 2008 «qui
906 1934 1269 2007 gloriﬁcatur
1297 1935 1356 1990 in
1389 1934 1634 1991 consilio
1657 1953 1823 1993 sane-
1856 1972 1899 2043 Β
1934 1937 2062 2010 ipso
2110 1937 2259 1993 dixit
2290 1954 2302 1994 :
2358 1939 2576 1994 Ponam
2629 1940 2826 1996 sedem
2876 1958 3069 1997 meam
3101 1942 3175 1998 ad
3223 1941 3585 2021 aquilonem,

164 2031 383 2097 torum,
418 2047 447 2078 »
480 2025 539 2081 id
570 2028 678 2093 est,
693 2040 870 2098 quem
900 2023 1087 2080 sancti
1110 2022 1459 2097 gloriﬁcant,
1481 2028 1540 2080 et
1557 2024 1666 2081 hoc
1684 2041 1820 2082 cum

166 2132 381 2191 magno
412 2113 679 2182 consilio,
695 2113 833 2187 quia
851 2130 981 2170 vere
994 2111 1255 2186 cogitant
1270 2113 1564 2185 quomodo
1581 2113 1820 2187 dignius

165 2221 300 2262 eum
332 2202 577 2265 laudare
609 2207 856 2274 queunt.
890 2200 1045 2258 Deus
1094 2201 1222 2257 dico
1254 2225 1282 2251 «
1316 2217 1587 2274 magnus,
1621 2225 1649 2252 ››
1681 2202 1822 2275 quia

165 2310 274 2353 sua
293 2290 628 2350 substantia
648 2289 901 2363 complet
922 2288 1141 2361 omnia,
1156 2294 1213 2346 et
1244 2314 1271 2340 ‹‹
1294 2288 1573 2347 terribilis
1597 2313 1624 2341 η
1647 2307 1822 2365 prop.

162 2386 253 2459 ter
273 2380 572 2459 judicium
603 2379 757 2454 quod
791 2379 1053 2437 facturus
1079 2383 1169 2435 est
1198 2379 1358 2453 ipse;
1391 2379 1521 2435 dico
1567 2379 1824 2439 existens

164 2494 193 2521 α
226 2486 407 2546 super
435 2485 640 2527 omnes
669 2468 768 2542 qui
803 2467 863 2524 in
892 2467 1142 2532 circuitu
1174 2468 1305 2541 ejus
1335 2473 1542 2538 sunt,»
1562 2468 1620 2526 id
1652 2474 1742 2525 est
1761 2469 1822 2525 in

164 2558 456 2617 famulatu
485 2562 543 2614 et
586 2556 869 2621 comitatu
919 2558 1069 2629 ejus,
1103 2556 1391 2630 stipantes
1441 2574 1600 2629 eum,
1651 2558 1821 2631 quasi

164 2646 406 2716 milites,
440 2645 757 2704 Dominum
784 2664 797 2714 ;
830 2650 888 2701 et
917 2645 1028 2702 hoc
1058 2646 1128 2702 de
1158 2645 1405 2719 angelis,
1438 2651 1497 2703 et
1543 2647 1719 2703 etiam
1750 2647 1824 2703 de

163 2736 387 2794 sanctis
420 2735 560 2799 viris
581 2738 772 2809 potest
802 2733 1071 2808 intelligi.

232 2825 397 2883 Deus
423 2824 551 2881 dico
584 2822 967 2897 gloriﬁcatur,
981 2827 1037 2879 et
1068 2823 1244 2878 etiam
1280 2824 1402 2895 ipse
1435 2824 1588 2879 Deus
1610 2828 1700 2879 est
1719 2824 1825 2879 Do-

160 2915 365 2979 minus
394 2914 662 2971 omnium
686 2911 993 2976 virtutum,
1028 2915 1087 2968 et
1116 2910 1246 2967 ideo
1277 2928 1449 2967 nemo
1481 2916 1673 2983 potest
1694 2928 1825 2967 esse

160 3002 382 3061 similis
413 3002 503 3071 ei;
537 3005 595 3057 et
624 3000 733 3056 hoc
763 3002 852 3055 est
880 3000 1036 3071 quod
1079 2999 1239 3070 dicit,
1273 2999 1536 3055 faciendo
1584 3016 1822 3056 conver-

157 3091 393 3150 sionem
425 3089 497 3146 ad
531 3088 724 3161 ipsum
762 3104 774 3141 :
810 3110 838 3137 ‹‹
874 3086 1120 3143 Domine
1150 3087 1305 3144 Deus
1336 3086 1622 3143 virtutum
1655 3109 1683 3139 »
1716 3104 1825 3143 cm-

164 3180 412 3239 lestium
445 3175 533 3235 vel
561 3177 729 3232 dator
754 3176 1040 3232 virtutum
1073 3180 1406 3232 nostrarum
1440 3192 1544 3249 per
1570 3191 1719 3249 quas
1741 3176 1825 3232 fu-

164 3268 249 3327 cis
308 3266 585 3324 homines
631 3264 951 3321 virtutibus
999 3263 1334 3321 cmlestibus
1383 3263 1628 3320 similes.
1678 3267 1822 3321 Cum

1932 2050 1961 2076 «ι
1994 2031 2053 2082 et
2084 2042 2264 2093 mare,
2301 2048 2328 2076 ››
2363 2026 2420 2082 id
2450 2031 2560 2092 est,
2594 2026 2865 2085 inimicos
2904 2029 3496 2099 tuos'amaricantes,
3530 2036 3590 2097 et

1931 2114 2286 2170 fluctuantes
2319 2118 2524 2171 contra
2551 2119 2627 2182 te,
2663 2139 2691 2165 ‹‹
2725 2119 2787 2171 tu
2821 2117 3053 2174 creasti.
3089 2140 3117 2167 ι)

2002 2204 2073 2258 Et
2102 2202 2243 2275 quia
2272 2206 2395 2258 tam
2437 2207 2645 2276 potens
2695 2220 2779 2270 es,
2812 2205 2942 2261 ideo
2975 2229 3002 2256 ‹‹
3053 2207 3289 2263 Thabor
3335 2212 3393 2262 et
3440 2208 3586 2269 Her-

1932 2308 2093 2362 mon,
2129 2312 2156 2339 ››
2188 2291 2247 2346 id
2278 2296 2386 2358 est,
2414 2292 2601 2348 Judaei
2649 2298 2707 2348 et
2753 2293 3021 2366 gentiles,
3058 2317 3085 2344 ‹‹
3117 2294 3497 2352 exsultabunt
3525 2296 3586 2355 in
3629 2320 3633 2323 τ

1934 2379 2171 2436 nomine
2200 2384 2323 2447 tuo,
2361 2403 2388 2429 »
2420 2380 2563 2453 quia
2591 2380 2697 2437 tibi
2729 2398 2898 2437 suam
2938 2381 3385 2441 exsultationem
3414 2385 3586 2441 attri-

1932 2468 2281 2539 buent,ideo
2312 2469 2451 2541 quia
2483 2491 2511 2519 «
2544 2473 2714 2525 tuum
2746 2470 3051 2526 brachium
3086 2495 3111 2519 υ
3145 2475 3235 2527 est
3267 2494 3295 2524 «
3326 2489 3460 2528 cum
3493 2490 3590 2547 po-

1932 2556 2181 2624 tentia,»
2213 2557 2271 2612 id
2303 2561 2565 2623 est,tuus
2598 2558 2780 2615 Filius
2812 2564 2902 2615 est
2933 2577 3067 2615 cum
3099 2561 3588 2635 efﬁcientia,quia

1934 2645 2081 2701 nihil
2115 2663 2235 2702 sua:
2264 2644 2552 2702 voluntati
2587 2651 2779 2728 potest
2811 2648 3097 2705 resistere.
3130 2649 3254 2715 Vel,
3288 2673 3316 2699 ‹‹
3354 2650 3591 2709 Thabor

1933 2737 1992 2789 et
2022 2736 2271 2789 llermon
2304 2734 2700 2802 exsultabunt,
2740 2759 2766 2785 ››
2800 2736 2857 2790 id
2889 2741 2999 2804 est,
3032 2754 3168 2794 eum
3200 2737 3589 2799 exsultatione

1934 2824 2403 2896 pronuntiabunt
2431 2828 2599 2878 tuum
2623 2823 2951 2893 brachium,
2969 2826 3026 2880 id
3043 2830 3151 2892 est,
3168 2825 3377 2882 Filium
3390 2829 3586 2899 tuum,

1932 2909 2326 2981 intelligentes
2363 2908 2531 2965 illum
2582 2927 2711 2966 esse
2741 2928 2875 2967 eum
2925 2913 3207 2985 potentia,
3249 2918 3308 2969 et
3355 2913 3467 2971 hoc
3514 2917 3588 2977 ad

1931 2998 2167 3053 laudem
2201 3001 2388 3069 tuam,
2421 2997 2646 3054 scilicet
2689 2999 2749 3054 in
2799 3000 3035 3056 nomine
3086 3005 3188 3059 tuo
3215 3000 3590 3062 exsultando.

1933 3087 2169 3142 Thabor
2197 3086 2617 3160 interpretatur
2642 3089 2883 3145 veniens
2914 3088 3136 3157 lumen,
3170 3107 3274 3163 per
3302 3093 3458 3164 quod
3485 3093 3587 3151 Ju-

1933 3175 2042 3231 daei
2091 3174 2521 3248 signiﬁcantur,
2575 3176 2726 3232 inter
2774 3193 2922 3250 quos
2959 3177 3124 3250 prius
3172 3179 3332 3236 venit
3361 3179 3586 3251 lumen,

1934 3264 2085 3336 quod
2120 3268 2209 3319 est
2239 3263 2797 3322 Christus.Hermon
2820 3266 3235 3339 interpretatur
3250 3269 3585 3338 anathema,

159 3358 319 3415 enim
354 3357 465 3414 das
493 3353 719 3411 homini
754 3353 1180 3427 plenitudinem
1232 3352 1509 3421 scientiae,
1545 3353 1689 3409 facis
1737 3353 1814 3407 si-
1849 3336 1895 3411 (λ
1932 3371 2036 3426 per
2064 3354 2220 3425 quod
2254 3352 2665 3425 intelliguntur
2694 3336 3100 3428 gentiles,qui,
3132 3358 3364 3431 cognito
3390 3336 3584 3416 Chris?

158 3445 362 3507 milem
414 3442 735 3515 seraphim.
787 3441 1089 3509 Similiter,
1139 3460 1242 3515 per
1287 3447 1526 3499 cmteras
1573 3443 1819 3499 virtutes

158 3535 271 3591 sibi
304 3535 499 3603 datas,
528 3531 751 3588 caeteris
782 3530 1089 3588 ordinibus
1117 3530 1388 3587 homines
1434 3530 1659 3587 similes
1690 3532 1819 3586 red-

156 3624 328 3691 dunt,
357 3625 417 3679 et
445 3620 575 3677 ideo
606 3643 635 3670 ‹‹
672 3620 807 3693 quis
838 3618 1050 3677 similis
1080 3619 1235 3675 tibi?
1265 3644 1292 3669 ››
1334 3618 1545 3677 Nullus
1576 3620 1817 3691 utique;

156 3714 221 3777 tu
251 3711 414 3769 cnim
449 3734 477 3759 ‹‹
513 3713 719 3782 potens
750 3727 834 3781 es,
868 3708 1136 3778 Domine,
1172 3732 1199 3760 »
1235 3726 1303 3764 ex
1330 3713 1385 3764 te
1418 3708 1563 3774 solo,
1587 3726 1692 3763 nec
1725 3708 1823 3763 ali-

159 3800 292 3874 quis
341 3798 526 3856 habet
572 3798 917 3871 potentiam,
971 3797 1083 3853 nisi
1139 3814 1242 3871 per
1291 3802 1366 3853 te.
1424 3821 1450 3847 «
1497 3798 1565 3852 Et
1606 3797 1822 3853 veritas

157 3891 261 3946 tua
293 3912 322 3938 »
353 3892 447 3944 est
478 3909 506 3936 ‹‹
540 3886 600 3941 in
632 3886 881 3943 circuitu
903 3890 1003 3942 tuo
1039 3909 1065 3935 n
1096 3886 1156 3941 in
1184 3885 1402 3958 quibus
1434 3890 1548 3940 tum
1580 3885 1825 3958 promis-

159 3977 355 4033 siones
406 3975 711 4047 completas
757 3980 917 4043 sunt,
970 3979 1213 4047 apparet
1262 3974 1417 4048 quod
1467 3991 1640 4030 verax
1668 3991 1730 4029 es
1759 3974 1820 4029 in

158 4064 497 4146 promissis.
530 4062 654 4129 Vel,
686 4063 900 4119 veritas
929 4069 1031 4119 tua
1056 4062 1226 4119 estin
1258 4062 1506 4117 circuitu
1538 4066 1659 4133 tuo,
1683 4061 1824 4134 quia

152 4170 287 4231 cum
317 4171 435 4209 non
473 4152 696 4208 habeas
750 4152 811 4207 in
859 4151 1109 4208 circuitu
1141 4154 1199 4207 et
1228 4149 1516 4205 famulatu
1549 4153 1669 4216 tuo,
1706 4150 1821 4207 nisi

1930 3447 2009 3509 to,
2043 3441 2358 3497 anathema
2388 3442 2660 3498 dixerunt
2689 3443 2942 3499 diabolo.

2003 3531 2142 3606 Dico
2190 3530 2427 3585 Thabor
2475 3534 2532 3585 et
2577 3531 2828 3588 Hermon
2880 3537 2970 3589 est
3015 3551 3150 3588 cum
3202 3535 3488 3609 potentia,
3528 3540 3589 3597 et

1933 3644 1960 3670 ‹‹
1996 3636 2209 3675 manus
2240 3624 2363 3686 tua,
2400 3643 2427 3669 ››
2460 3620 2517 3675 id
2549 3625 2657 3689 est,
2692 3622 2949 3694 operatio
2981 3623 3139 3681 illius
3170 3624 3590 3694 brachii,velut

1933 3708 1992 3763 in
2026 3708 2402 3763 conversione
2434 3707 2724 3764 malorum
2758 3711 2830 3765 ad
2878 3711 3053 3766 ﬁdem
3079 3728 3107 3759 «
3139 3712 3427 3785 firmetur,
3461 3736 3486 3765 υ
3521 3719 3588 3771 ut

1932 3814 2032 3852 eos
2054 3798 2111 3853 in
2136 3797 2376 3868 justitia
2402 3797 2630 3869 ﬁdeque
2652 3798 3005 3868 corroboret,
3021 3804 3079 3855 et
3111 3819 3135 3843 α
3152 3801 3390 3857 dextera
3409 3806 3532 3870 tua,
3556 3826 3585 3867 ie

1932 3885 1990 3940 id
2017 3890 2128 3952 est,
2160 3884 2263 3941 illa
2294 3884 2585 3957 potentior
2614 3886 2892 3957 operatio,
2927 3886 3151 3943 scilicet
3191 3887 3251 3945 in
3290 3889 3587 3960 justiﬁca-

1931 3974 2090 4029 tione
2120 3978 2178 4029 et
2206 3973 2557 4045 perfectione
2580 3974 2904 4045 justorum,
2938 3990 2966 4021 α
2998 3973 3307 4047 exaltetur,
3327 3994 3352 4020 η
3384 3976 3442 4032 id
3474 3981 3586 4049 est,

1931 4078 2120 4132 usque
2167 4061 2239 4116 ad
2290 4060 2503 4115 cmlum
2550 4062 2833 4131 perducat
2882 4079 2981 4117 eos
3016 4062 3303 4134 «justitia
3343 4067 3401 4120 et
3420 4064 3587 4136 judi-

1931 4150 2088 4205 cium
2124 4165 2136 4203 :
2172 4169 2199 4199 ι
2231 4148 2474 4216 scilicet,
2498 4165 2633 4204 cum
2679 4148 2947 4205 homines
2989 4150 3274 4206 videbunt
3319 4154 3378 4211 te
3419 4152 3585 4225 juste

148 4259 247 4299 eos
278 4242 382 4315 qui
413 4257 660 4307 veraces
693 4244 854 4312 sunt,
900 4244 1144 4313 apparet
1190 4243 1248 4296 te
1295 4254 1556 4295 veraccm
1605 4254 1754 4306 esse,
1787 4256 1822 4294 a
1920 4237 2211 4309 judicare,
2244 4236 2355 4292 erit
2386 4264 2408 4285 ‹‹
2440 4237 2786 4309 praeparatio
2820 4238 2977 4294 sedis
3024 4243 3159 4307 tuae,
3192 4258 3218 4284 ν
3249 4240 3390 4313 quia
3438 4244 3585 4309 tunc

152 4347 267 4405 quo
297 4334 470 4387 tanta
501 4327 730 4385 familia
757 4328 1063 4385 veritatem
1096 4327 1331 4399 recepit.

223 4418 372 4475 Vere
402 4435 468 4476 es
498 4422 726 4490 potens,
753 4416 892 4490 quia
913 4441 939 4466 «
965 4422 1028 4472 tu
1053 4415 1377 4472 dominaris
1399 4416 1676 4488 potestati
1703 4432 1821 4471 ma-

155 4506 257 4575 ris,
292 4511 527 4564 motum
562 4510 757 4562 autem
790 4506 1081 4562 fluctuum
1114 4505 1241 4574 eius
1281 4509 1345 4559 tu
1392 4503 1650 4578 mitigas,
1684 4528 1713 4554 »
1744 4506 1818 4562 ad

156 4594 460 4664 litteram;
490 4594 579 4651 vel
614 4594 697 4650 ita
741 4595 812 4650 ad
846 4593 1185 4666 allegoriam
1221 4609 1234 4648 :
1291 4617 1319 4643 ‹‹
1354 4593 1444 4649 Tu
1495 4593 1819 4649 dominaris

1929 4328 2284 4398 cognoscent
2314 4324 2373 4379 in
2405 4324 2624 4397 quibus
2646 4325 2751 4381 tibi
2783 4327 2982 4383 sedem
3013 4328 3373 4401 praeparasti.

2002 4413 2086 4467 lbi
2118 4412 2229 4468 erit
2251 4413 2487 4486 justitia
2516 4417 2573 4468 et
2602 4414 2920 4484 judicium,
2948 4416 3185 4473 interim
3209 4422 3406 4473 autem
3431 4437 3455 4461 α
3479 4417 3585 4474 mi-

1929 4502 2249 4558 sericordia
2276 4506 2335 4557 et
2363 4502 2600 4571 veritas,
2626 4521 2649 4546 ιν
2683 4502 2741 4558 id
2772 4507 2881 4571 est,
2914 4504 3185 4560 remissio
3206 4510 3579 4578 peccatorum

1928 4595 1986 4645 et
2010 4589 2126 4646 alia
2143 4591 2540 4663 beneﬁciaper
2561 4590 3024 4647 misericordiam
3047 4597 3105 4649 et
3126 4594 3578 4666 promissionem

156 4685 435 4758 potestati
468 4684 672 4749 maris,
704 4705 730 4731 »ι
763 4684 820 4737 id
851 4687 961 4749 est,
998 4683 1321 4755 potentiam
1369 4682 1549 4754 hujus
1596 4682 1815 4747 smculi,
1851 4703 1895 4767 ι)
1927 4680 2088 4750 data,
2122 4708 2145 4733 ‹‹
2180 4680 2511 4752 prmcedent
2540 4679 2746 4735 faciem
2778 4684 2940 4735 tuam
2963 4700 2987 4725 υ
3023 4685 3089 4736 ut
3117 4699 3221 4753 per
3249 4682 3371 4737 haec
3401 4683 3576 4741 bene-

157 4772 215 4830 in
248 4790 366 4847 quo
393 4772 620 4840 nullus,
656 4771 769 4828 nisi
809 4776 867 4827 te
917 4772 1314 4845 permittente,
1349 4775 1543 4845 potest
1592 4771 1818 4844 aliquid

155 4860 429 4936 mitigare
462 4885 490 4911 ‹‹
530 4866 761 4917 motum
794 4861 1083 4916 ﬂuctuum
1116 4861 1265 4931 ejus,
1302 4881 1328 4907 ››
1362 4858 1419 4914 id
1443 4864 1553 4925 est,
1587 4859 1821 4916 seditio-

153 4964 298 5007 num
331 4968 463 5023 qua:
492 4954 803 5006 moventur
826 4950 885 5004 in
918 4949 1168 5017 mundo;
1194 4972 1221 4998 ‹‹
1257 4953 1319 5003 tu
1345 4947 1603 5019 mitigas,
1631 4970 1659 5000 »
1685 4948 1821 5004 licet

160 5056 279 5096 non
311 5057 559 5113 prorsus
593 5040 846 5095 auferas.
882 5037 1191 5110 Reliquisti
1233 5036 1388 5094 enim
1436 5037 1657 5093 sanctis
1700 5037 1819 5092 tuis

160 5129 627 5202 persecutiones,
679 5129 749 5184 ad
801 5144 1003 5184 eorum
1054 5126 1478 5200 probationem.
1530 5126 1614 5181 Ad
1658 5126 1821 5182 litte-

161 5234 288 5273 ram
324 5236 337 5273 :
367 5217 643 5274 Christus
676 5234 835 5274 mare
865 5217 1176 5289 mitigavit,
1197 5216 1453 5288 quando,
1474 5231 1721 5288 surgens
1752 5215 1823 5269 de

161 5306 293 5362 navi
327 5306 388 5361 in
421 5323 543 5379 qua
572 5304 920 5371 dormiebat,
955 5303 1264 5377 imperavit
1289 5304 1478 5359 ventis
1499 5308 1557 5360 et
1589 5302 1757 5359 mari.

226 5416 256 5443 ‹‹
290 5395 380 5450 Tu
413 5393 765 5450 humiliasti.
801 5415 828 5443 »
865 5393 970 5449 Per
990 5393 1099 5449 hoc
1120 5392 1276 5447 enim
1298 5395 1541 5464 apparet
1560 5391 1821 5464 potentia

155 5484 278 5555 tua,
295 5481 476 5550 Deus,
499 5482 639 5555 quia
669 5487 732 5538 tu
764 5481 1090 5538 humiliasti
1123 5479 1448 5552 dejiciendo
1481 5480 1550 5535 de
1584 5479 1727 5535 emlo
1760 5479 1819 5534 in

155 5569 307 5637 hanc
338 5569 680 5628 inferiorem
712 5570 865 5628 aeris
897 5592 925 5621 ‹‹
956 5570 1297 5642 superbum,
1335 5590 1363 5617 ››
1395 5568 1451 5623 id
1486 5572 1594 5633 est,
1619 5566 1820 5623 diabo-

156 5655 303 5725 lum,
339 5660 442 5733 qui
472 5658 853 5733 singulariter
894 5659 1185 5731 superbus
1216 5662 1324 5724 est,
1360 5681 1387 5707 ‹‹
1423 5656 1577 5713 sicut
1617 5654 1819 5711 vulne-

159 5751 378 5805 ratum.
420 5772 446 5796 ››
478 5747 840 5805 Vulneratus
870 5749 981 5803 fuit
1011 5747 1301 5814 diabolus,
1337 5748 1569 5819 quando
1609 5744 1735 5801 luce
1767 5750 1824 5802 et

1927 4768 2060 4823 ﬁcia
2092 4768 2505 4840 praevenientia
2522 4772 2576 4823 te
2596 4768 2858 4823 futurum
2870 4769 3133 4841 judicem
3153 4769 3336 4843 aliqui
3361 4789 3579 4846 praepa-

1930 4863 2153 4926 rentur,
2168 4856 2267 4929 qui
2298 4875 2431 4912 cum
2465 4857 2665 4913 electis
2697 4858 2756 4913 in
2781 4858 3007 4930 judicio
3029 4859 3347 4926 salvantur,
3362 4864 3420 4916 et
3439 4860 3579 4933 quia

1931 4945 2336 5001 misericordia
2365 4950 2422 5001 et
2452 4946 2666 5002 veritas
2708 4948 3053 5019 prmcedent,
3087 4948 3216 5004 ideo
3249 4969 3272 4993 α
3306 4949 3515 5006 beatus
3549 4974 3572 5002 ι

1930 5040 2022 5092 est
2054 5063 2076 5086 «
2111 5034 2363 5107 populus
2394 5034 2494 5107 qui
2542 5036 2653 5090 scit
2682 5052 2707 5081 υ
2741 5037 2892 5092 hanc
2943 5056 2966 5079 α
2990 5036 3428 5108 jubilationem,
3463 5060 3487 5085 ι»
3517 5038 3576 5094 id

1931 5129 2041 5191 est,
2076 5124 2175 5196 qui
2209 5122 2500 5179 inelfabile
2530 5125 2814 5196 gaudium
2843 5124 2944 5180 Dei
2984 5111 3258 5197 concipit,
3291 5126 3374 5182 ita
3420 5128 3578 5199 quod

1932 5213 2041 5269 hoc
2072 5212 2249 5268 faciat
2279 5212 2655 5281 conscientia,
2698 5214 2921 5269 scilicet
2970 5214 3203 5270 laudem
3247 5214 3360 5271 sibi
3406 5217 3580 5272 attri-

1929 5302 2141 5367 buens,
2176 5306 2233 5357 et
2264 5301 2610 5357 rationabile
2641 5302 2990 5375 obsequium
3020 5304 3168 5359 bene
3216 5304 3576 5363 discernens.

2002 5392 2155 5447 Bene
2185 5391 2315 5445 dico
2344 5392 2573 5460 beatus,
2609 5392 2769 5462 quia,
2799 5410 2832 5447 ο
2864 5412 2888 5436 ‹‹
2921 5392 3187 5463 Domine,
3221 5412 3245 5436 »
3276 5392 3362 5449 illi
3396 5413 3419 5438 α
3452 5411 3578 5451 am-

1931 5478 2222 5535 bulabunt
2251 5478 2309 5532 in
2341 5478 2565 5533 lumine
2596 5479 2680 5537 tui
2711 5479 2926 5545 vultus,
2960 5500 2987 5528 n
3020 5480 3076 5535 id
3105 5484 3215 5549 est,
3247 5482 3580 5555 cognitione

1932 5567 2063 5624 Filii
2094 5567 2202 5631 tui,
2233 5567 2331 5639 qui
2351 5572 2491 5622 tuus
2518 5567 2734 5622 dicitur
2761 5568 3134 5641 vultus,quia
3162 5587 3265 5642 per
3293 5588 3428 5627 eum
3453 5571 3581 5646 ipse

1931 5655 2362 5727 cognosceris.«
2395 5656 2464 5709 Et
2494 5656 2872 5713 exsultabunt
2897 5661 3016 5713 tota
3047 5658 3201 5725 die,»
3222 5659 3280 5713 id
3315 5662 3581 5728 est,assi-

1933 5746 2067 5815 due,
2087 5749 2145 5799 et
2178 5764 2200 5787 α
2234 5744 2290 5798 in
2327 5744 2560 5801 nomine
2595 5752 2692 5801 tuo
2728 5765 2750 5788 »
2784 5745 3258 5819 gloriﬁcando,et
3283 5767 3307 5791 ν»
3342 5750 3579 5808 tandem
