3936 6378
382 483 500 545 499

807 446 1217 544 ΗΑῨΜΟΝΙΒ
1249 483 1350 542 HA
1366 481 1791 542 LBERSTA'I‘.
1824 477 2070 539 EPISG.
2104 478 2275 539 OPP.
2307 477 2512 538 PARS
2539 477 2586 538 Ι.
2623 512 2700 522 -—
2730 477 3139 539 COMMENT.
3180 476 3374 537 BlBL.

3677 475 3792 535 500

385 620 416 666 ὁ(
443 613 860 670 exaltabuntur
887 612 947 668 in
971 612 1210 685 justitia
1238 617 1361 682 tua,
1377 641 1401 666 ιι
1427 613 1662 687 quando
1683 611 2038 668 obtinebunt
2067 610 2121 678 Α
2220 611 2291 666 Et
2319 627 2422 684 per
2445 610 2568 667 hazc
2599 609 2799 667 omnia
2829 637 2852 660 «ι
2887 608 3192 666 concidam
3217 607 3488 665 inimicos
3517 608 3697 681 ejus,»
3732 612 3793 665 ut

382 719 628 775 regnum
661 701 893 758 emleste
923 719 1026 774 per
1045 701 1346 774 justitiam
1379 719 1558 774 quam
1588 707 1652 758 tu
1683 701 1770 758 eis
1799 699 2032 757 dedisti.

453 791 588 847 Ideo
617 790 1052 856 exaltahuntur,
1087 814 1110 838 «
1151 791 1432 863 quoniam
1465 796 1527 846 tu
1561 807 1624 847 es
1648 790 1836 864 gioria
1861 790 2038 846 virtu-

379 879 457 936 tis
487 895 714 951 eorum,
749 899 774 925 ‹‹
806 879 865 934 id
897 882 1006 946 est,
1051 879 1178 946 tibi,
1213 897 1332 935 non
1370 879 1505 946 sibi,
1537 880 1814 934 virtutem
1867 897 2036 936 suam

381 967 738 1036 attribuunt,
767 971 826 1024 et
855 972 934 1034 te,
969 985 1086 1024 non
1131 985 1214 1037 se,
1247 973 1522 1041 reputant
1567 969 1889 1042 gloriosum
1925 987 1938 1024 :
1981 973 2040 1024 et

381 1055 523 1127 quia
550 1054 648 1112 ille
679 1055 779 1130 qui
812 1055 1076 1129 loquitur
1103 1056 1380 1130 intelligit
1411 1075 1472 1113 se
1506 1058 1577 1113 de
1629 1075 1873 1114 numero
1904 1057 2037 1112 illo-

382 1160 538 1212 rum,
571 1145 738 1218 ponit
767 1163 830 1202 se
860 1145 1015 1202 inter
1043 1163 1142 1202 eos
1173 1145 1258 1202 sic
1289 1145 1525 1202 dicens:
1559 1147 1631 1202 Et
1661 1147 1787 1202 ideo
1813 1166 1834 1190 α
1859 1163 2038 1202 cornu

385 1236 678 1301 nostrum,
710 1252 736 1279 ιι
771 1234 828 1290 id
862 1238 973 1300 est,
1007 1233 1290 1290 fortitudo
1317 1239 1520 1290 nostra
1551 1253 1573 1274 «ι
1607 1234 1980 1295 exaltabitur,
2012 1257 2039 1284 »

384 1322 444 1378 id
476 1325 586 1389 est,
619 1325 914 1379 excrescet
944 1341 968 1365 α
999 1323 1060 1378 in
1091 1322 1458 1396 beneplaeiio
1488 1327 1609 1388 tuo,
1644 1344 1667 1366 ιι
1703 1323 1759 1378 id
1793 1327 1904 1389 est,
1939 1341 2042 1396 per

387 1410 600 1468 Filium
630 1416 823 1477 tuum,
856 1412 915 1467 in
943 1427 1060 1484 quo
1090 1411 1196 1468 tibi
1246 1413 1393 1468 bene
1430 1413 1786 1485 complacuit
1831 1412 2036 1481 (Matth.

385 1502 492 1569 ιιι).

457 1590 648 1646 Cornu
679 1589 809 1646 dico
855 1589 1228 1656 exaltabitur,
1263 1590 1402 1663 quia
1451 1591 1720 1647 Christus
1777 1596 2044 1647 assumet

387 1683 651 1735 nostram
690 1677 1144 1746 humanitatem,
1177 1695 1280 1752 per
1329 1697 1507 1752 quam
1559 1683 1762 1736 nostra
1810 1697 2043 1752 quoque

386 1765 738 1824 exaltabitur
767 1766 1138 1835 humanitas;
1171 1771 1230 1824 et
1258 1767 1367 1824 hoc
1397 1771 1488 1824 est
1519 1785 1530 1823 :
1565 1782 1593 1814 α
1623 1769 1762 1841 quia
1807 1768 2040 1824 Domini

386 1858 478 1911 est
507 1854 836 1928 assumptio
880 1859 1102 1922 nostra,
1133 1875 1156 1902 ιι
1192 1855 1251 1911 id
1305 1860 1414 1920 est,
1452 1857 1733 1912 Dominus
1777 1861 2046 1913 assumet

387 1959 625 2000 carnem
653 1947 920 2004 nostram
951 1961 964 2000 :
999 1949 1057 2000 et
1087 1945 1260 2016 cujus
1291 1943 1526 2001 Domini
1558 1945 1927 2017 peterminat,
1953 1945 2042 2000 di-

385 2049 526 2090 cens
559 2050 573 2090 :
611 2051 636 2078 «
666 2037 725 2090 et
755 2033 946 2090 sancti
980 2032 1180 2098 Israel,
1212 2061 1240 2092 ιι
1273 2033 1332 2088 id
1363 2037 1472 2099 est,
1505 2033 1668 2090 illius
1699 2033 1800 2106 qui
1832 2034 2042 2090 sancti-

387 2122 525 2178 ﬁcat
554 2121 752 2190 Israel,
784 2121 896 2179 hoc
925 2125 1036 2191 est,
1069 2121 1304 2191 Christi,
1341 2121 1466 2179 sine
1488 2137 1604 2196 quo
1636 2121 1834 2180 nullus
1865 2141 2042 2180 sanc-

383 2209 644 2268 tificatus
689 2211 888 2277 fuerit,
943 2209 1168 2268 scilicet
1217 2227 1242 2254 (ι
1293 2211 1448 2285 regis
1499 2210 1707 2279 nostri,
1740 2239 1764 2265 ιι
1816 2213 1876 2268 id
1929 2217 2038 2280 est,

386 2296 579 2372 ipsius
609 2299 845 2369 Christi,
879 2299 980 2374 qui
1013 2316 1120 2356 nos
1148 2298 1208 2355 in
1233 2299 1470 2372 justitia
1501 2299 1670 2374 regit.

461 2410 486 2434 κ
517 2389 684 2444 Tunc
713 2385 967 2446 locutus.
1002 2415 1026 2440 ιι
1059 2387 1200 2444 Pars
1230 2386 1420 2444 tertia.
1445 2389 1759 2462 Postquam
1785 2391 2042 2447 ostendit

387 2475 716 2551 potentiam
749 2476 900 2544 Filii,
930 2476 1190 2541 ostendit
1217 2475 1636 2550 promissiones
1663 2479 1844 2534 factas
1875 2478 2038 2548 Filio,

387 2582 494 2640 per
521 2582 671 2638 quas
701 2565 1121 2639 comprobatur
1160 2565 1423 2638 potentia
1470 2567 1811 2638 supradicta
1853 2567 2042 2640 ipsius

390 2653 542 2712 Filii.
593 2652 967 2711 Continuatio
1002 2670 1015 2711 :
1059 2655 1148 2710 Tu
1199 2653 1418 2720 dixisti,
1453 2653 1855 2712 misericordia
1897 2655 2040 2712 mihi

392 2742 780 2800 aediﬁcabitur
825 2743 887 2800 in
937 2741 1120 2811 caelis,
1171 2746 1228 2800 et
1275 2760 1392 2799 non
1443 2747 1608 2800 notat
1654 2749 1908 2818 tempus,
1939 2745 2040 2802 sed

392 2855 414 2884 ι
451 2836 614 2900 tunc,
648 2851 674 2878 ιι
705 2828 765 2888 id
797 2833 904 2900 est,
939 2831 1232 2900 similiter,
1279 2833 1452 2890 sicuti
1493 2837 1551 2890 et
1580 2832 1723 2890 mihi
1759 2850 1782 2876 ιι
1810 2833 2042 2892 locutus

385 2938 450 2979 es
481 2942 506 2968 ιι
539 2920 673 2979 aliis
701 2921 970 2978 «sanctis
999 2921 1119 2979 tuis
1146 2921 1208 2978 in
1237 2921 1519 2990 visione,»
1556 2923 1614 2978 id
1646 2927 1754 2990 est,
1769 2923 1828 2979 in
1847 2922 2044 2996 aliqua

385 3009 680 3087 spirituali
715 3008 1085 3079 revelatione,
1120 3037 1144 3062 «
1177 3009 1394 3078 dixisti,
1424 3032 1448 3056 ιι
1482 3012 1540 3068 id
1571 3015 1680 3078 est,
1711 3029 1815 3084 per
1857 3013 2042 3086 inspi-

385 3102 673 3159 rationem
703 3100 789 3157 eis
823 3099 1126 3170 revelasti;
1163 3101 1274 3158 hoc
1304 3100 1528 3158 scilicet
1559 3117 1572 3156 :
1607 3128 1635 3160 «ι
1667 3101 1837 3158 Posui
1873 3103 2041 3176 adju-

383 3191 602 3249 torium
633 3205 831 3247 meum
861 3187 921 3244 in
953 3193 1210 3268 potente,
1225 3213 1248 3237 »
1266 3189 1326 3246 id
1358 3189 1524 3246 estin
1549 3189 1905 3262 Filio,quem
1923 3190 2044 3248 tuis

386 3279 665 3338 fidelibus
697 3278 1027 3352 adjutorem
1057 3277 1442 3348 constituisti,
1467 3299 1492 3325 ιι
1521 3281 1578 3334 et
1605 3302 1629 3328 ιι
1665 3279 1862 3352 ipsum
1890 3309 1914 3335 ιι
1935 3279 2047 3337 ele-

2147 698 2244 771 qui
2271 699 2434 771 prius
2457 705 2624 756 erant
2656 698 2900 766 inimici,
2923 698 3042 754 sint
3071 697 3292 754 concisi
3321 701 3380 754 et
3407 697 3686 754 destructi
3721 700 3790 756 ab

2145 787 2474 856 inimicitia,
2506 789 2711 844 ethoc
2762 807 2785 832 «
2818 805 2852 844 a
2901 788 3046 844 facie
3103 785 3312 860 ipsius,
3348 817 3372 841 ιι
3429 786 3486 842 id
3538 791 3646 860 est,
3698 805 3795 861 per

2147 877 2540 950 cognitionem
2563 877 2752 950 ipsius
2771 895 2784 946 ;
2803 875 3348 948 italoquitur,quasi
3362 877 3433 932 de
3462 875 3656 949 aliquo
3689 877 3794 932 im-

2149 969 2415 1038 peratore
2454 983 2489 1020 a
2537 967 2710 1038 cujus
2766 965 2912 1021 faeie
2972 964 3198 1020 inimici
3255 964 3653 1038 dissipantur;
3688 971 3796 1022 «et

2149 1057 2411 1112 odientes
2429 1074 2562 1112 eum
2586 1056 2646 1111 in
2671 1057 2868 1128 fugam
2899 1059 3254 1123 convertam,
3275 1073 3302 1106 ιι
3336 1055 3393 1111 id
3425 1060 3532 1121 est,
3565 1061 3631 1112 ut
3660 1056 3797 1112 vitia

2149 1161 2276 1218 qua:
2309 1145 2470 1218 prius
2501 1145 3008 1219 amplectebantur
3019 1145 3148 1218 jam
3183 1143 3495 1220 fugiant,et
3509 1145 3619 1218 ipsi
3644 1144 3798 1202 Chri-

2150 1240 2308 1291 stum
2341 1241 2684 1308 sequantur.

2221 1325 2290 1378 Et
2319 1323 2529 1379 veritas
2575 1340 2723 1387 mea,
2759 1329 2816 1378 et
2858 1321 3264 1378 misericordia
3321 1340 3451 1378 mea
3506 1322 3614 1379 erit
3667 1339 3796 1378 cum

2150 1413 2300 1484 ipso,
2335 1441 2358 1463 «
2389 1412 2530 1484 quia
2576 1413 2634 1467 in
2689 1413 2815 1485 ipso
2845 1417 2904 1468 et
2951 1411 3368 1468 misericordia:
3399 1412 3717 1478 dabuntur,
3747 1415 3799 1468 et

2151 1501 2570 1573 promissiones
2601 1501 2700 1558 Dei
2734 1519 2940 1558 omnes
2970 1500 3448 1574 complebantur,
3479 1519 3506 1550 σ
3537 1505 3595 1558 et
3622 1519 3799 1558 cornu

2151 1591 2342 1662 ejus,»
2371 1591 2428 1644 id
2460 1595 2570 1656 est,
2587 1591 2866 1646 fortitudo
2898 1589 3216 1658 Christi,et
3242 1588 3640 1660 sublimitas,«
3659 1590 3802 1647 exal-

2151 1679 2397 1746 tabitur,
2432 1699 2455 1724 ιι
2511 1679 2568 1735 id
2621 1685 2732 1751 est,
2767 1683 2991 1736 crescet
3037 1695 3272 1752 semper
3319 1678 3378 1735 in
3431 1679 3663 1752 majus:
3695 1679 3802 1747 vel,

2153 1791 2180 1818 ‹‹
2213 1768 2583 1824 exaltabitur.
2620 1800 2644 1824 ιι
2679 1767 2737 1824 id
2787 1771 2896 1836 est,
2949 1767 3428 1824 manifestabitur
3469 1785 3572 1841 per
3617 1772 3803 1825 totum

2153 1857 2467 1923 mundum,
2503 1862 2562 1913 et
2591 1857 2700 1914 hoc
2735 1881 2758 1906 «
2791 1857 2850 1912 in
2881 1856 3119 1914 nomine
3150 1873 3279 1913 meo
3311 1877 3336 1902 ιι
3368 1856 3730 1930 ampliando.

2228 1972 2250 1996 α
2284 1947 2354 2002 Et
2385 1964 2623 2020 ponam.
2647 1969 2673 2000 ιι
2695 1946 2836 2002 Alia:
2858 1944 3280 2018 promissiones
3301 1945 3402 2003 Dei
3425 1947 3498 2004 de
3521 1945 3666 2004 Filio
3678 1964 3801 2004 suo.

2149 2033 2342 2090 Cornu
2374 2037 2504 2107 ejus
2527 2035 2898 2102 excitabitur,
2925 2064 2948 2088 «ι
2972 2038 3030 2090 et
3051 2054 3074 2079 ιι
3100 2033 3341 2106 insuper
3361 2053 3384 2078 «ι
3409 2051 3680 2103 manum,
3703 2055 3729 2079 ιι
3750 2034 3802 2092 id

2149 2127 2259 2191 est,
2290 2123 2690 2196 operationem
2725 2142 2748 2166 ιι
2781 2123 2908 2194 ejus
2931 2137 3145 2195 ponam
3175 2120 3233 2176 in
3268 2121 3480 2188 mari,»
3508 2121 3568 2178 id
3601 2128 3720 2196 est,
3750 2123 3800 2179 in

2151 2212 2614 2270 amaricantibus
2633 2211 2911 2268 fluctibus
2927 2210 3113 2281 hujus
3129 2209 3350 2277 saeculi,
3364 2213 3430 2266 ut
3445 2227 3799 2283 permanum

2151 2297 2342 2374 ipsius
2373 2302 2788 2357 convertantur
2815 2296 2913 2356 isti
2944 2314 2978 2354 a
3009 2315 3119 2355 sua
3148 2299 3566 2370 amaritudine,
3604 2319 3632 2345 σι
3661 2306 3720 2358 et
3747 2302 3800 2357 in

2151 2389 2518 2457 fluminibus,
2537 2419 2562 2445 ιι
2598 2388 2655 2444 id
2687 2391 2797 2456 est,
2812 2388 2874 2443 in
2903 2387 3074 2461 aquis
3095 2386 3375 2460 baptismi
3394 2403 3608 2462 ponam
3631 2412 3654 2438 α
3680 2391 3804 2447 dex-

2149 2479 2336 2533 teram
2363 2478 2512 2550 ejus,
2534 2496 2558 2521 ιι
2593 2475 2651 2530 id
2684 2479 2794 2544 est,
2813 2475 3271 2548 propitationem
3302 2475 3514 2550 ipsius,
3541 2481 3598 2534 et
3615 2478 3801 2551 potio-

2150 2582 2272 2621 rem
2305 2565 2726 2638 operationem,
2759 2563 2899 2637 quia
2930 2563 3012 2620 ibi
3053 2563 3253 2620 omnia
3301 2569 3540 2640 peccata
3585 2568 3799 2624 condo-

2150 2656 2388 2710 nantur.
2427 2652 2554 2720 Vel,
2588 2653 2646 2710 in
2697 2653 3067 2720 fluminibus,
3099 2652 3159 2709 id
3199 2657 3291 2710 est
3320 2653 3381 2711 in
3413 2653 3798 2729 principibus,

2151 2758 2403 2818 quorum
2425 2760 2568 2800 cura
2582 2741 2712 2800 ﬂuit
2729 2743 2788 2799 in
2802 2741 3087 2816 pepulum
3102 2739 3256 2799 sicut
3277 2741 3524 2801 flumina
3541 2743 3600 2802 in
3621 2761 3796 2812 mare,

2151 2831 2397 2899 scilicet,
2433 2849 2546 2888 non
2582 2833 2814 2889 tantum
2848 2833 3146 2888 convertet
3173 2830 3430 2906 Operatio
3452 2832 3665 2890 Christi
3695 2834 3798 2892 mi-

2151 2938 2324 2978 nores
2352 2921 2536 2994 hujus
2553 2919 2782 2988 mundi,
2803 2920 2903 2976 sed
2919 2919 3096 2976 etiam
3119 2917 3348 2993 aliquos
3366 2920 3437 2978 de
3457 2923 3795 2996 majoribus.

2227 3009 2356 3084 Ipse
2385 3009 2690 3066 invocavit.
2707 3011 2778 3065 Et
2808 3007 3016 3065 merito
3049 3008 3134 3065 sic
3156 3007 3442 3077 exaltabo,
3464 3014 3522 3068 et
3549 3012 3798 3086 ampliﬁ-

2151 3100 2296 3156 eabo
2320 3099 2799 3172 Christum,quia
2829 3117 2853 3140 α
2886 3097 3176 3154 invocavit
3207 3115 3300 3154 me
3331 3123 3354 3149 ιι
3389 3099 3617 3156 dicens:
3649 3101 3795 3158 «Pa-

2151 3191 2241 3245 ter
2271 3207 2437 3245 meus
2469 3205 2530 3245 es
2561 3191 2646 3256 tu,
2679 3188 2834 3245 Deus
2867 3204 3054 3254 meus,
3089 3212 3114 3237 ιι
3146 3187 3203 3244 id
3235 3191 3342 3256 est,
3369 3191 3593 3246 creator
3634 3206 3794 3246 meus

2152 3279 2479 3336 secundum
2516 3276 2968 3344 humanitatem,
3003 3297 3028 3322 «
3077 3279 3138 3332 et
3183 3281 3490 3349 susceptor
3533 3301 3559 3328 ιι
3611 3295 3792 3346 meus,

387 3373 550 3426 ctum
581 3369 652 3424 de
675 3351 844 3438 plebe
874 3381 1024 3433 mea,
1055 3392 1084 3424 ιι
1106 3365 1246 3437 quia
1275 3365 1429 3424 inter
1449 3383 1654 3423 omnes
1675 3367 1822 3424 alios
1841 3368 2040 3424 fideles
2071 3351 2115 3418 C
2153 3366 2294 3439 quia
2325 3384 2464 3422 mea:
2495 3365 2850 3422 humanitati
2879 3364 3136 3422 Verbum
3166 3363 3427 3432 univisti,
3462 3369 3520 3422 et
3541 3383 3646 3438 per
3693 3367 3794 3423 hoc

387 3458 516 3530 ipse
545 3455 758 3512 melior
785 3453 918 3524 fuit,
952 3455 1094 3526 quia
1120 3454 1180 3509 in
1212 3471 1279 3510 eo
1315 3459 1616 3526 peccatum
1649 3457 1890 3513 omnino
1925 3475 2041 3514 non

387 3545 521 3611 fuit,
557 3567 578 3594 ε
613 3541 880 3610 exaltavi,
913 3563 938 3588 ιι
966 3542 1024 3598 id
1055 3545 1164 3609 est,
1185 3541 1450 3599 exaltabo
1495 3543 1566 3600 de
1603 3544 1816 3601 virtute
1847 3545 1906 3600 in
1937 3545 2044 3601 vir-

385 3637 595 3702 tutem,
628 3635 686 3688 et
713 3647 903 3704 usque
934 3631 1005 3686 ad
1038 3631 1331 3686 dexteram
1353 3647 1545 3688 meam
1577 3633 1968 3705 perducendo.

465 3721 584 3779 Hoc
623 3719 868 3776 dixisti:
907 3719 1158 3775 «inveni
1217 3719 1418 3786 David,
1477 3720 1536 3776 id
1595 3725 1686 3776 est
1741 3721 2040 3780 Christum

385 3812 608 3886 ipsum,
645 3827 669 3854 ει
702 3825 936 3866 servum
967 3825 1166 3865 meum
1199 3839 1224 3865 ιι
1255 3808 1509 3880 ﬁdelem,
1529 3809 1630 3883 qui
1661 3810 1720 3866 in
1755 3811 1916 3869 nullo
1947 3829 2042 3869 me

385 3900 642 3959 offendet
672 3914 686 3955 :
719 3902 778 3956 et
807 3917 832 3944 «ε
863 3913 1000 3954 eum
1033 3917 1058 3944 ιι
1103 3897 1408 3955 inventum
1469 3916 1494 3942 α
1528 3899 1666 3956 unxi
1726 3900 1852 3957 oleo
1910 3919 2040 3959 meo

389 3993 616 4056 sancto,
651 4007 676 4034 ιι
701 3988 760 4045 id
791 3991 900 4056 est,
934 3986 1158 4062 Spiritu
1187 3991 1414 4045 sancto.

451 4079 599 4136 Vere
618 4077 760 4134 unxi
791 4075 939 4145 oleo,
959 4077 1115 4150 quod
1137 4081 1380 4150 apparet
1409 4093 1513 4150 per
1541 4077 1700 4134 hunc
1727 4079 1996 4136 effectum
2022 4106 2037 4151 ;

383 4193 413 4220 κ
439 4183 656 4224 manus
687 4166 845 4223 enim
877 4182 1062 4233 mea,»
1094 4165 1155 4221 id
1185 4170 1276 4222 est
1303 4183 1481 4239 opera
1508 4183 1659 4236 mea,
1685 4196 1708 4223 ιι
1730 4167 2037 4225 auxiliabi-

380 4263 480 4316 tur
508 4257 559 4315 ei
584 4281 608 4307 ιι
641 4257 714 4312 ad
744 4243 1130 4328 operandum,
1163 4277 1187 4328 ιε
1221 4259 1278 4312 et
1305 4255 1612 4311 brachium
1674 4273 1894 4324 meum,
1927 4283 1952 4308 ιι
1978 4259 2036 4314 id

381 4345 765 4415 est,Verbum
797 4343 909 4416 ipsi
939 4343 1296 4400 humanitati
1330 4344 1586 4411 unitum,
1618 4373 1642 4397 ‹‹
1669 4347 2042 4404 confirmabit

381 4454 540 4504 eum,
571 4453 600 4485 ιι
631 4437 700 4491 ut
741 4431 890 4489 nulli
949 4431 1342 4506 persecutioni
1396 4435 1584 4502 cedat,
1619 4433 1718 4490 sed
1752 4435 1946 4507 potius
1977 4436 2037 4492 in

380 4527 596 4584 virtute
626 4526 872 4580 crescat.
1199 4597 1202 4600 Α

450 4615 589 4671 Αιίω
623 4611 1044 4686 promissiones
1102 4611 1200 4667 Dei
1261 4611 1333 4667 de
1393 4609 1536 4667 Filio
1567 4629 1696 4677 suo,
1729 4612 2033 4670 brachium

2151 3472 2332 3512 causa
2365 3477 2388 3501 α
2422 3454 2633 3511 salutis
2662 3472 2826 3521 metr,
2858 3481 2886 3513 ιι
2918 3453 3143 3510 scilicet
3179 3453 3572 3512 immanitatis
3605 3473 3640 3513 a
3669 3473 3792 3530 pec-

2151 3549 2303 3610 cato,
2330 3542 2804 3608 resurrectionis,
2841 3559 2907 3598 ac
2938 3542 3120 3598 totius
3141 3541 3408 3614 justitia.

2225 3634 2356 3705 Ipse
2401 3633 2486 3688 sic
2535 3631 2842 3698 invocavit,
2877 3661 2902 3686 ιι
2933 3636 2992 3688 et
3039 3649 3144 3705 ego
3195 3629 3656 3706 Primogenitum
3698 3651 3792 3708 po-

2151 3723 2366 3787 nam,'n
2402 3720 2459 3776 id
2489 3723 2598 3786 est,
2623 3723 2756 3776 ante
2787 3737 2992 3776 omnes
3023 3719 3168 3778 alios
3199 3721 3271 3776 ad
3301 3721 3792 3780 immortalitatem

2149 3810 2604 3877 resuscitabo,et
2633 3826 2847 3892 ponam
2881 3839 2904 3864 ι(
2938 3809 3106 3866 illum
3135 3809 3440 3867 Excelsum
3472 3829 3497 3856 ιι
3529 3811 3792 3869 donando

2149 3899 2223 3954 ad
2273 3897 2722 3968 confessionem,
2758 3927 2782 3952 α
2815 3915 2931 3973 pra:
2981 3898 3218 3972 regibus
3265 3901 3430 3954 terra:
3457 3919 3482 3944 ιι
3532 3900 3606 3956 ad
3651 3898 3789 3956 litte-

2149 4005 2298 4055 ram,
2329 3987 2417 4044 vel
2449 3986 2814 4062 allegoriam.

2219 4077 2290 4134 Et
2317 4093 2432 4134 non
2465 4081 2695 4133 tantum
2725 4075 2955 4134 Christo
2987 4077 3311 4134 secundum
3342 4077 3639 4151 propriam
3669 4095 3787 4152 per-

2149 4184 2355 4224 sonam
2388 4167 2593 4222 faciem
2627 4165 2757 4231 hoc,
2791 4166 2891 4222 sed
2926 4182 2949 4206 «
2975 4165 3218 4222 servabo
3248 4164 3333 4221 illi
3363 4195 3386 4220 »
3417 4165 3476 4222 in
3499 4166 3627 4225 suis
3648 4197 3672 4224 ιι
3695 4167 3788 4223 mi-

2148 4256 2528 4312 sericordiam
2577 4271 2792 4323 meam,
2840 4282 2865 4305 ιι
2914 4255 3135 4312 ducens
3183 4271 3284 4312 eos
3332 4271 3436 4328 per
3477 4255 3786 4313 misericor-

2147 4345 2328 4412 diam,
2365 4374 2387 4396 ιι
2419 4345 2480 4400 in
2512 4348 2816 4422 (sternam,
2852 4349 2907 4400 et
2957 4348 3377 4401 testamentum
3426 4360 3646 4413 meum,
3679 4367 3702 4393 ιι
3733 4344 3782 4402 id

2147 4439 2256 4500 est,
2316 4439 2556 4508 pactum
2607 4450 2826 4502 meum,
2882 4438 2940 4490 et
2995 4433 3416 4506 promissiones
3475 4451 3638 4502 meae,
3686 4435 3785 4492 erit

2147 4547 2175 4575 ‹‹
2210 4523 2380 4579 ﬁdele
2423 4521 2558 4598 ipsi,
2587 4547 2614 4578 ιι
2659 4521 3005 4595 complenda
3048 4520 3108 4578 in
3157 4520 3283 4578 suis
3327 4523 3482 4595 quod
3532 4523 3603 4580 de
3648 4523 3784 4598 ipsis

2147 4597 2506 4686 promissum
2537 4616 2644 4668 est.

379 4709 550 4760 tuum
583 4699 958 4760 confirmabit
986 4717 1148 4769 eum,
1180 4703 1238 4756 et
1265 4699 1394 4756 ideo
1424 4721 1448 4745 «ι
1480 4699 1810 4770 inimicus,»
1837 4703 1892 4756 id
1925 4707 2034 4770 est,
2065 4723 2113 4788 D
2217 4701 2378 4770 Dico,
2413 4720 2437 4744 «ι
2470 4701 2713 4757 servabo
2759 4699 2843 4756 illi
2895 4698 3379 4769 misericordiam,
3412 4716 3440 4748 τι
3491 4718 3515 4742 ει
3545 4704 3604 4757 et
3635 4728 3658 4751 ιι
3691 4717 3783 4774 per

380 4790 676 4860 diabolus,
707 4811 731 4834 τι
753 4789 905 4846 nihil
963 4790 1229 4862 proficiet
1285 4788 1345 4844 in
1397 4805 1465 4845 eo
1500 4810 1522 4834 ιι
1559 4793 1622 4845 ut
1661 4807 1798 4846 cum
1853 4795 2038 4848 tentet
2145 4791 2299 4847 hanc
2331 4789 2795 4846 misericordiam
2829 4814 2854 4844 α
2878 4805 3092 4862 ponam
3127 4805 3324 4845 semen
3357 4789 3505 4862 ejus,
3535 4807 3560 4833 ιι
3595 4789 3653 4845 id
3680 4794 3778 4853 est,

377 4897 538 4948 eum,
571 4878 748 4936 faciat
774 4895 910 4934 eum
941 4895 1060 4934 suae
1092 4876 1460 4950 persuasioni
1505 4878 1838 4935 consentire
1871 4897 1882 4936 :
1921 4898 1948 4929 ‹‹
1977 4885 2038 4936 et

379 4971 541 5027 filius
570 4966 925 5040 iniquitatis,
961 4997 986 5021 ιι
1019 4966 1076 5022 id
1108 4970 1218 5038 est,
1251 4965 1379 5038 ipse
1405 4966 1696 5035 diabolus,
1730 4967 1830 5040 qui
1855 4986 2032 5042 appo-

378 5059 498 5116 suit
527 5062 594 5114 ut
622 5061 893 5124 tentaret,
927 5081 952 5106 ‹ι
983 5074 1100 5112 non
1160 5059 1412 5130 apponet
1469 5073 1676 5113 nocere
1725 5073 1882 5124 eum,
1917 5079 1942 5099 ιι
1973 5059 2031 5115 id

377 5152 487 5218 est,
522 5151 589 5202 ut
646 5145 822 5202 faciat
868 5161 1003 5200 eum
1063 5149 1391 5212 nocentem,
1425 5144 1646 5200 scilicet
1676 5150 1742 5201 ut
1785 5147 2032 5204 tentatio

377 5236 569 5308 ipsius
600 5233 657 5290 in
690 5233 923 5292 Christo
955 5234 1226 5290 effectum
1259 5233 1500 5300 habeat;
1534 5233 1620 5288 vel
1651 5233 1840 5302 aliter,
1874 5235 2031 5290 filius

378 5323 836 5398 iniquitatis,qui
857 5321 1039 5378 voluit
1055 5338 1262 5377 nocere
1282 5321 1533 5389 Christo,
1561 5321 1878 5394 aliquando
1912 5342 2029 5381 non

375 5417 634 5488 apponet
662 5429 796 5468 cum
827 5410 960 5468 aliis
988 5411 1413 5467 tentationibus
1431 5428 1579 5483 quas
1595 5411 1644 5466 ei
1661 5411 1891 5478 fecerat,
1920 5431 2028 5469 no-

374 5517 503 5558 cere
533 5518 692 5566 eum,
725 5500 782 5555 id
816 5503 926 5570 est,
960 5517 1064 5554 nec
1097 5500 1338 5556 audebit
1380 5504 1602 5556 tentare
1659 5519 1816 5570 eum,
1849 5501 2026 5558 veluti

372 5595 507 5657 post
537 5587 1022 5643 resurrectionem
1069 5605 1430 5658 cognoscens
1479 5606 1614 5643 eum
1647 5607 1778 5646 vere
1811 5591 2025 5646 Filium

373 5672 498 5741 Dei,
533 5672 696 5728 nullo
729 5674 902 5728 modo
935 5691 1115 5730 ausus
1147 5677 1254 5730 fuit.
1286 5693 1637 5749 prznsumere
1669 5683 1729 5732 ut
1778 5682 2028 5734 tentaret

377 5773 534 5811 eum.

2145 4879 2468 4936 imitatores
2502 4878 2710 4952 ipsius,
2744 4879 3130 4951 perdurantes
3160 4877 3220 4932 in
3241 4877 3522 4935 saeculum
3554 4876 3777 4934 saeculi:

2145 4993 2173 5019 «
2211 4973 2268 5025 et
2301 4968 2579 5026 thronum
2628 4969 2778 5040 ejus,
2816 4989 2840 5014 ιι
2873 4965 2931 5022 id
2979 4971 3088 5034 est,
3125 4983 3371 5040 regnum
3419 4965 3624 5040 ipsius,
3658 4964 3779 5021 illos

2145 5057 2367 5114 scilicet
2397 5058 2454 5112 in
2489 5057 2707 5129 quibus
2730 5056 3010 5128 judicans
3055 5055 3301 5121 sedebit,
3334 5072 3547 5128 ponam
3581 5083 3606 5108 ιι
3635 5055 3778 5111 sicut

2143 5145 2268 5202 dies
2299 5145 2448 5212 coeli,
2483 5168 2507 5192 τι
2537 5145 2594 5200 id
2627 5149 2734 5211 est,
2765 5143 3147 5216 clarissimos,
3181 5147 3382 5217 utpote
3431 5141 3775 5200 immortales

2140 5239 2197 5290 et
2229 5233 2642 5306 impassibiles.

2212 5341 2240 5370 ‹‹
2271 5325 2328 5379 Si
2383 5327 2599 5378 autem.
2633 5352 2658 5376 ιι
2688 5321 2847 5387 Dico,
2893 5322 3246 5387 custodiam,
3280 5325 3336 5376 et
3375 5337 3585 5393 ponam
3635 5318 3772 5375 sicut

2139 5413 2264 5469 dies
2317 5411 2466 5478 coeli,
2515 5427 2620 5466 nec
2670 5415 2900 5466 tantum
2949 5427 3053 5483 pro
3104 5410 3310 5466 merito
3361 5409 3650 5483 perfectis,
3681 5405 3770 5462 sed

2138 5503 2314 5559 etiam
2359 5505 2667 5574 peccantes
2713 5500 3170 5556 misericorditer
3220 5500 3541 5556 revocabo:
3575 5503 3630 5554 et
3674 5496 3770 5550 hoc

2138 5590 2295 5645 dico:
2329 5619 2350 5639 οι
2385 5589 2443 5645 Si
2475 5593 2668 5644 autem
2704 5608 2726 5630 ιι
2759 5587 2978 5659 illi,qui
3012 5589 3225 5643 debent
3254 5603 3381 5643 esse
3415 5607 3438 5632 (ι
3469 5586 3730 5657 liliiejus,
3749 5604 3770 5627 ιι

2139 5679 2192 5734 id
2225 5683 2333 5745 est,
2367 5679 2604 5748 Christi,
2639 5705 2664 5734 (ι
2699 5677 3138 5750 dereliquerint,
3171 5703 3194 5722 ιι
3223 5677 3279 5732 id
3332 5682 3441 5744 est,
3477 5676 3636 5733 nulla
3683 5690 3768 5728 ra-

2135 5767 2290 5824 tione
2320 5767 2610 5824 voluerint
2642 5767 2893 5838 recipere
2925 5786 2951 5816 α
2983 5766 3171 5823 lehem
3203 5783 3413 5833 meam,
3449 5771 3504 5822 et
3544 5787 3565 5810 ιι
3607 5763 3655 5822 si
3692 5760 3767 5816 illi
