3936 6398
208 473 329 536 505

1393 474 1890 536 EXI’LANATIO
1934 473 2010 534 IN
2056 474 2440 537 PSALMOS.

3507 473 3626 538 506

285 630 314 659 «ι
345 607 429 664 Ne
457 608 707 663 avertas.
741 628 769 657 »
804 605 944 663 Pars
972 608 1249 663 secunda.
1282 610 1417 674 Quae
1448 608 1625 664 dicit:
1652 606 1865 678 Quia,o
1894 606 1948 674 Α
1978 612 2234 679 peccata,
2258 608 2340 664 ita
2369 607 2583 664 dicitur
2602 606 2881 680 aspicere,
2906 607 3140 680 quando
3161 606 3332 680 punit
3350 612 3626 681 peccata:

210 695 481 765 Domine,
515 694 653 752 talis
684 713 767 763 es,
805 695 934 751 ideo
968 719 994 745 ‹‹
1032 713 1103 752 ne
1148 702 1376 752 avertas
1408 720 1435 748 υ
1470 715 1506 752 a
1534 702 1609 763 te,
1644 702 1709 752 ut
1740 713 1868 769 per-

205 786 413 847 mittas
443 785 696 842 terrenis
725 785 1021 841 adhzerere
1046 808 1073 836 ι(
1095 785 1396 842 hominem
1424 809 1450 835 ››
1474 784 1731 858 positum
1756 808 1783 836 «
1810 785 1867 841 in

206 874 566 941 humilitate,
594 896 616 924 ιι
649 872 708 929 id
739 879 847 942 est,
873 874 931 929 in
965 875 1288 945 dejectione
1317 880 1375 930 et
1404 876 1659 931 miseriis
1689 874 1869 946 hujus

203 965 338 1021 vita;
364 979 379 1018 :
400 962 489 1020 vel
511 964 849 1020 tendentem
878 962 939 1018 in
965 962 1521 1032 humilitatem,hzec
1543 963 1796 1020 humilia
1814 969 1872 1019 et

207 1054 431 1113 caduca
456 1051 805 1125 appetendo,
839 1051 979 1124 quia
1009 1051 1341 1108 humilitate
1385 1056 1475 1109 est
1518 1053 1714 1121 homo,
1752 1071 1869 1109 non

209 1142 389 1201 debes
419 1144 701 1209 avertam,
735 1162 763 1192 «
796 1144 855 1195 et
886 1161 915 1191 »ι
948 1140 1088 1196 item
1118 1139 1247 1197 ideo
1278 1140 1418 1213 quia
1441 1163 1468 1192 ‹‹
1491 1141 1692 1198 dixisti
1719 1166 1744 1191 »ι
1769 1160 1872 1215 per

211 1229 433 1295 multos
464 1230 910 1302 Prophetarum,
934 1228 1063 1284 etsi
1087 1228 1242 1285 alius
1262 1247 1378 1285 non
1400 1229 1870 1298 dixisset,tamen

211 1319 433 1377 sufﬁcit
459 1319 632 1375 nobis
653 1320 810 1391 quod
836 1318 1124 1391 Propheta
1144 1318 1255 1373 iste
1276 1318 1421 1374 dixit
1442 1318 1612 1375 nobis
1638 1336 1651 1373 :
1676 1343 1703 1369 ‹‹
1730 1321 1874 1377 Gon-

210 1409 529 1480 vertimini,
578 1408 684 1464 filii
730 1408 1041 1465 hominum
1068 1430 1096 1459 »
1130 1407 1273 1476 quia
1322 1407 1371 1463 si
1402 1430 1428 1458 α
1463 1408 1873 1469 convertimini

213 1500 287 1559 ad
319 1514 434 1566 me,
468 1501 527 1553 et
554 1501 862 1554 convertar
891 1497 964 1553 ad
994 1514 1117 1551 vos.
1150 1518 1178 1545 »

288 1609 317 1639 α
348 1586 637 1654 Quoniam
660 1584 1082 1643 misericordia.
1102 1608 1130 1634 ››
1144 1585 1414 1641 Ostendit
1431 1587 1672 1641 modum
1686 1586 1874 1642 humi-

211 1675 396 1747 litatis
426 1678 485 1731 et
513 1674 858 1748 dejectionis
891 1673 1172 1742 hominis,
1206 1676 1277 1731 ad
1310 1675 1421 1731 hoc
1450 1674 1831 1732 continuatur
1857 1693 1869 1732 ε

213 1762 375 1837 Opus
402 1767 494 1820 est
520 1778 593 1820 ne
624 1768 874 1831 avertas,
899 1788 927 1813 «
952 1765 1232 1836 quoniam
1257 1787 1285 1813 ››
1309 1764 1463 1819 inter
1492 1768 1698 1821 caetera
1718 1763 1876 1821 mala

214 1869 343 1927 qua:
371 1851 629 1915 sustinet
656 1850 854 1920 homo,
880 1852 1057 1910 habet
1082 1853 1237 1925 quod
1261 1851 1379 1908 vita
1400 1868 1527 1923 sua,
1556 1856 1871 1924 quantum-

213 1954 446 2049 eunque
460 1938 871 2049 .proLlixa,.nihil
896 1944 1203 2013 reputatur
1217 1957 1230 1997 :
1246 1944 1303 1999 et
1319 1939 1467 1996 hoc“
1491 1938 1650 2049 mille
1671 1940 1867 2010 anni,»
1906 1977 1955 2049 Β

213 2030 275 2086 id
294 2034 404 2099 est,
418 2029 540 2087 vita
557 2028 819 2087 hominis
841 2033 1369 2103 quantumcunque
1392 2028 1877 2101 prolixa,compa-

215 2122 345 2193 rata
371 2117 502 2175 vitae
533 2134 664 2190 quae
684 2120 776 2173 est
793 2140 821 2168 α
847 2121 983 2175 ante
1006 2114 1207 2173 oculos
1230 2120 1419 2184 tuos,»
1444 2114 1503 2171 id
1528 2117 1877 2183 est,aeterni-

212 2207 344 2276 tati,
366 2210 506 2263 est-ct
529 2210 816 2279 tanquam
838 2205 965 2262 dies
985 2206 1260 2262 hesterna
1284 2222 1296 2261 :
1327 2227 1354 2254 »
1377 2208 1433 2260 et
1461 2204 1521 2260 in
1545 2204 1741 2278 aliquo
1762 2222 1878 2263 non

214 2298 592 2369 comparatur
620 2295 908 2352 hesternis
940 2293 1076 2359 diei,
1101 2293 1215 2350 nisi
1239 2284 1571 2350 secundum
1590 2292 1701 2350 hoc
1724 2296 1877 2367 quod

216 2383 543 2457 praeterita;
575 2388 635 2441 et
664 2383 776 2441 hoc
805 2387 896 2445 est
924 2383 1080 2456 quod
1113 2382 1293 2439 dicit:
1321 2404 1350 2434 «
1377 2398 1506 2456 qua}
1533 2382 1831 2457 praeteriit,
1852 2406 1879 2434 η

215 2473 280 2533 id
309 2476 418 2543 est,
441 2472 597 2530 sicut
616 2472 743 2529 dies
765 2471 1060 2547 praeterita
1081 2469 1228 2527 nihil
1252 2470 1670 2543 reputatur,sic
1693 2487 1881 2543 quan-

214 2566 585 2636 tumcunque
604 2560 725 2618 vita
742 2559 1001 2618 hominis
1025 2558 1276 2632 prolixa:
1300 2574 1408 2616 nec
1429 2556 1646 2632 legitur
1665 2559 1883 2633 aliquis

218 2648 436 2707 vixisse
467 2647 626 2709 mille
656 2664 865 2718 annos,
889 2649 992 2709 sed
1017 2646 1248 2705 etiamsi
1270 2651 1503 2704 tantum
1523 2646 1885 2716 viveret,vita

223 2737 330 2803 illa
358 2752 462 2810 pro
484 2736 670 2796 nihilo
700 2735 1027 2812 reputanda
1055 2739 1230 2792 esset.
1696 2788 1703 2793 .

300 2826 441 2885 Dico
465 2825 629 2885 mille
679 2824 819 2884 anni
870 2830 1011 2882 sunt
1056 2828 1340 2899 tanquam
1389 2825 1515 2882 dies
1565 2825 1881 2899 praeterita,

223 2940 257 2969 α
291 2920 350 2972 et
383 2940 410 2967 »
440 2919 725 2990 tanquam
761 2939 789 2966 «
824 2912 1091 2972 custodia
1118 2914 1179 2970 in
1211 2917 1400 2981 nocte,
1438 2936 1464 2963 ››
1495 2912 1554 2969 id
1585 2917 1692 2982 est,
1717 2918 1885 2972 actus

223 3006 286 3069 in
317 3004 519 3062 labore
546 3008 605 3063 et
635 3004 911 3061 cmeitate.
944 3002 1223 3059 Custodia
1251 3001 1408 3057 enim
1441 3018 1673 3074 semper
1692 3001 1754 3057 in
1776 3000 1886 3058 sol-

221 3091 531 3150 licitudine
561 3095 670 3148 est.
704 3091 810 3147 Per
840 3093 1073 3146 noctem
1102 3088 1491 3163 intelligimus
1538 3088 1881 3157 caecitatem,

220 3182 286 3239 in
318 3197 438 3254 qua
468 3179 571 3237 ﬁlii
595 3178 789 3237 saeculi
814 3178 1178 3246 detinentur:
1195 3182 1252 3234 et
1274 3182 1340 3233 ut
1360 3176 1493 3250 plus
1514 3177 1765 3246 dicam,«
1781 3195 1884 3234 an-

220 3270 286 3331 ni
309 3292 339 3321 ››
362 3268 674 3327 hominum
704 3290 732 3320 «
757 3284 962 3324 eorum
984 3272 1175 3335 erunt,
1191 3289 1218 3318 ››
1244 3266 1301 3322 id
1323 3267 1510 3335 est,de
1532 3282 1776 3323 numero
1798 3283 1888 3323 ea-

1978 702 2036 754 et
2066 698 2241 752 etiam
2278 720 2304 749 ‹‹
2336 697 2615 752 saeculum
2649 701 2937 765 nostrum,
2964 719 2990 747 ››
3024 697 3080 752 id
3104 701 3214 765 est,
3240 701 3423 753 totam
3445 699 3627 755 vitam

1980 791 2244 842 nostram
2276 786 2523 858 posuisti
2550 810 2577 838 ‹‹
2605 786 2663 841 in
2695 784 3129 842 illuminatione
3157 786 3354 842 vultus
3384 784 3491 855 tui,
3519 810 3546 837 ››
3567 787 3627 853 id

1979 880 2087 943 est,
2120 875 2447 931 clarissime
2474 874 2692 943 vidisti,
2727 876 2798 930 ad
2834 879 3071 947 peccata
3101 874 3340 948 singula
3382 875 3627 948 punien—

1979 963 2091 1018 da:
2118 963 2256 1036 quia
2286 982 2390 1019 nec
2421 965 2595 1020 etiam
2628 963 2901 1036 cogitatio
2933 962 3138 1021 latcbit
3165 963 3395 1021 vultum
3435 968 3627 1021 tuum.

2051 1077 2078 1102 ‹‹
2115 1052 2423 1119 Quoniam.
2462 1076 2488 1102 ››
2522 1054 2673 1108 Bene
2704 1052 2832 1109 dico
2862 1052 3018 1124 quod
3049 1051 3391 1124 iniquitates
3415 1052 3475 1108 in
3498 1071 3634 1109 eon-

1981 1145 2181 1213 spectu
2214 1141 2483 1213 posuisti,
2518 1142 2674 1214 quod
2707 1146 2947 1214 apparet
2968 1142 3027 1197 in
3049 1142 3280 1210 elfectu,
3300 1165 3328 1193 ‹‹
3352 1143 3632 1214 quoniam

1981 1247 2187 1285 omnes
2217 1231 2344 1284 dies
2372 1231 2557 1285 nostri
2591 1232 2949 1297 defecerunt,
2974 1252 3002 1280 »
3028 1228 3086 1285 id
3109 1235 3217 1299 est,
3232 1230 3351 1287 vita
3373 1232 3636 1289 humana

1983 1319 2175 1374 brevis
2207 1320 2361 1375 facta
2390 1323 2500 1390 est,
2533 1323 2590 1374 et
2623 1320 2765 1374 dum
2803 1319 3075 1387 vivimus,
3106 1319 3164 1374 in
3196 1320 3437 1377 miseria
3464 1326 3522 1377 et
3550 1320 3633 1378 la-

1982 1408 2120 1464 bore
2148 1408 2421 1476 vivimus,
2453 1413 2511 1463 et
2538 1408 2649 1464 hoc
2679 1412 2770 1463 est
2802 1431 2829 1458 «
2861 1412 2919 1462 et
2946 1408 3006 1463 in
3029 1407 3117 1463 ira
3135 1412 3238 1464 tua
3257 1409 3634 1465 defecimus.»

2055 1522 2081 1547 «ι
2107 1498 2255 1552 Anni
2290 1498 2496 1553 nostri.
2520 1520 2549 1547 »
2575 1498 2719 1554 Ecce
2749 1498 3043 1570 quomodo
3065 1497 3640 1566 defecimus,scilicet

1985 1609 2011 1635 ‹‹
2048 1587 2185 1642 anni
2222 1587 2405 1642 nostri
2454 1586 2919 1654 meditabuntur,
2956 1608 2983 1635 »
3014 1585 3071 1641 id
3103 1590 3211 1655 est,
3239 1603 3347 1643 nos
3377 1586 3438 1647 in
3468 1587 3643 1647 annis

1983 1674 2202 1731 nostris
2234 1675 2694 1731 meditabimur:
2720 1674 2990 1731 meditari
3024 1673 3187 1746 dicit,
3220 1674 3359 1747 quia
3381 1674 3558 1733 homo
3578 1674 3640 1735 in

1984 1763 2325 1836 hujusmodi
2358 1763 2634 1836 operibus
2664 1778 2969 1835 nunquam
3000 1764 3073 1819 ad
3104 1763 3518 1836 perfectionem
3553 1781 3643 1821 ve-

1986 1851 2103 1922 nit;
2128 1876 2156 1903 «
2182 1851 2337 1908 sicut
2365 1868 2597 1919 aranea,
2633 1874 2661 1903 ››
2692 1867 2822 1924 quae
2852 1852 3026 1909 inane
3054 1854 3112 1908 et
3140 1851 3253 1907 vile
3296 1851 3437 1908 facit
3462 1868 3636 1924 opus,

1984 1946 2050 1999 ut
2076 1940 2250 1999 vilem
2280 1941 2474 2013 capiat
2502 1940 2783 2013 praedam,
2815 1939 3041 1997 scilicet
3067 1955 3326 2011 muscas,
3346 1944 3406 1997 et
3436 1940 3495 1999 in
3527 1940 3639 1998 hoc

1987 2035 2174 2087 totam
2195 2030 2566 2087 seeviscerat.
2582 2027 2865 2086 Similiter
2884 2027 3153 2085 homines
3174 2026 3374 2087 inania
3392 2029 3638 2098 faciunt,

1988 2123 2045 2176 et
2065 2135 2311 2192 magnos
2342 2117 2569 2175 labores
2598 2122 2976 2187 consumunt,
3001 2117 3072 2174 ad
3096 2117 3206 2173 hoc
3227 2121 3293 2172 ut
3310 2115 3641 2190 adipiscan-

1989 2213 2087 2265 tur
2116 2226 2244 2282 quae
2273 2208 2413 2264 vilia
2433 2211 2574 2266 sunt
2604 2211 2663 2262 et
2692 2206 2947 2275 caduca;
2981 2210 3039 2262 et
3061 2204 3123 2261 in
3154 2205 3264 2264 hoc
3294 2223 3403 2262 sua
3417 2206 3644 2265 viscera

1989 2301 2365 2364 consumunt,
2398 2295 2540 2369 quia
2568 2311 2781 2368 corpus
2813 2298 2870 2350 et
2903 2294 3165 2350 animam
3213 2293 3486 2361 similiter
3512 2311 3643 2367 per-

1990 2387 2173 2455 dunt;
2206 2390 2264 2444 et
2291 2385 2430 2459 quia
2460 2385 2519 2441 in
2552 2383 2724 2442 annis
2755 2383 3073 2456 aliquando
3122 2383 3295 2452 bene,
3325 2381 3644 2455 aliquando

1991 2475 2167 2544 male;
2199 2492 2509 2548 possemus
2562 2472 2855 2539 meditari,
2886 2473 3051 2529 addit
3084 2487 3098 2529 :
3133 2494 3159 2524 ‹‹
3195 2470 3320 2528 dies
3351 2488 3643 2539 annorum

1992 2569 2326 2623 nostrorum
2359 2586 2387 2615 »
2422 2563 2867 2623 meditabuntur
2915 2562 3068 2619 sicut
3106 2576 3341 2629 aranea,
3372 2560 3512 2633 quia
3540 2578 3647 2629 nec

1993 2670 2114 2712 una
2142 2653 2237 2709 die
2265 2669 2570 2710 cessamus
2591 2652 2663 2708 ab
2688 2650 2849 2707 inani
2875 2649 3288 2717 meditatione;
3311 2648 3468 2709 unde
3489 2649 3644 2706 Salo-

1992 2758 2130 2801 mon
2155 2742 2215 2797 in
2235 2741 2642 2799 Ecclesiastico
2664 2755 2677 2796 :
2698 2739 2848 2807 Quid
2872 2736 3361 2811 superbis,pulvis
3381 2741 3443 2795 et
3459 2737 3649 2796 cinis?

1994 2830 2058 2891 In
2088 2829 2207 2886 vita
2236 2833 2341 2887 tua
2369 2826 2608 2901 projicis
2635 2827 2850 2883 intima
2878 2830 2999 2882 tua.
3023 2826 3094 2882 Et
3113 2826 3261 2885 bene
3289 2824 3443 2894 dico,
3469 2826 3647 2887 «dies

1994 2917 2179 2974 nostri
2215 2918 2572 2986 defecerunt,
2600 2937 2627 2964 »
2649 2914 2790 2986 quia
2811 2937 2838 2964 ‹‹
2862 2913 2923 2969 in
2945 2912 3090 2986 ipsis
3114 2934 3142 2963 »ι
3167 2912 3375 2969 diebus
3404 2912 3642 2985 nostris,

1994 3010 2060 3061 ut
2080 3005 2335 3060 multum
2348 3002 2897 3071 dicam,secundum
2919 3005 3150 3061 atatem
3171 2999 3480 3059 hominum
3503 3004 3647 3065 sunt

1994 3117 2022 3147 «
2057 3093 2430 3166 septuaginta
2457 3092 2621 3160 anni,
2651 3113 2679 3143 »ι
2714 3091 2772 3146 id
2804 3095 2912 3157 est,
2946 3089 2994 3145 si
3026 3088 3244 3161 aliquis
3274 3088 3530 3146 multum
3560 3089 3643 3147 vi-

1993 3183 2095 3250 vit,
2111 3180 2483 3253 septuaginta
2498 3179 2670 3237 annis
2687 3178 2956 3235 vivit.Vel
2976 3178 3193 3251 legant,
3220 3200 3250 3229 (ι
3271 3178 3644 3235 meditaban-

1994 3275 2092 3333 tur
2124 3294 2151 3322 »
2184 3270 2434 3342 passive,
2468 3268 2573 3337 sic,
2607 3268 2746 3324 anni
2780 3266 2985 3335 nostri,
3010 3266 3068 3323 id
3090 3272 3204 3336 est,
3225 3270 3351 3324 tota
3367 3267 3493 3324 vita
3508 3285 3643 3324 nos-3

222 3375 358 3416 rum
389 3374 586 3415 rerum
611 3381 639 3408 «
673 3374 802 3430 quae
832 3373 936 3430 pro
968 3353 1152 3411 nihilo
1198 3355 1512 3425 habentur,
1549 3378 1577 3405 ››
1607 3354 1787 3412 veluti
1817 3374 1885 3412 ea
1917 3341 1961 3416 β
1991 3365 2104 3425 tra,
2138 3341 2595 3427 meditabantur,
2629 3357 2689 3413 id
2718 3362 2829 3426 est,
2864 3355 3641 3429 reputabunturasapienti-

221 3450 617 3523 qumotantum
649 3463 753 3519 per
782 3445 1082 3504 somnium
1113 3443 1508 3519 possidentur.

295 3560 326 3591 ‹‹
358 3537 550 3593 Mane.
568 3536 932 3592 nEnumerat
953 3534 1098 3591 alios
1119 3533 1379 3590 hominis
1402 3533 1663 3591 defectus
1688 3549 1702 3588 :
1728 3534 1879 3603 dico,

222 3642 329 3699 pro
361 3623 545 3681 nihilo
578 3623 717 3680 anni
748 3622 1064 3689 habentur,
1077 3626 1135 3679 et
1156 3622 1239 3678 ita
1260 3621 1662 3693 fiat,Domine;
1686 3627 1743 3679 et
1773 3623 1884 3679 hoc

219 3717 350 3770 est:
376 3734 404 3763 ‹‹
430 3728 602 3768 mane
620 3732 649 3764 »
675 3710 952 3780 hominis,
976 3710 1034 3765 id
1058 3713 1169 3778 est,
1193 3709 1444 3765 infantia
1472 3733 1499 3760 ‹‹
1536 3715 1817 3780 transeat,
1856 3734 1883 3761 η

219 3801 280 3858 id
311 3804 426 3873 est,
456 3801 571 3857 cito
602 3805 828 3874 pereat,
860 3822 888 3850 «
924 3799 1078 3856 sicut
1105 3798 1289 3854 herba
1322 3821 1349 3847 ››
1383 3814 1509 3871 quis
1541 3798 1744 3856 leviter
1761 3817 1886 3873 per-

219 3891 271 3947 it
304 3905 317 3946 :
353 3912 382 3940 ‹‹
419 3903 613 3959 mane,
650 3911 678 3939 »
709 3888 769 3945 id
798 3892 910 3957 est,
934 3888 1239 3960 juventus,
1275 3903 1402 3959 qum
1450 3888 1669 3944 dicitur
1712 3906 1885 3946 mane

220 3978 365 4055 quia
392 3977 588 4035 adhuc
621 3976 833 4035 crescit
863 3976 1041 4033 homo
1066 3992 1080 4031 :
1106 4000 1134 4028 «
1162 3976 1384 4045 ﬂoreat,
1413 3999 1440 4027 υ
1472 3976 1530 4032 id
1562 3980 1671 4045 est,
1695 3977 1888 4050 vigeat

220 4066 568 4127 fortitudine
580 4066 862 4143 corporis,
878 4064 1144 4133 scientia,
1160 4063 1411 4136 aliisque
1433 4065 1886 4138 quibuscunque

220 4155 457 4214 modis:
485 4176 514 4207 ‹‹
537 4158 594 4211 et
624 4158 887 4213 transeat
912 4170 1172 4226 vespere,
1210 4175 1239 4202 »
1272 4151 1329 4208 id
1361 4156 1470 4221 est,
1496 4152 1750 4222 senium,
1774 4152 1887 4209 hoc

220 4247 334 4312 est,
369 4242 545 4301 homo
574 4242 635 4300 in
668 4241 968 4315 decrepita
998 4245 1190 4309 aetate,
1223 4264 1251 4291 ‹‹
1280 4239 1519 4297 decidat.
1542 4262 1568 4289 ››
1601 4238 1673 4297 ab
1724 4241 1885 4297 omni

217 4332 420 4406 vigore
451 4331 733 4407 corporis,
759 4334 1149 4403 consumptus
1179 4328 1379 4386 labore
1409 4333 1467 4385 et
1488 4328 1685 4385 dolore
1704 4347 1719 4397 ;
1741 4353 1769 4379 ‹‹
1794 4329 1884 4386 in-

221 4422 396 4483 durat
434 4443 463 4471 υ
485 4420 546 4477 in
577 4421 845 4486 cadaver,
879 4443 907 4471 ‹‹
936 4422 993 4475 et
1022 4421 1251 4475 arescat
1271 4440 1301 4468 ››
1334 4416 1392 4472 in
1425 4416 1720 4490 pulverem
1752 4420 1886 4475 red-

220 4514 416 4566 actus.
449 4509 645 4565 Potest
675 4512 733 4565 et
762 4508 844 4564 ita
873 4505 1206 4565 continuari
1242 4524 1255 4562 :
1284 4505 1491 4562 Precor
1537 4524 1608 4562 ne
1659 4512 1888 4564 avertas

219 4597 548 4667 hominem,
582 4598 694 4654 hoc
724 4600 921 4653 tamen
955 4613 1072 4651 non
1104 4613 1204 4652 oro
1235 4595 1379 4668 quin
1411 4594 1761 4669 temporales
1782 4596 1886 4652 de-

220 4687 415 4749 fectus
443 4690 503 4743 et
523 4703 759 4759 pmnam
793 4685 1084 4743 sustineat
1116 4682 1361 4757 peccati.

1990 3449 2102 3505 bus
2128 3448 2283 3505 sicut
2311 3463 2544 3504 aranea.

2064 3561 2090 3588 «
2117 3537 2179 3593 Si
2221 3541 2440 3592 autem.
2477 3558 2506 3586 η
2539 3535 2678 3592 Dico
2723 3535 2983 3591 hominis
3033 3534 3408 3608 septuaginta
3456 3534 3593 3595 anni
3628 3551 3642 3589 :

1994 3650 2023 3679 «
2057 3626 2106 3683 si
2139 3631 2335 3683 autem
2372 3648 2399 3675 ››
2431 3629 2521 3681 est
2552 3647 2580 3676 «
2611 3624 2673 3681 in
2704 3623 3125 3697 potentatibus,
3158 3646 3187 3675 »
3220 3622 3445 3680 scilicet
3491 3624 3653 3696 quod

1993 3715 2170 3771 homo
2200 3715 2356 3771 vivat
2385 3715 2444 3769 in
2477 3714 2818 3770 fortitudine
2863 3713 3144 3786 corporis,
3177 3716 3243 3768 ut
3281 3712 3479 3785 plures
3527 3712 3651 3781 sint;

1994 3828 2022 3855 «ί
2056 3806 2352 3877 octoginta
2381 3803 2541 3871 anni,
2569 3807 2629 3860 et
2655 3802 2913 3874 amplius
2942 3818 3166 3869 eorum,
3191 3822 3219 3851 »
3243 3800 3303 3856 id
3333 3799 3501 3870 est,si
3522 3818 3647 3856 am-

1993 3894 2150 3967 plius
2177 3894 2393 3960 vivant,
2416 3892 2535 3948 vita
2565 3908 2765 3947 eorum
2799 3895 2889 3946 est
2905 3913 2933 3941 «
2958 3889 3124 3945 labor
3142 3908 3170 3938 n
3194 3888 3280 3945 eis
3300 3889 3361 3943 in
3382 3904 3645 3959 corpore,

1997 4003 2026 4035 ‹‹
2056 3986 2114 4038 et
2142 3982 2355 4037 dolor»
2378 3981 2439 4036 in
2462 3977 2793 4036 mente.Vel
2814 3992 3137 4050 possumus
3155 3992 3257 4047 per
3273 3974 3651 4048 septuaginta

1994 4075 2053 4127 et
2082 4070 2378 4142 octoginta
2407 4066 2745 4139 allegoriam
2789 4063 3135 4137 intelligere,
3168 4067 3234 4118 ut
3260 4080 3364 4135 per
3411 4067 3645 4135 septua-

1993 4158 2157 4231 ginta
2186 4154 2586 4229 intelligamus
2616 4153 2799 4212 Vetus
2820 4154 3285 4220 Testamentum,
3313 4150 3470 4224 quod
3494 4156 3554 4208 et
3574 4153 3647 4208 de

1993 4244 2419 4318 temporalibus
2439 4242 2809 4316 loquebatur,
2822 4246 2881 4300 et
2898 4240 3027 4299 sola
3045 4239 3391 4314 temporalia
3409 4241 3652 4313 promit-

1995 4335 2175 4405 tebat,
2191 4333 2346 4389 sicut
2366 4333 2446 4388 ibi
2464 4331 2706 4404 legitur:
2727 4332 2789 4388 Si
2808 4330 3112 4389 volueritis
3127 4334 3185 4389 et
3206 4328 3508 4388 audieritis
3529 4346 3644 4398 me,

1996 4424 2151 4480 bona
2178 4427 2345 4479 terra:
2376 4421 2714 4479 comedetis.
2740 4421 2847 4477 Per
2865 4424 3089 4493 septem
3120 4421 3247 4476 dies
3275 4419 3454 4481 etiam
3474 4418 3651 4474 volvi-

1995 4517 2094 4568 tur
2109 4512 2231 4568 haec
2244 4510 2579 4581 totavita,in
2603 4509 2819 4581 quibus
2841 4510 3066 4566 utimur
3086 4509 3182 4565 his
3202 4506 3646 4580 temporalibus.

1998 4602 2105 4658 Per
2133 4598 2427 4673 octoginta
2445 4598 2847 4671 intelligamus
2868 4599 3093 4655 Novum
3115 4596 3648 4668 Testamentum,in

1918 4710 1964 4777 ο
2002 4708 2119 4763 quo
2152 4687 2494 4762 postpositis
2525 4686 2968 4777 temporalibus,
3003 4686 3129 4742 sola
3173 4684 3435 4745 cmlestia
3480 4685 3649 4777 doce-

295 4776 430 4832 Ideo
460 4776 715 4832 concedo
746 4774 1041 4843 decidant,
1076 4775 1403 4843 transeant,
1426 4775 1481 4828 et
1504 4772 1891 4847 similia,quia
1930 4772 1962 4777 ⁷
2002 4797 2139 4834 mur
2156 4782 2448 4850 appetere,
2467 4775 2606 4848 quia
2623 4775 2883 4848 requiem
2899 4779 3176 4831 aeternam
3193 4778 3468 4846 appetere
3486 4774 3653 4830 doce-

218 4863 390 4920 video
421 4862 593 4920 aliter
621 4880 752 4920 esse
782 4881 897 4920 non
942 4878 1135 4936 posse,
1170 4885 1199 4919 (ς
1235 4861 1376 4934 quia
1409 4884 1436 4911 »
1468 4879 1575 4919 nos
1607 4886 1635 4913 «
1670 4864 1885 4920 defeci-

220 4969 381 5023 mus,
415 4974 443 5004 ››
480 4952 539 5010 id
572 4956 663 5010 est
691 4951 910 5009 multos
941 4952 1207 5009 defectus
1238 4950 1521 5022 patimur,
1554 4955 1612 5008 et
1642 4952 1751 5009 hoc
1773 4976 1801 5003 «
1826 4953 1887 5009 in

218 5041 310 5099 ira
340 5045 464 5110 tua,
499 5064 528 5092 n
559 5041 620 5098 id
650 5045 763 5113 est,
796 5041 856 5096 in
902 5039 1162 5097 vindicta
1209 5055 1388 5112 quam
1429 5043 1494 5095 tu
1544 5040 1732 5097 sumis
1782 5059 1886 5115 pro

220 5132 463 5202 peccato
494 5129 669 5203 primi
721 5129 1017 5203 parentis;
1052 5131 1111 5185 et
1142 5130 1353 5200 prieter
1384 5126 1541 5184 mala
1588 5146 1715 5202 qua:
1757 5131 1886 5203 jam

222 5218 847 5287 sustinemus,etiam«
873 5217 1093 5273 turbati
1118 5233 1328 5272 sumus
1352 5239 1380 5266 »
1404 5217 1665 5273 interiori
1689 5225 1886 5277 nostro

222 5330 252 5358 «
287 5306 347 5363 in
375 5307 573 5364 furore
603 5310 727 5375 tuo,
758 5329 787 5356 »
820 5306 879 5362 id
911 5310 1022 5376 est,
1056 5306 1115 5361 in
1160 5305 1630 5363 consideratione
1653 5309 1885 5365 venturi

211 5394 428 5468 judicii
461 5394 522 5450 in
555 5412 671 5469 quo
704 5395 959 5451 furorem
990 5399 1160 5451 tuum
1192 5393 1507 5450 exercebis.

293 5484 431 5541 Ideo
455 5483 586 5541 dico
611 5501 721 5541 nos
742 5483 804 5540 in
823 5483 913 5540 ira
932 5482 1346 5554 deﬁcere,quia
1368 5483 1667 5553 tu,Deus,«
1694 5486 1888 5557 posui-

224 5571 301 5639 sti
330 5570 675 5653 iniquitates
716 5576 946 5629 nostras
997 5572 1056 5627 in
1106 5574 1421 5643 conspectu
1469 5575 1593 5637 tuo,
1627 5594 1656 5623 η
1688 5573 1743 5628 id
1775 5578 1883 5642 est,

221 5677 457 5733 pcenam
479 5659 693 5717 dedisti
717 5678 820 5732 pro
845 5660 1101 5732 peccatis
1125 5659 1539 5716 nostris.Sicut
1560 5661 1716 5715 enim
1740 5663 1883 5719 dici-

219 5753 320 5804 tur
350 5749 509 5805 Deus
541 5753 781 5820 peccata
825 5766 938 5803 non
987 5747 1268 5820 aspicere,
1307 5748 1542 5819 quando
1594 5750 1887 5808 condonat

1997 4885 2151 4936 mur,
2177 4884 2305 4938 quae
2326 4863 2558 4939 requies
2579 4864 2845 4921 succedit
2864 4864 3047 4920 finitis
3069 4868 3292 4935 septem
3316 4862 3525 4919 diebus
3543 4862 3651 4918 hu-

1987 4959 2091 5029 jus
2122 4955 2270 5023 vitaz,
2302 4970 2479 5027 quam
2511 4952 2772 5026 requiem
2794 4953 2921 5024 jam
2952 4953 3176 5024 accepit
3204 4956 3409 5008 nostra
3438 4956 3653 5007 natura

1996 5047 2055 5103 in
2085 5044 2316 5101 Christo
2336 5044 2398 5099 in
2420 5042 2863 5112 resurrectione,
2886 5042 3035 5098 facta
3059 5042 3120 5098 in
3142 5045 3345 5098 octava
3364 5040 3458 5096 die
3477 5040 3651 5112 cujus

1997 5133 2216 5207 requiei
2248 5132 2485 5206 signum
2510 5134 2652 5199 erat,
2679 5130 2911 5202 requies
2941 5146 3122 5201 quam
3148 5127 3442 5185 faciebant
3459 5125 3651 5183 Judaei

1996 5224 2057 5280 in
2079 5223 2331 5295 septima
2349 5220 2806 5276 die.Secundum
2821 5217 3333 5287 hancsententiam
3356 5215 3553 5271 littera
3564 5214 3649 5270 sic

1992 5312 2261 5385 legatur:
2285 5335 2313 5361 ‹‹
2336 5309 2488 5365 Anni
2510 5307 2694 5364 nostri
2716 5307 2870 5364 sicut
2898 5324 3111 5363 aranea
3138 5304 3599 5363 meditabantur.
3618 5325 3647 5353 ››

1994 5406 2061 5458 ut
2090 5417 2288 5474 supra,
2322 5399 2423 5454 sed
2468 5401 2663 5452 tamen
2714 5399 2888 5460 erunt
2935 5395 3080 5463 dies,
3112 5394 3169 5451 id
3200 5397 3309 5463 est,
3341 5391 3647 5448 illumina-

1995 5490 2185 5547 tiones
2221 5504 2509 5544 annorum
2543 5490 2902 5553 nostrorum,
2934 5488 2991 5541 et
3019 5484 3077 5539 in
3128 5483 3275 5555 ipsis
3322 5482 3551 5548 diebus,
3586 5481 3643 5536 id

1994 5585 2104 5649 est,
2137 5575 2691 5641 illuminationibus,
2723 5578 2896 5631 erunt
2924 5597 2953 5624 «
2986 5570 3359 5645 septuaginta
3388 5569 3528 5626 anni
3550 5592 3578 5621 »
3612 5586 3649 5629 θ.

1993 5669 2133 5736 vita,
2150 5670 2279 5722 acta
2299 5664 2625 5721 secundum
2647 5662 2827 5718 Vetus
2848 5658 3509 5718 Testamentum.Habet
3529 5657 3647 5715 alia

1994 5755 2323 5823 translatio,
2361 5775 2389 5804 «
2422 5751 2795 5824 septuaginta
2824 5749 3013 5817 annis,
3044 5772 3071 5801 ››
3092 5750 3247 5824 quod
3271 5748 3356 5805 sic
3380 5746 3595 5820 legitur
3627 5762 3645 5806 :
