  <div class='ocr_page' id='page_1' title='image "/cluster/home/n/w/nwhite01/storage/ocr_20150623/115-116/uc1.31175006916467/995.png"; bbox 0 0 3936 6402; ppageno 0'>
   <div class='ocr_carea' id='block_1_1' title="bbox 394 475 510 542">
    <p class='ocr_par' dir='ltr' id='par_1_1' title="bbox 394 475 510 542">
     <span class='ocr_line' id='line_1_1' title="bbox 394 475 510 542; baseline 0.009 -2"><span class='ocrx_word' id='word_1_1' title='bbox 394 475 510 542; x_wconf 76' lang='lat'>507</span> 
     </span>
    </p>
   </div>
   <div class='ocr_carea' id='block_1_2' title="bbox 820 478 3382 546">
    <p class='ocr_par' dir='ltr' id='par_1_2' title="bbox 820 478 3382 546">
     <span class='ocr_line' id='line_1_2' title="bbox 820 478 3382 546; baseline -0.001 -3"><span class='ocrx_word' id='word_1_2' title='bbox 820 480 1233 544; x_wconf 79' lang='lat' dir='ltr'>HAYMONIS</span> <span class='ocrx_word' id='word_1_3' title='bbox 1266 479 1810 542; x_wconf 81' lang='lat' dir='ltr'>llALBERSTAT.</span> <span class='ocrx_word' id='word_1_4' title='bbox 1845 478 2089 543; x_wconf 86' lang='lat' dir='ltr'>EPISC.</span> <span class='ocrx_word' id='word_1_5' title='bbox 2126 478 2298 544; x_wconf 90' lang='lat' dir='ltr'><strong>OPP.</strong></span> <span class='ocrx_word' id='word_1_6' title='bbox 2330 482 2529 544; x_wconf 82' lang='lat' dir='ltr'>PARS</span> <span class='ocrx_word' id='word_1_7' title='bbox 2561 484 2608 545; x_wconf 93' lang='grc' dir='ltr'><strong>Ι.</strong></span> <span class='ocrx_word' id='word_1_8' title='bbox 2639 516 2717 528; x_wconf 91' lang='grc'><strong>-</strong></span> <span class='ocrx_word' id='word_1_9' title='bbox 2746 481 3150 546; x_wconf 87' lang='lat' dir='ltr'>COMMENT.</span> <span class='ocrx_word' id='word_1_10' title='bbox 3186 482 3382 545; x_wconf 88' lang='lat' dir='ltr'>BlBL.</span> 
     </span>
    </p>
   </div>
   <div class='ocr_carea' id='block_1_3' title="bbox 3689 481 3801 545">
    <p class='ocr_par' dir='ltr' id='par_1_3' title="bbox 3689 481 3801 545">
     <span class='ocr_line' id='line_1_3' title="bbox 3689 481 3801 545; baseline 0 -2"><span class='ocrx_word' id='word_1_11' title='bbox 3689 481 3801 545; x_wconf 75' lang='lat'>508</span> 
     </span>
    </p>
   </div>
   <div class='ocr_carea' id='block_1_4' title="bbox 395 607 3805 685">
    <p class='ocr_par' dir='ltr' id='par_1_4' title="bbox 395 607 3805 685">
     <span class='ocr_line' id='line_1_4' title="bbox 395 607 3805 685; baseline 0.002 -19"><span class='ocrx_word' id='word_1_12' title='bbox 395 637 425 666; x_wconf 86' lang='lat'><strong><em>«</em></strong></span> <span class='ocrx_word' id='word_1_13' title='bbox 456 614 608 672; x_wconf 88' lang='lat' dir='ltr'>Anni</span> <span class='ocrx_word' id='word_1_14' title='bbox 641 612 823 671; x_wconf 81' lang='lat' dir='ltr'>nostri</span> <span class='ocrx_word' id='word_1_15' title='bbox 853 612 1009 670; x_wconf 85' lang='lat' dir='ltr'>sicut</span> <span class='ocrx_word' id='word_1_16' title='bbox 1037 630 1250 669; x_wconf 80' lang='lat' dir='ltr'>aranea</span> <span class='ocrx_word' id='word_1_17' title='bbox 1279 612 1775 681; x_wconf 84' lang='lat' dir='ltr'>meditabuntur,»</span> <span class='ocrx_word' id='word_1_18' title='bbox 1799 613 1901 669; x_wconf 88' lang='lat' dir='ltr'>sed</span> <span class='ocrx_word' id='word_1_19' title='bbox 1924 607 2064 669; x_wconf 79' lang='lat' dir='ltr'>dies</span> <span class='ocrx_word' id='word_1_20' title='bbox 2077 613 2134 681; x_wconf 85' lang='grc' dir='ltr'><strong>Α</strong></span> <span class='ocrx_word' id='word_1_21' title='bbox 2163 616 2393 685; x_wconf 72' lang='lat' dir='ltr'>cordiaa,</span> <span class='ocrx_word' id='word_1_22' title='bbox 2418 640 2447 666; x_wconf 89' lang='grc'>‹‹</span> <span class='ocrx_word' id='word_1_23' title='bbox 2479 620 2537 673; x_wconf 85' lang='grc'>01</span> <span class='ocrx_word' id='word_1_24' title='bbox 2567 640 2595 667; x_wconf 86' lang='grc'><strong>››</strong></span> <span class='ocrx_word' id='word_1_25' title='bbox 2627 617 2804 674; x_wconf 87' lang='lat' dir='ltr'>etiam</span> <span class='ocrx_word' id='word_1_26' title='bbox 2830 639 2858 668; x_wconf 84' lang='lat'><strong>«</strong></span> <span class='ocrx_word' id='word_1_27' title='bbox 2880 615 3144 673; x_wconf 89' lang='lat' dir='ltr'>delectati</span> <span class='ocrx_word' id='word_1_28' title='bbox 3175 632 3385 673; x_wconf 91' lang='lat' dir='ltr'>sumus</span> <span class='ocrx_word' id='word_1_29' title='bbox 3404 637 3434 667; x_wconf 72' lang='grc' dir='ltr'><strong><em>ιι</em></strong></span> <span class='ocrx_word' id='word_1_30' title='bbox 3455 614 3608 672; x_wconf 90' lang='lat' dir='ltr'>inter</span> <span class='ocrx_word' id='word_1_31' title='bbox 3627 613 3805 672; x_wconf 72' lang='lat' dir='ltr'>multa</span> 
     </span>
    </p>
   </div>
   <div class='ocr_carea' id='block_1_5' title="bbox 395 702 2051 774">
    <p class='ocr_par' dir='ltr' id='par_1_5' title="bbox 395 702 2051 774">
     <span class='ocr_line' id='line_1_5' title="bbox 395 702 2051 774; baseline -0.002 -13"><span class='ocrx_word' id='word_1_32' title='bbox 395 721 686 761; x_wconf 88' lang='lat' dir='ltr'>annorum</span> <span class='ocrx_word' id='word_1_33' title='bbox 719 706 1079 771; x_wconf 89' lang='lat' dir='ltr'>nostrorum,</span> <span class='ocrx_word' id='word_1_34' title='bbox 1102 702 1158 758; x_wconf 90' lang='lat' dir='ltr'>id</span> <span class='ocrx_word' id='word_1_35' title='bbox 1184 707 1294 771; x_wconf 91' lang='lat' dir='ltr'>est,</span> <span class='ocrx_word' id='word_1_36' title='bbox 1328 702 1795 758; x_wconf 88' lang='lat' dir='ltr'>illuminationes</span> <span class='ocrx_word' id='word_1_37' title='bbox 1823 718 1970 774; x_wconf 89' lang='lat' dir='ltr'>quas</span> <span class='ocrx_word' id='word_1_38' title='bbox 1992 702 2051 758; x_wconf 92' lang='lat' dir='ltr'>in</span> 
     </span>
    </p>
   </div>
   <div class='ocr_carea' id='block_1_6' title="bbox 394 790 2050 863">
    <p class='ocr_par' dir='ltr' id='par_1_6' title="bbox 394 790 2050 863">
     <span class='ocr_line' id='line_1_6' title="bbox 394 790 2050 863; baseline -0.003 -12"><span class='ocrx_word' id='word_1_39' title='bbox 394 794 565 851; x_wconf 86' lang='lat' dir='ltr'>annis</span> <span class='ocrx_word' id='word_1_40' title='bbox 596 794 816 849; x_wconf 83' lang='lat' dir='ltr'>nostris</span> <span class='ocrx_word' id='word_1_41' title='bbox 844 793 1155 858; x_wconf 82' lang='lat' dir='ltr'>habemus,</span> <span class='ocrx_word' id='word_1_42' title='bbox 1190 796 1331 848; x_wconf 89' lang='lat' dir='ltr'>sunt</span> <span class='ocrx_word' id='word_1_43' title='bbox 1358 791 1418 845; x_wconf 93' lang='lat' dir='ltr'>in</span> <span class='ocrx_word' id='word_1_44' title='bbox 1452 790 1828 863; x_wconf 79' lang='lat' dir='ltr'>septuaginta</span> <span class='ocrx_word' id='word_1_45' title='bbox 1858 791 2050 848; x_wconf 89' lang='lat' dir='ltr'>annis.</span> 
     </span>
    </p>
   </div>
   <div class='ocr_carea' id='block_1_7' title="bbox 396 880 2049 955">
    <p class='ocr_par' dir='ltr' id='par_1_7' title="bbox 396 880 2049 955">
     <span class='ocr_line' id='line_1_7' title="bbox 396 880 2049 955; baseline -0.002 -17"><span class='ocrx_word' id='word_1_46' title='bbox 396 905 424 933; x_wconf 84' lang='grc'>‹‹</span> <span class='ocrx_word' id='word_1_47' title='bbox 458 882 610 955; x_wconf 87' lang='lat' dir='ltr'><strong>Ipsis</strong></span> <span class='ocrx_word' id='word_1_48' title='bbox 642 904 670 932; x_wconf 83' lang='lat'>»</span> <span class='ocrx_word' id='word_1_49' title='bbox 706 898 824 937; x_wconf 92' lang='lat' dir='ltr'>non</span> <span class='ocrx_word' id='word_1_50' title='bbox 853 884 943 937; x_wconf 87' lang='lat' dir='ltr'>est</span> <span class='ocrx_word' id='word_1_51' title='bbox 981 880 1310 947; x_wconf 82' lang='lat' dir='ltr'>relativum,</span> <span class='ocrx_word' id='word_1_52' title='bbox 1344 880 1447 935; x_wconf 91' lang='lat' dir='ltr'>sed</span> <span class='ocrx_word' id='word_1_53' title='bbox 1496 880 2049 935; x_wconf 91' lang='lat' dir='ltr'>demonstrativum.</span> 
     </span>
    </p>
   </div>
   <div class='ocr_carea' id='block_1_8' title="bbox 390 969 2048 1044">
    <p class='ocr_par' dir='ltr' id='par_1_8' title="bbox 390 969 2048 1044">
     <span class='ocr_line' id='line_1_8' title="bbox 390 969 2048 1044; baseline -0.002 -16"><span class='ocrx_word' id='word_1_54' title='bbox 390 970 541 1028; x_wconf 87' lang='lat' dir='ltr'>Anni</span> <span class='ocrx_word' id='word_1_55' title='bbox 574 970 815 1044; x_wconf 85' lang='lat' dir='ltr'>quidem</span> <span class='ocrx_word' id='word_1_56' title='bbox 851 970 965 1026; x_wconf 88' lang='lat' dir='ltr'>acti</span> <span class='ocrx_word' id='word_1_57' title='bbox 998 970 1324 1026; x_wconf 89' lang='lat' dir='ltr'>secundum</span> <span class='ocrx_word' id='word_1_58' title='bbox 1357 969 1539 1025; x_wconf 88' lang='lat' dir='ltr'>Vetus</span> <span class='ocrx_word' id='word_1_59' title='bbox 1583 971 2048 1038; x_wconf 85' lang='lat' dir='ltr'>Testamentum,</span> 
     </span>
    </p>
   </div>
   <div class='ocr_carea' id='block_1_9' title="bbox 392 1057 2049 1131">
    <p class='ocr_par' dir='ltr' id='par_1_9' title="bbox 392 1057 2049 1131">
     <span class='ocr_line' id='line_1_9' title="bbox 392 1057 2049 1131; baseline -0.002 -14"><span class='ocrx_word' id='word_1_60' title='bbox 392 1078 509 1117; x_wconf 89' lang='lat' dir='ltr'>non</span> <span class='ocrx_word' id='word_1_61' title='bbox 541 1060 793 1117; x_wconf 91' lang='lat' dir='ltr'>erantin</span> <span class='ocrx_word' id='word_1_62' title='bbox 825 1059 1251 1131; x_wconf 88' lang='lat' dir='ltr'>potentatibus,</span> <span class='ocrx_word' id='word_1_63' title='bbox 1285 1057 1425 1130; x_wconf 85' lang='lat' dir='ltr'>quia</span> <span class='ocrx_word' id='word_1_64' title='bbox 1455 1057 1656 1113; x_wconf 89' lang='lat' dir='ltr'>nullus</span> <span class='ocrx_word' id='word_1_65' title='bbox 1699 1058 1810 1113; x_wconf 90' lang='lat' dir='ltr'>sub</span> <span class='ocrx_word' id='word_1_66' title='bbox 1857 1058 2049 1114; x_wconf 83' lang='lat' dir='ltr'>Veteri</span> 
     </span>
    </p>
   </div>
   <div class='ocr_carea' id='block_1_10' title="bbox 391 1147 2052 1222">
    <p class='ocr_par' dir='ltr' id='par_1_10' title="bbox 391 1147 2052 1222">
     <span class='ocr_line' id='line_1_10' title="bbox 391 1147 2052 1222; baseline -0.003 -16"><span class='ocrx_word' id='word_1_67' title='bbox 391 1151 770 1207; x_wconf 88' lang='lat' dir='ltr'>Testamento</span> <span class='ocrx_word' id='word_1_68' title='bbox 794 1153 1322 1222; x_wconf 82' lang='lat' dir='ltr'>quantumcunque</span> <span class='ocrx_word' id='word_1_69' title='bbox 1346 1147 1725 1218; x_wconf 89' lang='lat' dir='ltr'>sanctus,qui</span> <span class='ocrx_word' id='word_1_70' title='bbox 1752 1150 1947 1202; x_wconf 89' lang='lat' dir='ltr'>tamen</span> <span class='ocrx_word' id='word_1_71' title='bbox 1971 1147 2052 1202; x_wconf 90' lang='lat' dir='ltr'>di-</span> 
     </span>
    </p>
   </div>
   <div class='ocr_carea' id='block_1_11' title="bbox 390 1236 2050 1308">
    <p class='ocr_par' dir='ltr' id='par_1_11' title="bbox 390 1236 2050 1308">
     <span class='ocr_line' id='line_1_11' title="bbox 390 1236 2050 1308; baseline -0.002 -13"><span class='ocrx_word' id='word_1_72' title='bbox 390 1242 608 1296; x_wconf 89' lang='lat' dir='ltr'>cuntur</span> <span class='ocrx_word' id='word_1_73' title='bbox 636 1238 909 1295; x_wconf 87' lang='lat' dir='ltr'>homines</span> <span class='ocrx_word' id='word_1_74' title='bbox 940 1238 1081 1293; x_wconf 89' lang='lat' dir='ltr'>Novi</span> <span class='ocrx_word' id='word_1_75' title='bbox 1114 1236 1495 1304; x_wconf 87' lang='lat' dir='ltr'>Testamenti,</span> <span class='ocrx_word' id='word_1_76' title='bbox 1530 1236 1723 1308; x_wconf 90' lang='lat' dir='ltr'>potuit</span> <span class='ocrx_word' id='word_1_77' title='bbox 1753 1236 2050 1307; x_wconf 79' lang='lat' dir='ltr'>pervenire</span> 
     </span>
    </p>
   </div>
   <div class='ocr_carea' id='block_1_12' title="bbox 389 1324 2047 1392">
    <p class='ocr_par' dir='ltr' id='par_1_12' title="bbox 389 1324 2047 1392">
     <span class='ocr_line' id='line_1_12' title="bbox 389 1324 2047 1392; baseline -0.003 -8"><span class='ocrx_word' id='word_1_78' title='bbox 389 1334 528 1385; x_wconf 86' lang='lat' dir='ltr'>ante</span> <span class='ocrx_word' id='word_1_79' title='bbox 576 1331 824 1383; x_wconf 84' lang='lat' dir='ltr'>mortem</span> <span class='ocrx_word' id='word_1_80' title='bbox 874 1325 1090 1382; x_wconf 84' lang='lat' dir='ltr'>Christi</span> <span class='ocrx_word' id='word_1_81' title='bbox 1123 1327 1195 1381; x_wconf 90' lang='lat' dir='ltr'>ad</span> <span class='ocrx_word' id='word_1_82' title='bbox 1228 1329 1496 1381; x_wconf 89' lang='lat' dir='ltr'>octavum</span> <span class='ocrx_word' id='word_1_83' title='bbox 1530 1324 1708 1392; x_wconf 87' lang='lat' dir='ltr'>diem,</span> <span class='ocrx_word' id='word_1_84' title='bbox 1744 1324 1800 1379; x_wconf 87' lang='lat' dir='ltr'>id</span> <span class='ocrx_word' id='word_1_85' title='bbox 1830 1329 1939 1391; x_wconf 91' lang='lat' dir='ltr'>est,</span> <span class='ocrx_word' id='word_1_86' title='bbox 1974 1325 2047 1379; x_wconf 90' lang='lat' dir='ltr'>ad</span> 
     </span>
    </p>
   </div>
   <div class='ocr_carea' id='block_1_13' title="bbox 390 1412 2048 1490">
    <p class='ocr_par' dir='ltr' id='par_1_13' title="bbox 390 1412 2048 1490">
     <span class='ocr_line' id='line_1_13' title="bbox 390 1412 2048 1490; baseline -0.003 -17"><span class='ocrx_word' id='word_1_87' title='bbox 390 1417 651 1489; x_wconf 87' lang='lat' dir='ltr'>requiem</span> <span class='ocrx_word' id='word_1_88' title='bbox 683 1416 1075 1490; x_wconf 84' lang='lat' dir='ltr'>significatam</span> <span class='ocrx_word' id='word_1_89' title='bbox 1101 1431 1205 1487; x_wconf 82' lang='lat' dir='ltr'>per</span> <span class='ocrx_word' id='word_1_90' title='bbox 1224 1414 1482 1486; x_wconf 88' lang='lat' dir='ltr'>requiem</span> <span class='ocrx_word' id='word_1_91' title='bbox 1511 1414 1859 1469; x_wconf 83' lang='lat' dir='ltr'>celebratam</span> <span class='ocrx_word' id='word_1_92' title='bbox 1881 1412 1941 1467; x_wconf 92' lang='lat' dir='ltr'>in</span> <span class='ocrx_word' id='word_1_93' title='bbox 1964 1429 2048 1468; x_wconf 90' lang='lat' dir='ltr'>se-</span> 
     </span>
    </p>
   </div>
   <div class='ocr_carea' id='block_1_14' title="bbox 389 1500 2044 1579">
    <p class='ocr_par' dir='ltr' id='par_1_14' title="bbox 389 1500 2044 1579">
     <span class='ocr_line' id='line_1_14' title="bbox 389 1500 2044 1579; baseline -0.002 -19"><span class='ocrx_word' id='word_1_94' title='bbox 389 1507 577 1579; x_wconf 90' lang='lat' dir='ltr'>ptima</span> <span class='ocrx_word' id='word_1_95' title='bbox 603 1505 718 1573; x_wconf 92' lang='lat' dir='ltr'>die,</span> <span class='ocrx_word' id='word_1_96' title='bbox 750 1509 811 1560; x_wconf 90' lang='lat' dir='ltr'>et</span> <span class='ocrx_word' id='word_1_97' title='bbox 838 1504 1208 1575; x_wconf 80' lang='lat' dir='ltr'>designatam</span> <span class='ocrx_word' id='word_1_98' title='bbox 1241 1521 1344 1576; x_wconf 91' lang='lat' dir='ltr'>per</span> <span class='ocrx_word' id='word_1_99' title='bbox 1367 1506 1629 1558; x_wconf 83' lang='lat' dir='ltr'>octavam</span> <span class='ocrx_word' id='word_1_100' title='bbox 1662 1501 1839 1557; x_wconf 90' lang='lat' dir='ltr'>diem.</span> <span class='ocrx_word' id='word_1_101' title='bbox 1861 1500 1919 1557; x_wconf 87' lang='lat' dir='ltr'>Si</span> <span class='ocrx_word' id='word_1_102' title='bbox 1943 1519 2044 1557; x_wconf 91' lang='lat' dir='ltr'>au-</span> 
     </span>
    </p>
   </div>
   <div class='ocr_carea' id='block_1_15' title="bbox 387 1591 2047 1666">
    <p class='ocr_par' dir='ltr' id='par_1_15' title="bbox 387 1591 2047 1666">
     <span class='ocr_line' id='line_1_15' title="bbox 387 1591 2047 1666; baseline -0.005 -14"><span class='ocrx_word' id='word_1_103' title='bbox 387 1599 509 1652; x_wconf 90' lang='lat' dir='ltr'>tem</span> <span class='ocrx_word' id='word_1_104' title='bbox 531 1617 558 1645; x_wconf 85' lang='lat'>«</span> <span class='ocrx_word' id='word_1_105' title='bbox 586 1595 645 1650; x_wconf 90' lang='lat' dir='ltr'>in</span> <span class='ocrx_word' id='word_1_106' title='bbox 677 1594 1079 1666; x_wconf 85' lang='lat' dir='ltr'>potentatibus</span> <span class='ocrx_word' id='word_1_107' title='bbox 1113 1616 1141 1642; x_wconf 82' lang='lat'>»</span> <span class='ocrx_word' id='word_1_108' title='bbox 1173 1596 1314 1648; x_wconf 89' lang='lat' dir='ltr'>sunt</span> <span class='ocrx_word' id='word_1_109' title='bbox 1341 1592 1468 1647; x_wconf 86' lang='lat' dir='ltr'>dies</span> <span class='ocrx_word' id='word_1_110' title='bbox 1500 1591 1704 1657; x_wconf 86' lang='lat' dir='ltr'>nostri,</span> <span class='ocrx_word' id='word_1_111' title='bbox 1736 1593 1877 1645; x_wconf 89' lang='lat' dir='ltr'>tunc</span> <span class='ocrx_word' id='word_1_112' title='bbox 1906 1592 2047 1645; x_wconf 90' lang='lat' dir='ltr'>sunt</span> 
     </span>
    </p>
   </div>
   <div class='ocr_carea' id='block_1_16' title="bbox 386 1679 2043 1756">
    <p class='ocr_par' dir='ltr' id='par_1_16' title="bbox 386 1679 2043 1756">
     <span class='ocr_line' id='line_1_16' title="bbox 386 1679 2043 1756; baseline -0.004 -17"><span class='ocrx_word' id='word_1_113' title='bbox 386 1683 688 1756; x_wconf 87' lang='lat' dir='ltr'>octoginta</span> <span class='ocrx_word' id='word_1_114' title='bbox 715 1682 875 1749; x_wconf 90' lang='lat' dir='ltr'>anni,</span> <span class='ocrx_word' id='word_1_115' title='bbox 910 1682 967 1736; x_wconf 92' lang='lat' dir='ltr'>id</span> <span class='ocrx_word' id='word_1_116' title='bbox 999 1686 1108 1747; x_wconf 89' lang='lat' dir='ltr'>est,</span> <span class='ocrx_word' id='word_1_117' title='bbox 1142 1681 1264 1736; x_wconf 91' lang='lat' dir='ltr'>vita</span> <span class='ocrx_word' id='word_1_118' title='bbox 1290 1684 1422 1736; x_wconf 89' lang='lat' dir='ltr'>acta</span> <span class='ocrx_word' id='word_1_119' title='bbox 1458 1681 1785 1736; x_wconf 89' lang='lat' dir='ltr'>secundum</span> <span class='ocrx_word' id='word_1_120' title='bbox 1820 1679 2043 1734; x_wconf 86' lang='lat' dir='ltr'>Novum</span> 
     </span>
    </p>
   </div>
   <div class='ocr_carea' id='block_1_17' title="bbox 386 1767 2043 1842">
    <p class='ocr_par' dir='ltr' id='par_1_17' title="bbox 386 1767 2043 1842">
     <span class='ocr_line' id='line_1_17' title="bbox 386 1767 2043 1842; baseline -0.004 -14"><span class='ocrx_word' id='word_1_121' title='bbox 386 1774 854 1837; x_wconf 85' lang='lat' dir='ltr'>Testamentum,</span> <span class='ocrx_word' id='word_1_122' title='bbox 889 1787 1015 1842; x_wconf 63' lang='lat' dir='ltr'>quae</span> <span class='ocrx_word' id='word_1_123' title='bbox 1047 1770 1266 1825; x_wconf 90' lang='lat' dir='ltr'>dicitur</span> <span class='ocrx_word' id='word_1_124' title='bbox 1290 1785 1419 1825; x_wconf 90' lang='lat' dir='ltr'>esse</span> <span class='ocrx_word' id='word_1_125' title='bbox 1441 1793 1468 1819; x_wconf 83' lang='lat'><strong>«</strong></span> <span class='ocrx_word' id='word_1_126' title='bbox 1496 1768 1556 1823; x_wconf 92' lang='lat' dir='ltr'>in</span> <span class='ocrx_word' id='word_1_127' title='bbox 1586 1767 2043 1841; x_wconf 85' lang='lat' dir='ltr'>potentatibus,»</span> 
     </span>
    </p>
   </div>
   <div class='ocr_carea' id='block_1_18' title="bbox 386 1856 2044 1936">
    <p class='ocr_par' dir='ltr' id='par_1_18' title="bbox 386 1856 2044 1936">
     <span class='ocr_line' id='line_1_18' title="bbox 386 1856 2044 1936; baseline -0.004 -19"><span class='ocrx_word' id='word_1_128' title='bbox 386 1862 526 1936; x_wconf 87' lang='lat' dir='ltr'>quia</span> <span class='ocrx_word' id='word_1_129' title='bbox 556 1860 759 1917; x_wconf 85' lang='lat' dir='ltr'>ﬁdeles</span> <span class='ocrx_word' id='word_1_130' title='bbox 788 1859 930 1916; x_wconf 92' lang='lat' dir='ltr'>Novi</span> <span class='ocrx_word' id='word_1_131' title='bbox 954 1859 1315 1915; x_wconf 89' lang='lat' dir='ltr'>Testamenti</span> <span class='ocrx_word' id='word_1_132' title='bbox 1338 1862 1471 1931; x_wconf 90' lang='lat' dir='ltr'>post</span> <span class='ocrx_word' id='word_1_133' title='bbox 1492 1861 1739 1913; x_wconf 89' lang='lat' dir='ltr'>mortem</span> <span class='ocrx_word' id='word_1_134' title='bbox 1763 1857 1962 1912; x_wconf 87' lang='lat' dir='ltr'>statim</span> <span class='ocrx_word' id='word_1_135' title='bbox 1984 1856 2044 1911; x_wconf 91' lang='lat' dir='ltr'>in</span> 
     </span>
    </p>
   </div>
   <div class='ocr_carea' id='block_1_19' title="bbox 385 1945 2122 2044">
    <p class='ocr_par' dir='ltr' id='par_1_19' title="bbox 385 1945 2122 2044">
     <span class='ocr_line' id='line_1_19' title="bbox 385 1945 2122 2044; baseline -0.005 -36"><span class='ocrx_word' id='word_1_136' title='bbox 385 1951 647 2024; x_wconf 90' lang='lat' dir='ltr'>requiem</span> <span class='ocrx_word' id='word_1_137' title='bbox 681 1950 1107 2044; x_wconf 75' lang='lat' dir='ltr'>perducuntur.</span> <span class='ocrx_word' id='word_1_138' title='bbox 1138 1949 1211 2004; x_wconf 90' lang='lat' dir='ltr'>Et</span> <span class='ocrx_word' id='word_1_139' title='bbox 1238 1946 1496 2020; x_wconf 88' lang='lat' dir='ltr'>amplius</span> <span class='ocrx_word' id='word_1_140' title='bbox 1541 1963 1745 2003; x_wconf 88' lang='lat' dir='ltr'>eorum</span> <span class='ocrx_word' id='word_1_141' title='bbox 1793 1945 1960 2001; x_wconf 88' lang='lat' dir='ltr'>labor</span> <span class='ocrx_word' id='word_1_142' title='bbox 1988 1948 2046 2001; x_wconf 90' lang='lat' dir='ltr'>et</span> <span class='ocrx_word' id='word_1_143' title='bbox 2073 1978 2122 2044; x_wconf 76' lang='grc' dir='ltr'><strong>Β</strong></span> 
     </span>
    </p>
   </div>
   <div class='ocr_carea' id='block_1_20' title="bbox 384 2036 2041 2112">
    <p class='ocr_par' dir='ltr' id='par_1_20' title="bbox 384 2036 2041 2112">
     <span class='ocr_line' id='line_1_20' title="bbox 384 2036 2041 2112; baseline -0.005 -15"><span class='ocrx_word' id='word_1_144' title='bbox 384 2040 637 2111; x_wconf 91' lang='lat' dir='ltr'>dolor,id</span> <span class='ocrx_word' id='word_1_145' title='bbox 657 2043 767 2106; x_wconf 91' lang='lat' dir='ltr'>est,</span> <span class='ocrx_word' id='word_1_146' title='bbox 783 2036 1075 2112; x_wconf 89' lang='lat' dir='ltr'>quidquid</span> <span class='ocrx_word' id='word_1_147' title='bbox 1102 2041 1266 2093; x_wconf 86' lang='lat' dir='ltr'>extra</span> <span class='ocrx_word' id='word_1_148' title='bbox 1292 2036 1476 2092; x_wconf 87' lang='lat' dir='ltr'>Vetus</span> <span class='ocrx_word' id='word_1_149' title='bbox 1504 2040 1564 2092; x_wconf 87' lang='lat' dir='ltr'>et</span> <span class='ocrx_word' id='word_1_150' title='bbox 1583 2036 1810 2091; x_wconf 91' lang='lat' dir='ltr'>Novum</span> <span class='ocrx_word' id='word_1_151' title='bbox 1832 2036 2041 2090; x_wconf 89' lang='lat' dir='ltr'>Testa-</span> 
     </span>
    </p>
   </div>
   <div class='ocr_carea' id='block_1_21' title="bbox 382 2123 2043 2201">
    <p class='ocr_par' dir='ltr' id='par_1_21' title="bbox 382 2123 2043 2201">
     <span class='ocr_line' id='line_1_21' title="bbox 382 2123 2043 2201; baseline -0.004 -15"><span class='ocrx_word' id='word_1_152' title='bbox 382 2134 650 2186; x_wconf 89' lang='lat' dir='ltr'>mentum</span> <span class='ocrx_word' id='word_1_153' title='bbox 682 2127 895 2201; x_wconf 89' lang='lat' dir='ltr'>agitur,</span> <span class='ocrx_word' id='word_1_154' title='bbox 929 2126 1095 2183; x_wconf 88' lang='lat' dir='ltr'>labor</span> <span class='ocrx_word' id='word_1_155' title='bbox 1124 2130 1181 2183; x_wconf 91' lang='lat' dir='ltr'>et</span> <span class='ocrx_word' id='word_1_156' title='bbox 1209 2125 1376 2182; x_wconf 91' lang='lat' dir='ltr'>dolor</span> <span class='ocrx_word' id='word_1_157' title='bbox 1391 2129 1502 2196; x_wconf 90' lang='lat' dir='ltr'>est,</span> <span class='ocrx_word' id='word_1_158' title='bbox 1525 2124 1665 2197; x_wconf 87' lang='lat' dir='ltr'>quia</span> <span class='ocrx_word' id='word_1_159' title='bbox 1684 2124 1732 2180; x_wconf 90' lang='lat' dir='ltr'><strong>si</strong></span> <span class='ocrx_word' id='word_1_160' title='bbox 1761 2123 1895 2196; x_wconf 89' lang='lat' dir='ltr'>quis</span> <span class='ocrx_word' id='word_1_161' title='bbox 1916 2123 2043 2179; x_wconf 89' lang='lat' dir='ltr'>sine</span> 
     </span>
    </p>
   </div>
   <div class='ocr_carea' id='block_1_22' title="bbox 380 2211 2043 2286">
    <p class='ocr_par' dir='ltr' id='par_1_22' title="bbox 380 2211 2043 2286">
     <span class='ocr_line' id='line_1_22' title="bbox 380 2211 2043 2286; baseline -0.004 -10"><span class='ocrx_word' id='word_1_162' title='bbox 380 2218 514 2276; x_wconf 89' lang='lat' dir='ltr'>istis</span> <span class='ocrx_word' id='word_1_163' title='bbox 542 2217 704 2286; x_wconf 88' lang='lat' dir='ltr'>vivit,</span> <span class='ocrx_word' id='word_1_164' title='bbox 737 2217 969 2274; x_wconf 88' lang='lat' dir='ltr'>labores</span> <span class='ocrx_word' id='word_1_165' title='bbox 1007 2219 1066 2273; x_wconf 90' lang='lat' dir='ltr'>et</span> <span class='ocrx_word' id='word_1_166' title='bbox 1112 2215 1342 2272; x_wconf 90' lang='lat' dir='ltr'>dolores</span> <span class='ocrx_word' id='word_1_167' title='bbox 1391 2216 1451 2270; x_wconf 92' lang='lat' dir='ltr'>in</span> <span class='ocrx_word' id='word_1_168' title='bbox 1504 2213 1739 2270; x_wconf 78' lang='lat' dir='ltr'>aeternis</span> <span class='ocrx_word' id='word_1_169' title='bbox 1786 2211 2043 2269; x_wconf 89' lang='lat' dir='ltr'>miseriis</span> 
     </span>
    </p>
   </div>
   <div class='ocr_carea' id='block_1_23' title="bbox 381 2310 796 2380">
    <p class='ocr_par' dir='ltr' id='par_1_23' title="bbox 381 2310 796 2380">
     <span class='ocr_line' id='line_1_23' title="bbox 381 2310 796 2380; baseline -0.007 -15"><span class='ocrx_word' id='word_1_170' title='bbox 381 2310 796 2380; x_wconf 89' lang='lat' dir='ltr'>consequetur.</span> 
     </span>
    </p>
   </div>
   <div class='ocr_carea' id='block_1_24' title="bbox 453 2390 2042 2464">
    <p class='ocr_par' dir='ltr' id='par_1_24' title="bbox 453 2390 2042 2464">
     <span class='ocr_line' id='line_1_24' title="bbox 453 2390 2042 2464; baseline -0.002 -16"><span class='ocrx_word' id='word_1_171' title='bbox 453 2420 482 2448; x_wconf 89' lang='grc'><strong><em>‹‹</em></strong></span> <span class='ocrx_word' id='word_1_172' title='bbox 518 2395 828 2464; x_wconf 88' lang='lat' dir='ltr'>Quoniam.</span> <span class='ocrx_word' id='word_1_173' title='bbox 861 2416 890 2447; x_wconf 78' lang='lat'><strong>»</strong></span> <span class='ocrx_word' id='word_1_174' title='bbox 924 2396 1062 2451; x_wconf 91' lang='lat' dir='ltr'>Ideo</span> <span class='ocrx_word' id='word_1_175' title='bbox 1093 2395 1249 2450; x_wconf 90' lang='lat' dir='ltr'>Deus</span> <span class='ocrx_word' id='word_1_176' title='bbox 1268 2394 1452 2449; x_wconf 90' lang='lat' dir='ltr'>vitam</span> <span class='ocrx_word' id='word_1_177' title='bbox 1473 2391 1792 2449; x_wconf 90' lang='lat' dir='ltr'>abreviavit</span> <span class='ocrx_word' id='word_1_178' title='bbox 1810 2394 1870 2446; x_wconf 89' lang='lat' dir='ltr'>et</span> <span class='ocrx_word' id='word_1_179' title='bbox 1886 2390 2042 2446; x_wconf 82' lang='lat' dir='ltr'>labo-</span> 
     </span>
    </p>
   </div>
   <div class='ocr_carea' id='block_1_25' title="bbox 380 2479 2043 2555">
    <p class='ocr_par' dir='ltr' id='par_1_25' title="bbox 380 2479 2043 2555">
     <span class='ocr_line' id='line_1_25' title="bbox 380 2479 2043 2555; baseline -0.006 -12"><span class='ocrx_word' id='word_1_180' title='bbox 380 2504 475 2543; x_wconf 91' lang='lat' dir='ltr'>res</span> <span class='ocrx_word' id='word_1_181' title='bbox 504 2490 562 2542; x_wconf 87' lang='lat' dir='ltr'>et</span> <span class='ocrx_word' id='word_1_182' title='bbox 589 2485 820 2542; x_wconf 92' lang='lat' dir='ltr'>dolores</span> <span class='ocrx_word' id='word_1_183' title='bbox 853 2483 1124 2549; x_wconf 86' lang='lat' dir='ltr'>contulit,</span> <span class='ocrx_word' id='word_1_184' title='bbox 1149 2505 1178 2534; x_wconf 85' lang='lat'><strong>«</strong></span> <span class='ocrx_word' id='word_1_185' title='bbox 1210 2482 1491 2555; x_wconf 87' lang='lat' dir='ltr'>quoniam</span> <span class='ocrx_word' id='word_1_186' title='bbox 1524 2479 2043 2553; x_wconf 83' lang='lat' dir='ltr'>supervenit‘man—</span> 
     </span>
    </p>
   </div>
   <div class='ocr_carea' id='block_1_26' title="bbox 379 2566 2037 2644">
    <p class='ocr_par' dir='ltr' id='par_1_26' title="bbox 379 2566 2037 2644">
     <span class='ocr_line' id='line_1_26' title="bbox 379 2566 2037 2644; baseline -0.007 -12"><span class='ocrx_word' id='word_1_187' title='bbox 379 2576 654 2644; x_wconf 88' lang='lat' dir='ltr'>suetudo,</span> <span class='ocrx_word' id='word_1_188' title='bbox 685 2597 713 2625; x_wconf 83' lang='lat'><strong>»</strong></span> <span class='ocrx_word' id='word_1_189' title='bbox 742 2573 801 2629; x_wconf 87' lang='lat' dir='ltr'>id</span> <span class='ocrx_word' id='word_1_190' title='bbox 832 2577 941 2642; x_wconf 89' lang='lat' dir='ltr'>est,</span> <span class='ocrx_word' id='word_1_191' title='bbox 974 2571 1382 2628; x_wconf 88' lang='lat' dir='ltr'>misericordia</span> <span class='ocrx_word' id='word_1_192' title='bbox 1410 2570 1511 2625; x_wconf 90' lang='lat' dir='ltr'>Dei</span> <span class='ocrx_word' id='word_1_193' title='bbox 1553 2566 1889 2641; x_wconf 86' lang='lat' dir='ltr'>supervenit</span> <span class='ocrx_word' id='word_1_194' title='bbox 1917 2566 2037 2636; x_wconf 63' lang='lat' dir='ltr'>iraa,</span> 
     </span>
    </p>
   </div>
   <div class='ocr_carea' id='block_1_27' title="bbox 386 2657 2043 2737">
    <p class='ocr_par' dir='ltr' id='par_1_27' title="bbox 386 2657 2043 2737">
     <span class='ocr_line' id='line_1_27' title="bbox 386 2657 2043 2737; baseline -0.007 -15"><span class='ocrx_word' id='word_1_195' title='bbox 386 2669 448 2723; x_wconf 89' lang='lat' dir='ltr'>et</span> <span class='ocrx_word' id='word_1_196' title='bbox 476 2663 667 2737; x_wconf 85' lang='lat' dir='ltr'>ipsam</span> <span class='ocrx_word' id='word_1_197' title='bbox 697 2663 847 2719; x_wconf 87' lang='lat' dir='ltr'>iram</span> <span class='ocrx_word' id='word_1_198' title='bbox 866 2660 1350 2733; x_wconf 88' lang='lat' dir='ltr'>eontemperavit,</span> <span class='ocrx_word' id='word_1_199' title='bbox 1367 2663 1435 2715; x_wconf 92' lang='lat' dir='ltr'>ut</span> <span class='ocrx_word' id='word_1_200' title='bbox 1455 2658 1543 2714; x_wconf 89' lang='lat' dir='ltr'>ira</span> <span class='ocrx_word' id='word_1_201' title='bbox 1560 2659 1660 2714; x_wconf 89' lang='lat' dir='ltr'>Dei</span> <span class='ocrx_word' id='word_1_202' title='bbox 1676 2658 1803 2731; x_wconf 85' lang='lat' dir='ltr'>jam</span> <span class='ocrx_word' id='word_1_203' title='bbox 1826 2673 1941 2712; x_wconf 92' lang='lat' dir='ltr'>non</span> <span class='ocrx_word' id='word_1_204' title='bbox 1965 2657 2043 2711; x_wconf 90' lang='lat' dir='ltr'>sit</span> 
     </span>
    </p>
   </div>
   <div class='ocr_carea' id='block_1_28' title="bbox 380 2747 2038 2821">
    <p class='ocr_par' dir='ltr' id='par_1_28' title="bbox 380 2747 2038 2821">
     <span class='ocr_line' id='line_1_28' title="bbox 380 2747 2038 2821; baseline -0.005 -11"><span class='ocrx_word' id='word_1_205' title='bbox 380 2751 554 2811; x_wconf 87' lang='lat' dir='ltr'>nobis</span> <span class='ocrx_word' id='word_1_206' title='bbox 583 2752 655 2809; x_wconf 89' lang='lat' dir='ltr'>ad</span> <span class='ocrx_word' id='word_1_207' title='bbox 689 2750 1263 2818; x_wconf 89' lang='lat' dir='ltr'>damnationem,scd</span> <span class='ocrx_word' id='word_1_208' title='bbox 1297 2750 1369 2804; x_wconf 87' lang='lat' dir='ltr'>ad</span> <span class='ocrx_word' id='word_1_209' title='bbox 1402 2747 1834 2821; x_wconf 87' lang='lat' dir='ltr'>purgationem,</span> <span class='ocrx_word' id='word_1_210' title='bbox 1858 2768 1888 2796; x_wconf 88' lang='grc'>‹‹</span> <span class='ocrx_word' id='word_1_211' title='bbox 1920 2750 1979 2801; x_wconf 85' lang='lat' dir='ltr'>et</span> <span class='ocrx_word' id='word_1_212' title='bbox 2010 2768 2038 2794; x_wconf 87' lang='grc'><strong>››</strong></span> 
     </span>
    </p>
   </div>
   <div class='ocr_carea' id='block_1_29' title="bbox 378 2835 2042 2917">
    <p class='ocr_par' dir='ltr' id='par_1_29' title="bbox 378 2835 2042 2917">
     <span class='ocr_line' id='line_1_29' title="bbox 378 2835 2042 2917; baseline -0.005 -18"><span class='ocrx_word' id='word_1_213' title='bbox 378 2860 484 2917; x_wconf 90' lang='lat' dir='ltr'>per</span> <span class='ocrx_word' id='word_1_214' title='bbox 529 2841 693 2898; x_wconf 89' lang='lat' dir='ltr'>illam</span> <span class='ocrx_word' id='word_1_215' title='bbox 744 2841 846 2898; x_wconf 91' lang='lat' dir='ltr'>Dei</span> <span class='ocrx_word' id='word_1_216' title='bbox 897 2839 1415 2897; x_wconf 88' lang='lat' dir='ltr'>mansuetudinem</span> <span class='ocrx_word' id='word_1_217' title='bbox 1450 2859 1479 2889; x_wconf 85' lang='lat'>«</span> <span class='ocrx_word' id='word_1_218' title='bbox 1510 2835 1898 2910; x_wconf 88' lang='lat' dir='ltr'>corripiemur</span> <span class='ocrx_word' id='word_1_219' title='bbox 1928 2857 1957 2884; x_wconf 89' lang='grc'><strong>››</strong></span> <span class='ocrx_word' id='word_1_220' title='bbox 2006 2851 2042 2890; x_wconf 91' lang='lat' dir='ltr'>a</span> 
     </span>
    </p>
   </div>
   <div class='ocr_carea' id='block_1_30' title="bbox 382 2931 914 3007">
    <p class='ocr_par' dir='ltr' id='par_1_30' title="bbox 382 2931 914 3007">
     <span class='ocr_line' id='line_1_30' title="bbox 382 2931 914 3007; baseline -0.006 -18"><span class='ocrx_word' id='word_1_221' title='bbox 382 2931 643 3007; x_wconf 86' lang='lat' dir='ltr'>peccatis</span> <span class='ocrx_word' id='word_1_222' title='bbox 674 2931 914 2988; x_wconf 89' lang='lat' dir='ltr'>nostris.</span> 
     </span>
    </p>
   </div>
   <div class='ocr_carea' id='block_1_31' title="bbox 451 3018 2038 3093">
    <p class='ocr_par' dir='ltr' id='par_1_31' title="bbox 451 3018 2038 3093">
     <span class='ocr_line' id='line_1_31' title="bbox 451 3018 2038 3093; baseline -0.007 -15"><span class='ocrx_word' id='word_1_223' title='bbox 451 3045 480 3073; x_wconf 87' lang='lat'><strong>«</strong></span> <span class='ocrx_word' id='word_1_224' title='bbox 513 3021 675 3088; x_wconf 87' lang='lat' dir='ltr'>Quis.</span> <span class='ocrx_word' id='word_1_225' title='bbox 713 3043 743 3070; x_wconf 83' lang='lat'><strong>»</strong></span> <span class='ocrx_word' id='word_1_226' title='bbox 775 3019 1262 3093; x_wconf 87' lang='lat' dir='ltr'>Quandoquidem</span> <span class='ocrx_word' id='word_1_227' title='bbox 1294 3019 1449 3076; x_wconf 92' lang='lat' dir='ltr'>Deus</span> <span class='ocrx_word' id='word_1_228' title='bbox 1481 3018 1627 3074; x_wconf 89' lang='lat' dir='ltr'>iram</span> <span class='ocrx_word' id='word_1_229' title='bbox 1655 3032 1824 3072; x_wconf 87' lang='lat' dir='ltr'>suam</span> <span class='ocrx_word' id='word_1_230' title='bbox 1866 3030 2038 3069; x_wconf 91' lang='lat' dir='ltr'>man-</span> 
     </span>
    </p>
   </div>
   <div class='ocr_carea' id='block_1_32' title="bbox 382 3101 2037 3179">
    <p class='ocr_par' dir='ltr' id='par_1_32' title="bbox 382 3101 2037 3179">
     <span class='ocr_line' id='line_1_32' title="bbox 382 3101 2037 3179; baseline -0.007 -11"><span class='ocrx_word' id='word_1_231' title='bbox 382 3114 615 3168; x_wconf 86' lang='lat' dir='ltr'>suetam</span> <span class='ocrx_word' id='word_1_232' title='bbox 630 3110 911 3178; x_wconf 88' lang='lat' dir='ltr'>facit,non</span> <span class='ocrx_word' id='word_1_233' title='bbox 932 3112 1130 3166; x_wconf 83' lang='lat' dir='ltr'>tamen</span> <span class='ocrx_word' id='word_1_234' title='bbox 1149 3113 1216 3163; x_wconf 92' lang='lat' dir='ltr'>ut</span> <span class='ocrx_word' id='word_1_235' title='bbox 1238 3125 1345 3163; x_wconf 92' lang='lat' dir='ltr'>nos</span> <span class='ocrx_word' id='word_1_236' title='bbox 1366 3124 1481 3163; x_wconf 89' lang='lat' dir='ltr'>non</span> <span class='ocrx_word' id='word_1_237' title='bbox 1504 3105 1839 3179; x_wconf 88' lang='lat' dir='ltr'>puniat,sed</span> <span class='ocrx_word' id='word_1_238' title='bbox 1861 3101 2037 3158; x_wconf 91' lang='lat' dir='ltr'>etiam</span> 
     </span>
    </p>
   </div>
   <div class='ocr_carea' id='block_1_33' title="bbox 382 3192 2037 3270">
    <p class='ocr_par' dir='ltr' id='par_1_33' title="bbox 382 3192 2037 3270">
     <span class='ocr_line' id='line_1_33' title="bbox 382 3192 2037 3270; baseline -0.005 -15"><span class='ocrx_word' id='word_1_239' title='bbox 382 3204 450 3256; x_wconf 89' lang='lat' dir='ltr'>ut</span> <span class='ocrx_word' id='word_1_240' title='bbox 470 3215 578 3254; x_wconf 91' lang='lat' dir='ltr'>nos</span> <span class='ocrx_word' id='word_1_241' title='bbox 600 3198 1014 3270; x_wconf 85' lang='lat' dir='ltr'>corrigat,ergo</span> <span class='ocrx_word' id='word_1_242' title='bbox 1040 3218 1069 3248; x_wconf 85' lang='lat'><strong>«</strong></span> <span class='ocrx_word' id='word_1_243' title='bbox 1089 3196 1223 3269; x_wconf 90' lang='lat' dir='ltr'>quis</span> <span class='ocrx_word' id='word_1_244' title='bbox 1243 3197 1402 3252; x_wconf 91' lang='lat' dir='ltr'>novit</span> <span class='ocrx_word' id='word_1_245' title='bbox 1424 3199 1829 3268; x_wconf 85' lang='lat' dir='ltr'>potestatem,»</span> <span class='ocrx_word' id='word_1_246' title='bbox 1847 3192 1903 3248; x_wconf 90' lang='lat' dir='ltr'>id</span> <span class='ocrx_word' id='word_1_247' title='bbox 1925 3195 2037 3263; x_wconf 90' lang='lat' dir='ltr'>est,</span> 
     </span>
    </p>
   </div>
   <div class='ocr_carea' id='block_1_34' title="bbox 382 3280 2035 3356">
    <p class='ocr_par' dir='ltr' id='par_1_34' title="bbox 382 3280 2035 3356">
     <span class='ocr_line' id='line_1_34' title="bbox 382 3280 2035 3356; baseline -0.007 -11"><span class='ocrx_word' id='word_1_248' title='bbox 382 3286 708 3345; x_wconf 79' lang='lat' dir='ltr'>efﬁcaciam</span> <span class='ocrx_word' id='word_1_249' title='bbox 744 3307 773 3337; x_wconf 89' lang='lat'>«</span> <span class='ocrx_word' id='word_1_250' title='bbox 803 3285 903 3340; x_wconf 61' lang='lat' dir='ltr'>ira;</span> <span class='ocrx_word' id='word_1_251' title='bbox 934 3289 1067 3352; x_wconf 67' lang='lat' dir='ltr'>tum,</span> <span class='ocrx_word' id='word_1_252' title='bbox 1096 3308 1123 3334; x_wconf 75' lang='lat' dir='ltr'>n</span> <span class='ocrx_word' id='word_1_253' title='bbox 1155 3286 1213 3341; x_wconf 92' lang='lat' dir='ltr'>id</span> <span class='ocrx_word' id='word_1_254' title='bbox 1235 3289 1345 3353; x_wconf 89' lang='lat' dir='ltr'>est,</span> <span class='ocrx_word' id='word_1_255' title='bbox 1369 3283 1505 3356; x_wconf 90' lang='lat' dir='ltr'>quis</span> <span class='ocrx_word' id='word_1_256' title='bbox 1536 3283 1867 3339; x_wconf 86' lang='lat' dir='ltr'>considerat</span> <span class='ocrx_word' id='word_1_257' title='bbox 1888 3280 2035 3334; x_wconf 87' lang='lat' dir='ltr'>iram</span> 
     </span>
    </p>
   </div>
   <div class='ocr_carea' id='block_1_35' title="bbox 2162 705 3805 781">
    <p class='ocr_par' dir='ltr' id='par_1_35' title="bbox 2162 705 3805 781">
     <span class='ocr_line' id='line_1_35' title="bbox 2162 705 3805 781; baseline -0.001 -20"><span class='ocrx_word' id='word_1_258' title='bbox 2162 705 2321 762; x_wconf 63' lang='lat' dir='ltr'>mala</span> <span class='ocrx_word' id='word_1_259' title='bbox 2349 706 2529 778; x_wconf 85' lang='lat' dir='ltr'>hujus</span> <span class='ocrx_word' id='word_1_260' title='bbox 2554 707 2686 762; x_wconf 68' lang='lat' dir='ltr'>vita:</span> <span class='ocrx_word' id='word_1_261' title='bbox 2718 724 2731 763; x_wconf 92' lang='lat'>:</span> <span class='ocrx_word' id='word_1_262' title='bbox 2767 711 2825 762; x_wconf 90' lang='lat' dir='ltr'>et</span> <span class='ocrx_word' id='word_1_263' title='bbox 2854 706 2975 781; x_wconf 40' lang='lat' dir='ltr'>hoc.</span> <span class='ocrx_word' id='word_1_264' title='bbox 2996 710 3105 774; x_wconf 90' lang='lat' dir='ltr'>est,</span> <span class='ocrx_word' id='word_1_265' title='bbox 3144 728 3173 756; x_wconf 83' lang='lat'><strong>«</strong></span> <span class='ocrx_word' id='word_1_266' title='bbox 3203 705 3263 761; x_wconf 91' lang='lat' dir='ltr'>in</span> <span class='ocrx_word' id='word_1_267' title='bbox 3296 705 3571 762; x_wconf 88' lang='lat' dir='ltr'>omnibus</span> <span class='ocrx_word' id='word_1_268' title='bbox 3600 705 3805 761; x_wconf 78' lang='lat' dir='ltr'>diebus</span> 
     </span>
    </p>
   </div>
   <div class='ocr_carea' id='block_1_36' title="bbox 2164 794 3802 868">
    <p class='ocr_par' dir='ltr' id='par_1_36' title="bbox 2164 794 3802 868">
     <span class='ocr_line' id='line_1_36' title="bbox 2164 794 3802 868; baseline -0.001 -19"><span class='ocrx_word' id='word_1_269' title='bbox 2164 795 2381 852; x_wconf 86' lang='lat' dir='ltr'>nostris</span> <span class='ocrx_word' id='word_1_270' title='bbox 2415 817 2442 845; x_wconf 85' lang='grc'>››</span> <span class='ocrx_word' id='word_1_271' title='bbox 2475 796 2546 851; x_wconf 90' lang='lat' dir='ltr'>de</span> <span class='ocrx_word' id='word_1_272' title='bbox 2577 794 2794 867; x_wconf 88' lang='lat' dir='ltr'>quibus</span> <span class='ocrx_word' id='word_1_273' title='bbox 2820 798 3070 863; x_wconf 88' lang='lat' dir='ltr'>constat,</span> <span class='ocrx_word' id='word_1_274' title='bbox 3095 794 3195 868; x_wconf 92' lang='lat' dir='ltr'>qui</span> <span class='ocrx_word' id='word_1_275' title='bbox 3218 811 3521 867; x_wconf 87' lang='lat' dir='ltr'>nunquam</span> <span class='ocrx_word' id='word_1_276' title='bbox 3554 797 3802 866; x_wconf 87' lang='lat' dir='ltr'>aguntur</span> 
     </span>
    </p>
   </div>
   <div class='ocr_carea' id='block_1_37' title="bbox 2161 883 2576 941">
    <p class='ocr_par' dir='ltr' id='par_1_37' title="bbox 2161 883 2576 941">
     <span class='ocr_line' id='line_1_37' title="bbox 2161 883 2576 941; baseline -0.002 -1"><span class='ocrx_word' id='word_1_277' title='bbox 2161 883 2289 940; x_wconf 89' lang='lat' dir='ltr'>sine</span> <span class='ocrx_word' id='word_1_278' title='bbox 2321 884 2576 941; x_wconf 87' lang='lat' dir='ltr'>miseria.</span> 
     </span>
    </p>
   </div>
   <div class='ocr_carea' id='block_1_38' title="bbox 2234 970 3805 1037">
    <p class='ocr_par' dir='ltr' id='par_1_38' title="bbox 2234 970 3805 1037">
     <span class='ocr_line' id='line_1_38' title="bbox 2234 970 3805 1037; baseline 0.001 -13"><span class='ocrx_word' id='word_1_279' title='bbox 2234 997 2261 1024; x_wconf 88' lang='grc'>‹‹</span> <span class='ocrx_word' id='word_1_280' title='bbox 2289 975 2359 1029; x_wconf 92' lang='lat' dir='ltr'>Et</span> <span class='ocrx_word' id='word_1_281' title='bbox 2389 991 2504 1030; x_wconf 91' lang='lat' dir='ltr'>non</span> <span class='ocrx_word' id='word_1_282' title='bbox 2544 977 2774 1029; x_wconf 89' lang='lat' dir='ltr'>tantum</span> <span class='ocrx_word' id='word_1_283' title='bbox 2827 973 3003 1028; x_wconf 72' lang='lat' dir='ltr'>lzetati</span> <span class='ocrx_word' id='word_1_284' title='bbox 3051 988 3260 1028; x_wconf 91' lang='lat' dir='ltr'>sumus</span> <span class='ocrx_word' id='word_1_285' title='bbox 3308 972 3460 1027; x_wconf 87' lang='lat' dir='ltr'>inter</span> <span class='ocrx_word' id='word_1_286' title='bbox 3503 970 3676 1037; x_wconf 89' lang='lat' dir='ltr'>mala,</span> <span class='ocrx_word' id='word_1_287' title='bbox 3710 971 3805 1026; x_wconf 89' lang='lat' dir='ltr'>sed</span> 
     </span>
    </p>
   </div>
   <div class='ocr_carea' id='block_1_39' title="bbox 2160 1059 3807 1135">
    <p class='ocr_par' dir='ltr' id='par_1_39' title="bbox 2160 1059 3807 1135">
     <span class='ocr_line' id='line_1_39' title="bbox 2160 1059 3807 1135; baseline -0.002 -18"><span class='ocrx_word' id='word_1_288' title='bbox 2160 1063 2337 1118; x_wconf 88' lang='lat' dir='ltr'>etiam</span> <span class='ocrx_word' id='word_1_289' title='bbox 2372 1064 2500 1135; x_wconf 90' lang='lat' dir='ltr'>ipsa</span> <span class='ocrx_word' id='word_1_290' title='bbox 2529 1062 2687 1118; x_wconf 91' lang='lat' dir='ltr'>mala</span> <span class='ocrx_word' id='word_1_291' title='bbox 2715 1062 2937 1118; x_wconf 84' lang='lat' dir='ltr'>faciunt</span> <span class='ocrx_word' id='word_1_292' title='bbox 2968 1080 3073 1117; x_wconf 93' lang='lat' dir='ltr'>nos</span> <span class='ocrx_word' id='word_1_293' title='bbox 3103 1061 3372 1129; x_wconf 68' lang='lat' dir='ltr'>lmtari,et</span> <span class='ocrx_word' id='word_1_294' title='bbox 3400 1060 3509 1116; x_wconf 89' lang='lat' dir='ltr'>hoc</span> <span class='ocrx_word' id='word_1_295' title='bbox 3529 1063 3639 1130; x_wconf 88' lang='lat' dir='ltr'>est,</span> <span class='ocrx_word' id='word_1_296' title='bbox 3670 1082 3700 1110; x_wconf 90' lang='grc'><em>‹‹</em></span> <span class='ocrx_word' id='word_1_297' title='bbox 3722 1059 3807 1113; x_wconf 74' lang='grc' dir='ltr'>ιω-</span> 
     </span>
    </p>
   </div>
   <div class='ocr_carea' id='block_1_40' title="bbox 2161 1147 3809 1225">
    <p class='ocr_par' dir='ltr' id='par_1_40' title="bbox 2161 1147 3809 1225">
     <span class='ocr_line' id='line_1_40' title="bbox 2161 1147 3809 1225; baseline -0.003 -19"><span class='ocrx_word' id='word_1_298' title='bbox 2161 1150 2266 1207; x_wconf 89' lang='lat' dir='ltr'>tati</span> <span class='ocrx_word' id='word_1_299' title='bbox 2300 1169 2509 1207; x_wconf 89' lang='lat' dir='ltr'>sumus</span> <span class='ocrx_word' id='word_1_300' title='bbox 2538 1169 2642 1225; x_wconf 90' lang='lat' dir='ltr'>pro</span> <span class='ocrx_word' id='word_1_301' title='bbox 2675 1153 2904 1218; x_wconf 90' lang='lat' dir='ltr'>diebus,</span> <span class='ocrx_word' id='word_1_302' title='bbox 2937 1150 3154 1223; x_wconf 86' lang='lat' dir='ltr'>quibus</span> <span class='ocrx_word' id='word_1_303' title='bbox 3185 1167 3293 1206; x_wconf 88' lang='lat' dir='ltr'>nos</span> <span class='ocrx_word' id='word_1_304' title='bbox 3323 1147 3671 1215; x_wconf 90' lang='lat' dir='ltr'>humiliasti,</span> <span class='ocrx_word' id='word_1_305' title='bbox 3703 1169 3731 1198; x_wconf 83' lang='lat'>»</span> <span class='ocrx_word' id='word_1_306' title='bbox 3755 1150 3809 1202; x_wconf 91' lang='lat' dir='ltr'>et</span> 
     </span>
    </p>
   </div>
   <div class='ocr_carea' id='block_1_41' title="bbox 2158 1236 3803 1312">
    <p class='ocr_par' dir='ltr' id='par_1_41' title="bbox 2158 1236 3803 1312">
     <span class='ocr_line' id='line_1_41' title="bbox 2158 1236 3803 1312; baseline -0.003 -17"><span class='ocrx_word' id='word_1_307' title='bbox 2158 1258 2275 1295; x_wconf 90' lang='lat' dir='ltr'>non</span> <span class='ocrx_word' id='word_1_308' title='bbox 2298 1244 2528 1295; x_wconf 91' lang='lat' dir='ltr'>tantum</span> <span class='ocrx_word' id='word_1_309' title='bbox 2552 1240 2680 1296; x_wconf 92' lang='lat' dir='ltr'>dico</span> <span class='ocrx_word' id='word_1_310' title='bbox 2702 1258 2805 1312; x_wconf 91' lang='lat' dir='ltr'>pro</span> <span class='ocrx_word' id='word_1_311' title='bbox 2829 1240 3056 1307; x_wconf 89' lang='lat' dir='ltr'>diebus,</span> <span class='ocrx_word' id='word_1_312' title='bbox 3085 1240 3187 1295; x_wconf 90' lang='lat' dir='ltr'>sed</span> <span class='ocrx_word' id='word_1_313' title='bbox 3209 1237 3385 1294; x_wconf 90' lang='lat' dir='ltr'>etiam</span> <span class='ocrx_word' id='word_1_314' title='bbox 3410 1254 3513 1310; x_wconf 92' lang='lat' dir='ltr'>pro</span> <span class='ocrx_word' id='word_1_315' title='bbox 3537 1258 3566 1288; x_wconf 85' lang='lat'><strong>«</strong></span> <span class='ocrx_word' id='word_1_316' title='bbox 3587 1236 3757 1292; x_wconf 91' lang='lat' dir='ltr'>annis</span> <span class='ocrx_word' id='word_1_317' title='bbox 3777 1259 3803 1286; x_wconf 69' lang='grc' dir='ltr'><strong>η</strong></span> 
     </span>
    </p>
   </div>
   <div class='ocr_carea' id='block_1_42' title="bbox 2156 1325 3805 1401">
    <p class='ocr_par' dir='ltr' id='par_1_42' title="bbox 2156 1325 3805 1401">
     <span class='ocr_line' id='line_1_42' title="bbox 2156 1325 3805 1401; baseline -0.003 -17"><span class='ocrx_word' id='word_1_318' title='bbox 2156 1328 2215 1384; x_wconf 86' lang='grc'>111</span> <span class='ocrx_word' id='word_1_319' title='bbox 2254 1351 2281 1378; x_wconf 89' lang='grc'><em>‹‹</em></span> <span class='ocrx_word' id='word_1_320' title='bbox 2314 1328 2531 1400; x_wconf 90' lang='lat' dir='ltr'>quibus</span> <span class='ocrx_word' id='word_1_321' title='bbox 2564 1351 2592 1377; x_wconf 86' lang='lat'><strong>»</strong></span> <span class='ocrx_word' id='word_1_322' title='bbox 2626 1327 3071 1401; x_wconf 80' lang='lat' dir='ltr'>multipliciores</span> <span class='ocrx_word' id='word_1_323' title='bbox 3096 1331 3348 1399; x_wconf 91' lang='lat' dir='ltr'>possunt</span> <span class='ocrx_word' id='word_1_324' title='bbox 3377 1342 3506 1382; x_wconf 91' lang='lat' dir='ltr'>esse</span> <span class='ocrx_word' id='word_1_325' title='bbox 3536 1325 3805 1391; x_wconf 62' lang='lat' dir='ltr'>miserias,</span> 
     </span>
    </p>
   </div>
   <div class='ocr_carea' id='block_1_43' title="bbox 2156 1412 3809 1489">
    <p class='ocr_par' dir='ltr' id='par_1_43' title="bbox 2156 1412 3809 1489">
     <span class='ocr_line' id='line_1_43' title="bbox 2156 1412 3809 1489; baseline -0.002 -17"><span class='ocrx_word' id='word_1_326' title='bbox 2156 1434 2335 1489; x_wconf 90' lang='lat' dir='ltr'>quam</span> <span class='ocrx_word' id='word_1_327' title='bbox 2367 1417 2426 1472; x_wconf 90' lang='lat' dir='ltr'>in</span> <span class='ocrx_word' id='word_1_328' title='bbox 2459 1417 2689 1487; x_wconf 91' lang='lat' dir='ltr'>diebus,</span> <span class='ocrx_word' id='word_1_329' title='bbox 2724 1417 2942 1488; x_wconf 88' lang='lat' dir='ltr'>quibus</span> <span class='ocrx_word' id='word_1_330' title='bbox 2972 1416 3144 1470; x_wconf 90' lang='lat' dir='ltr'>annis</span> <span class='ocrx_word' id='word_1_331' title='bbox 3178 1437 3207 1466; x_wconf 83' lang='lat'><strong><em>«</em></strong></span> <span class='ocrx_word' id='word_1_332' title='bbox 3236 1414 3496 1470; x_wconf 90' lang='lat' dir='ltr'>vidimus</span> <span class='ocrx_word' id='word_1_333' title='bbox 3529 1435 3557 1465; x_wconf 84' lang='lat'><strong>»</strong></span> <span class='ocrx_word' id='word_1_334' title='bbox 3592 1414 3651 1468; x_wconf 92' lang='lat' dir='ltr'>in</span> <span class='ocrx_word' id='word_1_335' title='bbox 3683 1412 3809 1486; x_wconf 87' lang='lat' dir='ltr'>ipsa</span> 
     </span>
    </p>
   </div>
   <div class='ocr_carea' id='block_1_44' title="bbox 2154 1503 3809 1578">
    <p class='ocr_par' dir='ltr' id='par_1_44' title="bbox 2154 1503 3809 1578">
     <span class='ocr_line' id='line_1_44' title="bbox 2154 1503 3809 1578; baseline -0.002 -17"><span class='ocrx_word' id='word_1_336' title='bbox 2154 1507 2509 1578; x_wconf 84' lang='lat' dir='ltr'>experientia</span> <span class='ocrx_word' id='word_1_337' title='bbox 2535 1530 2561 1556; x_wconf 86' lang='grc'>‹‹</span> <span class='ocrx_word' id='word_1_338' title='bbox 2599 1504 2774 1573; x_wconf 88' lang='lat' dir='ltr'>mala,</span> <span class='ocrx_word' id='word_1_339' title='bbox 2815 1527 2834 1554; x_wconf 74' lang='grc' dir='ltr'>ι</span> <span class='ocrx_word' id='word_1_340' title='bbox 2868 1504 2926 1559; x_wconf 92' lang='lat' dir='ltr'>id</span> <span class='ocrx_word' id='word_1_341' title='bbox 2974 1508 3082 1571; x_wconf 91' lang='lat' dir='ltr'>est,</span> <span class='ocrx_word' id='word_1_342' title='bbox 3112 1504 3301 1559; x_wconf 89' lang='lat' dir='ltr'>multa</span> <span class='ocrx_word' id='word_1_343' title='bbox 3350 1504 3595 1559; x_wconf 89' lang='lat' dir='ltr'>adversa</span> <span class='ocrx_word' id='word_1_344' title='bbox 3640 1503 3809 1558; x_wconf 90' lang='lat' dir='ltr'>nobis</span> 
     </span>
    </p>
   </div>
   <div class='ocr_carea' id='block_1_45' title="bbox 2154 1585 3810 1663">
    <p class='ocr_par' dir='ltr' id='par_1_45' title="bbox 2154 1585 3810 1663">
     <span class='ocr_line' id='line_1_45' title="bbox 2154 1585 3810 1663; baseline -0.001 -14"><span class='ocrx_word' id='word_1_345' title='bbox 2154 1594 2318 1651; x_wconf 88' lang='lat' dir='ltr'>illata</span> <span class='ocrx_word' id='word_1_346' title='bbox 2341 1614 2354 1651; x_wconf 91' lang='lat'>:</span> <span class='ocrx_word' id='word_1_347' title='bbox 2380 1585 2817 1651; x_wconf 82' lang='lat' dir='ltr'>considerantes</span> <span class='ocrx_word' id='word_1_348' title='bbox 2836 1593 2991 1648; x_wconf 89' lang='lat' dir='ltr'>enim</span> <span class='ocrx_word' id='word_1_349' title='bbox 3014 1592 3137 1646; x_wconf 66' lang='lat' dir='ltr'>haac</span> <span class='ocrx_word' id='word_1_350' title='bbox 3160 1592 3318 1646; x_wconf 89' lang='lat' dir='ltr'>mala</span> <span class='ocrx_word' id='word_1_351' title='bbox 3340 1590 3509 1646; x_wconf 91' lang='lat' dir='ltr'>nobis</span> <span class='ocrx_word' id='word_1_352' title='bbox 3530 1592 3810 1663; x_wconf 88' lang='lat' dir='ltr'>prodesse</span> 
     </span>
    </p>
   </div>
   <div class='ocr_carea' id='block_1_46' title="bbox 2154 1679 3808 1755">
    <p class='ocr_par' dir='ltr' id='par_1_46' title="bbox 2154 1679 3808 1755">
     <span class='ocr_line' id='line_1_46' title="bbox 2154 1679 3808 1755; baseline -0.002 -16"><span class='ocrx_word' id='word_1_353' title='bbox 2154 1685 2225 1739; x_wconf 92' lang='lat' dir='ltr'>ad</span> <span class='ocrx_word' id='word_1_354' title='bbox 2257 1685 2435 1739; x_wconf 90' lang='lat' dir='ltr'>vitam</span> <span class='ocrx_word' id='word_1_355' title='bbox 2462 1687 2759 1750; x_wconf 80' lang='lat' dir='ltr'>aeternam,</span> <span class='ocrx_word' id='word_1_356' title='bbox 2782 1698 2885 1755; x_wconf 91' lang='lat' dir='ltr'>spe</span> <span class='ocrx_word' id='word_1_357' title='bbox 2914 1680 3076 1736; x_wconf 91' lang='lat' dir='ltr'>illius</span> <span class='ocrx_word' id='word_1_358' title='bbox 3105 1680 3233 1736; x_wconf 71' lang='lat' dir='ltr'>vitaa</span> <span class='ocrx_word' id='word_1_359' title='bbox 3252 1680 3314 1736; x_wconf 93' lang='lat' dir='ltr'>in</span> <span class='ocrx_word' id='word_1_360' title='bbox 3338 1679 3507 1736; x_wconf 92' lang='lat' dir='ltr'>nobis</span> <span class='ocrx_word' id='word_1_361' title='bbox 3528 1695 3808 1752; x_wconf 86' lang='lat' dir='ltr'>magnam</span> 
     </span>
    </p>
   </div>
   <div class='ocr_carea' id='block_1_47' title="bbox 2154 1772 2746 1846">
    <p class='ocr_par' dir='ltr' id='par_1_47' title="bbox 2154 1772 2746 1846">
     <span class='ocr_line' id='line_1_47' title="bbox 2154 1772 2746 1846; baseline -0.003 -17"><span class='ocrx_word' id='word_1_362' title='bbox 2154 1772 2414 1829; x_wconf 68' lang='lat' dir='ltr'>laetitiam</span> <span class='ocrx_word' id='word_1_363' title='bbox 2442 1776 2746 1846; x_wconf 80' lang='lat' dir='ltr'>generant.</span> 
     </span>
    </p>
   </div>
   <div class='ocr_carea' id='block_1_48' title="bbox 2226 1856 3808 1931">
    <p class='ocr_par' dir='ltr' id='par_1_48' title="bbox 2226 1856 3808 1931">
     <span class='ocr_line' id='line_1_48' title="bbox 2226 1856 3808 1931; baseline -0.005 -12"><span class='ocrx_word' id='word_1_364' title='bbox 2226 1887 2252 1914; x_wconf 94' lang='grc'><em>‹‹</em></span> <span class='ocrx_word' id='word_1_365' title='bbox 2288 1862 2633 1919; x_wconf 88' lang='lat' dir='ltr'>Convertere</span> <span class='ocrx_word' id='word_1_366' title='bbox 2666 1884 2694 1911; x_wconf 84' lang='grc'><strong>››</strong></span> <span class='ocrx_word' id='word_1_367' title='bbox 2726 1860 2875 1927; x_wconf 90' lang='lat' dir='ltr'>dico,</span> <span class='ocrx_word' id='word_1_368' title='bbox 2910 1863 2968 1915; x_wconf 91' lang='lat' dir='ltr'>et</span> <span class='ocrx_word' id='word_1_369' title='bbox 2996 1883 3024 1908; x_wconf 87' lang='grc'>‹‹</span> <span class='ocrx_word' id='word_1_370' title='bbox 3060 1859 3286 1931; x_wconf 87' lang='lat' dir='ltr'>respice</span> <span class='ocrx_word' id='word_1_371' title='bbox 3318 1879 3347 1908; x_wconf 70' lang='grc' dir='ltr'>ιν</span> <span class='ocrx_word' id='word_1_372' title='bbox 3377 1856 3546 1914; x_wconf 86' lang='grc'>001110</span> <span class='ocrx_word' id='word_1_373' title='bbox 3573 1856 3808 1912; x_wconf 85' lang='lat' dir='ltr'>miseri-</span> 
     </span>
    </p>
   </div>
   <div class='ocr_carea' id='block_1_49' title="bbox 2154 1944 3809 2019">
    <p class='ocr_par' dir='ltr' id='par_1_49' title="bbox 2154 1944 3809 2019">
     <span class='ocr_line' id='line_1_49' title="bbox 2154 1944 3809 2019; baseline -0.004 -12"><span class='ocrx_word' id='word_1_374' title='bbox 2154 1951 2363 2008; x_wconf 64' lang='lat' dir='ltr'>cordia:</span> <span class='ocrx_word' id='word_1_375' title='bbox 2395 1974 2422 2000; x_wconf 86' lang='grc'>‹‹</span> <span class='ocrx_word' id='word_1_376' title='bbox 2457 1951 2517 2006; x_wconf 89' lang='grc'>111</span> <span class='ocrx_word' id='word_1_377' title='bbox 2548 1966 2747 2006; x_wconf 87' lang='lat' dir='ltr'>servos</span> <span class='ocrx_word' id='word_1_378' title='bbox 2796 1951 2950 2017; x_wconf 88' lang='lat' dir='ltr'>tuos,</span> <span class='ocrx_word' id='word_1_379' title='bbox 2984 1951 3043 2004; x_wconf 91' lang='lat' dir='ltr'>et</span> <span class='ocrx_word' id='word_1_380' title='bbox 3070 1947 3130 2002; x_wconf 93' lang='lat' dir='ltr'>in</span> <span class='ocrx_word' id='word_1_381' title='bbox 3162 1963 3339 2019; x_wconf 89' lang='lat' dir='ltr'>opera</span> <span class='ocrx_word' id='word_1_382' title='bbox 3368 1950 3489 2014; x_wconf 90' lang='lat' dir='ltr'>tua,</span> <span class='ocrx_word' id='word_1_383' title='bbox 3524 1967 3553 1997; x_wconf 83' lang='lat'><strong>»</strong></span> <span class='ocrx_word' id='word_1_384' title='bbox 3583 1944 3809 2002; x_wconf 79' lang='lat' dir='ltr'>scilicet</span> 
     </span>
    </p>
   </div>
   <div class='ocr_carea' id='block_1_50' title="bbox 2152 2033 3806 2113">
    <p class='ocr_par' dir='ltr' id='par_1_50' title="bbox 2152 2033 3806 2113">
     <span class='ocr_line' id='line_1_50' title="bbox 2152 2033 3806 2113; baseline -0.005 -17"><span class='ocrx_word' id='word_1_385' title='bbox 2152 2044 2279 2097; x_wconf 92' lang='lat' dir='ltr'>tum</span> <span class='ocrx_word' id='word_1_386' title='bbox 2311 2039 2452 2113; x_wconf 87' lang='lat' dir='ltr'>quia</span> <span class='ocrx_word' id='word_1_387' title='bbox 2480 2038 2629 2096; x_wconf 86' lang='lat' dir='ltr'>servi</span> <span class='ocrx_word' id='word_1_388' title='bbox 2661 2036 2750 2093; x_wconf 90' lang='lat' dir='ltr'>tui</span> <span class='ocrx_word' id='word_1_389' title='bbox 2780 2040 2941 2103; x_wconf 90' lang='lat' dir='ltr'>sunt,</span> <span class='ocrx_word' id='word_1_390' title='bbox 2970 2041 3099 2091; x_wconf 90' lang='lat' dir='ltr'>tum</span> <span class='ocrx_word' id='word_1_391' title='bbox 3132 2035 3272 2108; x_wconf 89' lang='lat' dir='ltr'>quia</span> <span class='ocrx_word' id='word_1_392' title='bbox 3301 2051 3401 2092; x_wconf 89' lang='lat' dir='ltr'>eos</span> <span class='ocrx_word' id='word_1_393' title='bbox 3433 2033 3655 2091; x_wconf 86' lang='lat' dir='ltr'>fecisti:</span> <span class='ocrx_word' id='word_1_394' title='bbox 3693 2055 3722 2086; x_wconf 83' lang='lat'><strong><em>«</em></strong></span> <span class='ocrx_word' id='word_1_395' title='bbox 3753 2036 3806 2090; x_wconf 81' lang='lat' dir='ltr'>et</span> 
     </span>
    </p>
   </div>
   <div class='ocr_carea' id='block_1_51' title="bbox 2151 2122 3801 2203">
    <p class='ocr_par' dir='ltr' id='par_1_51' title="bbox 2151 2122 3801 2203">
     <span class='ocr_line' id='line_1_51' title="bbox 2151 2122 3801 2203; baseline -0.004 -18"><span class='ocrx_word' id='word_1_396' title='bbox 2151 2130 2341 2203; x_wconf 90' lang='lat' dir='ltr'>dirige</span> <span class='ocrx_word' id='word_1_397' title='bbox 2369 2128 2521 2184; x_wconf 81' lang='lat' dir='ltr'>filios</span> <span class='ocrx_word' id='word_1_398' title='bbox 2551 2142 2755 2184; x_wconf 88' lang='lat' dir='ltr'>eorum</span> <span class='ocrx_word' id='word_1_399' title='bbox 2788 2148 2816 2175; x_wconf 84' lang='grc'><strong>››</strong></span> <span class='ocrx_word' id='word_1_400' title='bbox 2846 2127 2904 2181; x_wconf 89' lang='grc'>111</span> <span class='ocrx_word' id='word_1_401' title='bbox 2936 2124 3329 2182; x_wconf 86' lang='lat' dir='ltr'>constantiam</span> <span class='ocrx_word' id='word_1_402' title='bbox 3365 2140 3378 2179; x_wconf 90' lang='lat'>:</span> <span class='ocrx_word' id='word_1_403' title='bbox 3411 2122 3583 2192; x_wconf 82' lang='lat' dir='ltr'>filios,</span> <span class='ocrx_word' id='word_1_404' title='bbox 3607 2122 3668 2179; x_wconf 91' lang='lat' dir='ltr'>id</span> <span class='ocrx_word' id='word_1_405' title='bbox 3696 2126 3801 2190; x_wconf 79' lang='lat' dir='ltr'>est,</span> 
     </span>
    </p>
   </div>
   <div class='ocr_carea' id='block_1_52' title="bbox 2151 2218 2498 2273">
    <p class='ocr_par' dir='ltr' id='par_1_52' title="bbox 2151 2218 2498 2273">
     <span class='ocr_line' id='line_1_52' title="bbox 2151 2218 2498 2273; baseline -0.006 -1"><span class='ocrx_word' id='word_1_406' title='bbox 2151 2218 2498 2273; x_wconf 84' lang='lat' dir='ltr'>imitatores.</span> 
     </span>
    </p>
   </div>
   <div class='ocr_carea' id='block_1_53' title="bbox 2222 2298 3800 2376">
    <p class='ocr_par' dir='ltr' id='par_1_53' title="bbox 2222 2298 3800 2376">
     <span class='ocr_line' id='line_1_53' title="bbox 2222 2298 3800 2376; baseline -0.006 -14"><span class='ocrx_word' id='word_1_407' title='bbox 2222 2305 2363 2362; x_wconf 92' lang='lat' dir='ltr'>Dico</span> <span class='ocrx_word' id='word_1_408' title='bbox 2393 2328 2420 2355; x_wconf 91' lang='grc'>‹‹</span> <span class='ocrx_word' id='word_1_409' title='bbox 2456 2303 2701 2376; x_wconf 88' lang='lat' dir='ltr'>respice,</span> <span class='ocrx_word' id='word_1_410' title='bbox 2726 2325 2754 2353; x_wconf 88' lang='grc'><strong>››</strong></span> <span class='ocrx_word' id='word_1_411' title='bbox 2791 2321 2814 2351; x_wconf 73' lang='grc' dir='ltr'>ι</span> <span class='ocrx_word' id='word_1_412' title='bbox 2838 2305 2944 2358; x_wconf 86' lang='lat' dir='ltr'>et»</span> <span class='ocrx_word' id='word_1_413' title='bbox 2976 2302 3063 2358; x_wconf 91' lang='grc'>810</span> <span class='ocrx_word' id='word_1_414' title='bbox 3093 2324 3123 2351; x_wconf 89' lang='grc'>‹‹</span> <span class='ocrx_word' id='word_1_415' title='bbox 3157 2301 3234 2357; x_wconf 92' lang='lat' dir='ltr'>sit</span> <span class='ocrx_word' id='word_1_416' title='bbox 3264 2300 3542 2374; x_wconf 89' lang='lat' dir='ltr'>splendor</span> <span class='ocrx_word' id='word_1_417' title='bbox 3571 2298 3800 2356; x_wconf 91' lang='lat' dir='ltr'>Domini</span> 
     </span>
    </p>
   </div>
   <div class='ocr_carea' id='block_1_54' title="bbox 2150 2388 3801 2463">
    <p class='ocr_par' dir='ltr' id='par_1_54' title="bbox 2150 2388 3801 2463">
     <span class='ocr_line' id='line_1_54' title="bbox 2150 2388 3801 2463; baseline -0.003 -13"><span class='ocrx_word' id='word_1_418' title='bbox 2150 2393 2252 2450; x_wconf 93' lang='lat' dir='ltr'>Dei</span> <span class='ocrx_word' id='word_1_419' title='bbox 2284 2392 2489 2460; x_wconf 89' lang='lat' dir='ltr'>nostri,</span> <span class='ocrx_word' id='word_1_420' title='bbox 2515 2414 2543 2441; x_wconf 83' lang='lat'>»</span> <span class='ocrx_word' id='word_1_421' title='bbox 2574 2391 2634 2447; x_wconf 92' lang='lat' dir='ltr'>id</span> <span class='ocrx_word' id='word_1_422' title='bbox 2666 2394 2775 2459; x_wconf 88' lang='lat' dir='ltr'>est,</span> <span class='ocrx_word' id='word_1_423' title='bbox 2800 2388 3155 2446; x_wconf 88' lang='lat' dir='ltr'>illuminatio</span> <span class='ocrx_word' id='word_1_424' title='bbox 3172 2390 3429 2463; x_wconf 84' lang='lat' dir='ltr'>Spiritus</span> <span class='ocrx_word' id='word_1_425' title='bbox 3448 2390 3636 2446; x_wconf 89' lang='lat' dir='ltr'>sancti</span> <span class='ocrx_word' id='word_1_426' title='bbox 3661 2412 3691 2439; x_wconf 84' lang='grc'><em>‹‹</em></span> <span class='ocrx_word' id='word_1_427' title='bbox 3712 2406 3801 2445; x_wconf 88' lang='lat' dir='ltr'>su-</span> 
     </span>
    </p>
   </div>
   <div class='ocr_carea' id='block_1_55' title="bbox 2149 2479 3802 2556">
    <p class='ocr_par' dir='ltr' id='par_1_55' title="bbox 2149 2479 3802 2556">
     <span class='ocr_line' id='line_1_55' title="bbox 2149 2479 3802 2556; baseline 0.001 -18"><span class='ocrx_word' id='word_1_428' title='bbox 2149 2500 2254 2556; x_wconf 89' lang='lat' dir='ltr'>per</span> <span class='ocrx_word' id='word_1_429' title='bbox 2282 2499 2412 2538; x_wconf 91' lang='lat' dir='ltr'>nos.</span> <span class='ocrx_word' id='word_1_430' title='bbox 2431 2503 2460 2533; x_wconf 73' lang='lat' dir='ltr'>n</span> <span class='ocrx_word' id='word_1_431' title='bbox 2483 2479 2608 2553; x_wconf 87' lang='lat' dir='ltr'>Vel,</span> <span class='ocrx_word' id='word_1_432' title='bbox 2633 2479 2932 2553; x_wconf 88' lang='lat' dir='ltr'>splendor,</span> <span class='ocrx_word' id='word_1_433' title='bbox 2956 2479 3013 2535; x_wconf 91' lang='lat' dir='ltr'>id</span> <span class='ocrx_word' id='word_1_434' title='bbox 3036 2482 3145 2547; x_wconf 91' lang='lat' dir='ltr'>est,</span> <span class='ocrx_word' id='word_1_435' title='bbox 3169 2497 3312 2536; x_wconf 81' lang='lat' dir='ltr'>crux</span> <span class='ocrx_word' id='word_1_436' title='bbox 3341 2479 3802 2549; x_wconf 86' lang='lat' dir='ltr'>Christi,scilicet</span> 
     </span>
    </p>
   </div>
   <div class='ocr_carea' id='block_1_56' title="bbox 2149 2568 3796 2644">
    <p class='ocr_par' dir='ltr' id='par_1_56' title="bbox 2149 2568 3796 2644">
     <span class='ocr_line' id='line_1_56' title="bbox 2149 2568 3796 2644; baseline -0.002 -16"><span class='ocrx_word' id='word_1_437' title='bbox 2149 2577 2217 2628; x_wconf 90' lang='lat' dir='ltr'>ut</span> <span class='ocrx_word' id='word_1_438' title='bbox 2245 2570 2648 2644; x_wconf 87' lang='lat' dir='ltr'>intelligamus</span> <span class='ocrx_word' id='word_1_439' title='bbox 2676 2568 2980 2624; x_wconf 88' lang='lat' dir='ltr'>victoriam</span> <span class='ocrx_word' id='word_1_440' title='bbox 3011 2568 3228 2624; x_wconf 89' lang='lat' dir='ltr'>Christi</span> <span class='ocrx_word' id='word_1_441' title='bbox 3276 2570 3488 2625; x_wconf 90' lang='lat' dir='ltr'>factam</span> <span class='ocrx_word' id='word_1_442' title='bbox 3518 2568 3576 2624; x_wconf 92' lang='lat' dir='ltr'>in</span> <span class='ocrx_word' id='word_1_443' title='bbox 3605 2586 3796 2639; x_wconf 89' lang='lat' dir='ltr'>cruce,</span> 
     </span>
    </p>
   </div>
   <div class='ocr_carea' id='block_1_57' title="bbox 2146 2656 3796 2733">
    <p class='ocr_par' dir='ltr' id='par_1_57' title="bbox 2146 2656 3796 2733">
     <span class='ocr_line' id='line_1_57' title="bbox 2146 2656 3796 2733; baseline -0.001 -16"><span class='ocrx_word' id='word_1_444' title='bbox 2146 2662 2207 2717; x_wconf 90' lang='lat' dir='ltr'>in</span> <span class='ocrx_word' id='word_1_445' title='bbox 2240 2677 2357 2733; x_wconf 90' lang='lat' dir='ltr'>qua</span> <span class='ocrx_word' id='word_1_446' title='bbox 2386 2657 2689 2715; x_wconf 90' lang='lat' dir='ltr'>diabolum</span> <span class='ocrx_word' id='word_1_447' title='bbox 2720 2660 3012 2730; x_wconf 87' lang='lat' dir='ltr'>potestate</span> <span class='ocrx_word' id='word_1_448' title='bbox 3039 2656 3308 2730; x_wconf 88' lang='lat' dir='ltr'>privavit,</span> <span class='ocrx_word' id='word_1_449' title='bbox 3340 2662 3399 2714; x_wconf 91' lang='lat' dir='ltr'>et</span> <span class='ocrx_word' id='word_1_450' title='bbox 3425 2656 3594 2714; x_wconf 89' lang='lat' dir='ltr'>nobis</span> <span class='ocrx_word' id='word_1_451' title='bbox 3623 2657 3796 2715; x_wconf 86' lang='lat' dir='ltr'>vitam</span> 
     </span>
    </p>
   </div>
   <div class='ocr_carea' id='block_1_58' title="bbox 2149 2745 3797 2820">
    <p class='ocr_par' dir='ltr' id='par_1_58' title="bbox 2149 2745 3797 2820">
     <span class='ocr_line' id='line_1_58' title="bbox 2149 2745 3797 2820; baseline -0.002 -14"><span class='ocrx_word' id='word_1_452' title='bbox 2149 2749 2443 2806; x_wconf 88' lang='lat' dir='ltr'>restituit:</span> <span class='ocrx_word' id='word_1_453' title='bbox 2471 2751 2629 2804; x_wconf 83' lang='lat' dir='ltr'>«et»</span> <span class='ocrx_word' id='word_1_454' title='bbox 2653 2763 2756 2819; x_wconf 91' lang='lat' dir='ltr'>per</span> <span class='ocrx_word' id='word_1_455' title='bbox 2775 2745 2946 2802; x_wconf 91' lang='lat' dir='ltr'>illum</span> <span class='ocrx_word' id='word_1_456' title='bbox 2968 2745 3341 2818; x_wconf 88' lang='lat' dir='ltr'>splendorem</span> <span class='ocrx_word' id='word_1_457' title='bbox 3360 2769 3388 2796; x_wconf 85' lang='lat'><strong><em>«</em></strong></span> <span class='ocrx_word' id='word_1_458' title='bbox 3412 2746 3594 2820; x_wconf 84' lang='lat' dir='ltr'>dirige</span> <span class='ocrx_word' id='word_1_459' title='bbox 3627 2764 3797 2820; x_wconf 85' lang='lat' dir='ltr'>opera</span> 
     </span>
    </p>
   </div>
   <div class='ocr_carea' id='block_1_59' title="bbox 2149 2833 3793 2908">
    <p class='ocr_par' dir='ltr' id='par_1_59' title="bbox 2149 2833 3793 2908">
     <span class='ocr_line' id='line_1_59' title="bbox 2149 2833 3793 2908; baseline -0.001 -13"><span class='ocrx_word' id='word_1_460' title='bbox 2149 2854 2437 2895; x_wconf 90' lang='lat' dir='ltr'>manuum</span> <span class='ocrx_word' id='word_1_461' title='bbox 2468 2840 2827 2905; x_wconf 83' lang='lat' dir='ltr'>nostrarum,</span> <span class='ocrx_word' id='word_1_462' title='bbox 2866 2858 2893 2885; x_wconf 89' lang='grc'><strong>››</strong></span> <span class='ocrx_word' id='word_1_463' title='bbox 2925 2833 3148 2891; x_wconf 89' lang='lat' dir='ltr'>scilicet</span> <span class='ocrx_word' id='word_1_464' title='bbox 3184 2850 3546 2908; x_wconf 62' lang='lat' dir='ltr'>quacunque</span> <span class='ocrx_word' id='word_1_465' title='bbox 3588 2852 3793 2908; x_wconf 84' lang='lat' dir='ltr'>opera;</span> 
     </span>
    </p>
   </div>
   <div class='ocr_carea' id='block_1_60' title="bbox 2150 2925 3793 3000">
    <p class='ocr_par' dir='ltr' id='par_1_60' title="bbox 2150 2925 3793 3000">
     <span class='ocr_line' id='line_1_60' title="bbox 2150 2925 3793 3000; baseline -0.004 -13"><span class='ocrx_word' id='word_1_466' title='bbox 2150 2934 2207 2988; x_wconf 91' lang='lat' dir='ltr'>et</span> <span class='ocrx_word' id='word_1_467' title='bbox 2237 2930 2315 2987; x_wconf 93' lang='lat' dir='ltr'>sit</span> <span class='ocrx_word' id='word_1_468' title='bbox 2343 2927 2520 2985; x_wconf 89' lang='lat' dir='ltr'>etiam</span> <span class='ocrx_word' id='word_1_469' title='bbox 2569 2925 2844 3000; x_wconf 89' lang='lat' dir='ltr'>splendor</span> <span class='ocrx_word' id='word_1_470' title='bbox 2872 2925 2976 2982; x_wconf 92' lang='lat' dir='ltr'>Dei</span> <span class='ocrx_word' id='word_1_471' title='bbox 3003 2948 3031 2975; x_wconf 87' lang='lat'><strong><em>«</em></strong></span> <span class='ocrx_word' id='word_1_472' title='bbox 3067 2941 3247 2998; x_wconf 89' lang='lat' dir='ltr'>super</span> <span class='ocrx_word' id='word_1_473' title='bbox 3291 2942 3418 2994; x_wconf 89' lang='lat' dir='ltr'>nos,</span> <span class='ocrx_word' id='word_1_474' title='bbox 3454 2947 3482 2975; x_wconf 86' lang='lat'>»</span> <span class='ocrx_word' id='word_1_475' title='bbox 3512 2925 3569 2981; x_wconf 91' lang='lat' dir='ltr'>id</span> <span class='ocrx_word' id='word_1_476' title='bbox 3600 2930 3712 2994; x_wconf 88' lang='lat' dir='ltr'>est,</span> <span class='ocrx_word' id='word_1_477' title='bbox 3739 2925 3793 2981; x_wconf 92' lang='lat' dir='ltr'>in</span> 
     </span>
    </p>
   </div>
   <div class='ocr_carea' id='block_1_61' title="bbox 2151 3012 3795 3088">
    <p class='ocr_par' dir='ltr' id='par_1_61' title="bbox 2151 3012 3795 3088">
     <span class='ocr_line' id='line_1_61' title="bbox 2151 3012 3795 3088; baseline -0.004 -12"><span class='ocrx_word' id='word_1_478' title='bbox 2151 3012 2350 3076; x_wconf 71' lang='lat' dir='ltr'>anima</span> <span class='ocrx_word' id='word_1_479' title='bbox 2378 3020 2601 3084; x_wconf 89' lang='lat' dir='ltr'>nostra,</span> <span class='ocrx_word' id='word_1_480' title='bbox 2635 3032 2760 3088; x_wconf 63' lang='lat' dir='ltr'>quae</span> <span class='ocrx_word' id='word_1_481' title='bbox 2791 3019 2882 3072; x_wconf 90' lang='lat' dir='ltr'>est</span> <span class='ocrx_word' id='word_1_482' title='bbox 2911 3030 3049 3087; x_wconf 91' lang='lat' dir='ltr'>pars</span> <span class='ocrx_word' id='word_1_483' title='bbox 3080 3014 3384 3086; x_wconf 89' lang='lat' dir='ltr'>superior:</span> <span class='ocrx_word' id='word_1_484' title='bbox 3413 3036 3441 3064; x_wconf 85' lang='grc'>‹‹</span> <span class='ocrx_word' id='word_1_485' title='bbox 3472 3017 3528 3071; x_wconf 82' lang='grc'>01</span> <span class='ocrx_word' id='word_1_486' title='bbox 3553 3036 3580 3065; x_wconf 81' lang='grc'><strong>››</strong></span> <span class='ocrx_word' id='word_1_487' title='bbox 3617 3030 3720 3088; x_wconf 89' lang='lat' dir='ltr'>per</span> <span class='ocrx_word' id='word_1_488' title='bbox 3739 3014 3795 3069; x_wconf 88' lang='lat' dir='ltr'>il-</span> 
     </span>
    </p>
   </div>
   <div class='ocr_carea' id='block_1_62' title="bbox 2149 3103 3787 3181">
    <p class='ocr_par' dir='ltr' id='par_1_62' title="bbox 2149 3103 3787 3181">
     <span class='ocr_line' id='line_1_62' title="bbox 2149 3103 3787 3181; baseline -0.004 -16"><span class='ocrx_word' id='word_1_489' title='bbox 2149 3110 2273 3166; x_wconf 89' lang='lat' dir='ltr'>lum</span> <span class='ocrx_word' id='word_1_490' title='bbox 2292 3108 2663 3181; x_wconf 88' lang='lat' dir='ltr'>splendorem</span> <span class='ocrx_word' id='word_1_491' title='bbox 2680 3128 2708 3156; x_wconf 91' lang='grc'><em>‹‹</em></span> <span class='ocrx_word' id='word_1_492' title='bbox 2723 3103 2908 3179; x_wconf 88' lang='lat' dir='ltr'>dirige</span> <span class='ocrx_word' id='word_1_493' title='bbox 2924 3121 3073 3178; x_wconf 91' lang='lat' dir='ltr'>opus</span> <span class='ocrx_word' id='word_1_494' title='bbox 3089 3120 3377 3160; x_wconf 92' lang='lat' dir='ltr'>manuum</span> <span class='ocrx_word' id='word_1_495' title='bbox 3395 3106 3745 3169; x_wconf 89' lang='lat' dir='ltr'>nostrarum,</span> <span class='ocrx_word' id='word_1_496' title='bbox 3763 3126 3787 3150; x_wconf 76' lang='grc' dir='ltr'><em>η</em></span> 
     </span>
    </p>
   </div>
   <div class='ocr_carea' id='block_1_63' title="bbox 2147 3188 3791 3265">
    <p class='ocr_par' dir='ltr' id='par_1_63' title="bbox 2147 3188 3791 3265">
     <span class='ocr_line' id='line_1_63' title="bbox 2147 3188 3791 3265; baseline -0.007 -10"><span class='ocrx_word' id='word_1_497' title='bbox 2147 3198 2373 3255; x_wconf 88' lang='lat' dir='ltr'>scilicet</span> <span class='ocrx_word' id='word_1_498' title='bbox 2400 3195 2769 3261; x_wconf 89' lang='lat' dir='ltr'>charitatem,</span> <span class='ocrx_word' id='word_1_499' title='bbox 2802 3209 2928 3265; x_wconf 68' lang='lat' dir='ltr'>quae</span> <span class='ocrx_word' id='word_1_500' title='bbox 2969 3195 3061 3248; x_wconf 92' lang='lat' dir='ltr'>est</span> <span class='ocrx_word' id='word_1_501' title='bbox 3104 3189 3355 3265; x_wconf 88' lang='lat' dir='ltr'>speciale</span> <span class='ocrx_word' id='word_1_502' title='bbox 3384 3207 3551 3264; x_wconf 91' lang='lat' dir='ltr'>opus.</span> <span class='ocrx_word' id='word_1_503' title='bbox 3580 3188 3684 3245; x_wconf 84' lang='lat' dir='ltr'>Vel</span> <span class='ocrx_word' id='word_1_504' title='bbox 3716 3190 3791 3244; x_wconf 87' lang='lat' dir='ltr'>ita</span> 
     </span>
    </p>
   </div>
   <div class='ocr_carea' id='block_1_64' title="bbox 2149 3279 3788 3354">
    <p class='ocr_par' dir='ltr' id='par_1_64' title="bbox 2149 3279 3788 3354">
     <span class='ocr_line' id='line_1_64' title="bbox 2149 3279 3788 3354; baseline -0.005 -11"><span class='ocrx_word' id='word_1_505' title='bbox 2149 3287 2259 3343; x_wconf 89' lang='lat' dir='ltr'>sub</span> <span class='ocrx_word' id='word_1_506' title='bbox 2278 3304 2397 3342; x_wconf 91' lang='lat' dir='ltr'>una</span> <span class='ocrx_word' id='word_1_507' title='bbox 2417 3282 2793 3341; x_wconf 88' lang='lat' dir='ltr'>distinctione</span> <span class='ocrx_word' id='word_1_508' title='bbox 2806 3282 3072 3338; x_wconf 87' lang='lat' dir='ltr'>dicamus</span> <span class='ocrx_word' id='word_1_509' title='bbox 3090 3298 3102 3336; x_wconf 87' lang='lat'>:</span> <span class='ocrx_word' id='word_1_510' title='bbox 3118 3279 3499 3354; x_wconf 83' lang='lat' dir='ltr'>DirigeOpera</span> <span class='ocrx_word' id='word_1_511' title='bbox 3511 3295 3788 3336; x_wconf 87' lang='lat' dir='ltr'>manuum</span> 
     </span>
    </p>
   </div>
   <div class='ocr_carea' id='block_1_65' title="bbox 376 3348 3789 3446">
    <p class='ocr_par' dir='ltr' id='par_1_65' title="bbox 376 3348 3789 3446">
     <span class='ocr_line' id='line_1_65' title="bbox 376 3348 3789 3446; baseline -0.003 -13"><span class='ocrx_word' id='word_1_512' title='bbox 376 3382 543 3433; x_wconf 91' lang='lat' dir='ltr'>tuam</span> <span class='ocrx_word' id='word_1_513' title='bbox 575 3391 705 3431; x_wconf 89' lang='lat' dir='ltr'>esse</span> <span class='ocrx_word' id='word_1_514' title='bbox 736 3375 936 3429; x_wconf 87' lang='lat' dir='ltr'>datam</span> <span class='ocrx_word' id='word_1_515' title='bbox 959 3374 1030 3428; x_wconf 88' lang='lat' dir='ltr'>ad</span> <span class='ocrx_word' id='word_1_516' title='bbox 1054 3372 1562 3429; x_wconf 64' lang='lat' dir='ltr'>correctionemh</span> <span class='ocrx_word' id='word_1_517' title='bbox 1589 3376 1646 3427; x_wconf 88' lang='lat' dir='ltr'>et</span> <span class='ocrx_word' id='word_1_518' title='bbox 1667 3395 1694 3421; x_wconf 87' lang='grc'><strong>››</strong></span> <span class='ocrx_word' id='word_1_519' title='bbox 1717 3370 1852 3442; x_wconf 87' lang='lat' dir='ltr'>quis</span> <span class='ocrx_word' id='word_1_520' title='bbox 1877 3367 2035 3423; x_wconf 88' lang='lat' dir='ltr'>novit</span> <span class='ocrx_word' id='word_1_521' title='bbox 2067 3348 2111 3416; x_wconf 67' lang='grc' dir='ltr'><strong>δ</strong></span> <span class='ocrx_word' id='word_1_522' title='bbox 2149 3380 2486 3432; x_wconf 89' lang='lat' dir='ltr'>nostrarum</span> <span class='ocrx_word' id='word_1_523' title='bbox 2517 3389 2695 3446; x_wconf 88' lang='lat' dir='ltr'>super</span> <span class='ocrx_word' id='word_1_524' title='bbox 2723 3389 2850 3440; x_wconf 90' lang='lat' dir='ltr'>nos,</span> <span class='ocrx_word' id='word_1_525' title='bbox 2885 3371 2941 3427; x_wconf 90' lang='lat' dir='ltr'>id</span> <span class='ocrx_word' id='word_1_526' title='bbox 2973 3374 3081 3440; x_wconf 88' lang='lat' dir='ltr'>est,</span> <span class='ocrx_word' id='word_1_527' title='bbox 3115 3374 3181 3426; x_wconf 93' lang='lat' dir='ltr'>ut</span> <span class='ocrx_word' id='word_1_528' title='bbox 3209 3370 3339 3443; x_wconf 89' lang='lat' dir='ltr'>ipsa</span> <span class='ocrx_word' id='word_1_529' title='bbox 3363 3348 3540 3442; x_wconf 79' lang='lat' dir='ltr'>opera</span> <span class='ocrx_word' id='word_1_530' title='bbox 3578 3370 3789 3425; x_wconf 86' lang='lat' dir='ltr'>ducant</span> 
     </span>
    </p>
   </div>
   <div class='ocr_carea' id='block_1_66' title="bbox 380 3457 2033 3527">
    <p class='ocr_par' dir='ltr' id='par_1_66' title="bbox 380 3457 2033 3527">
     <span class='ocr_line' id='line_1_66' title="bbox 380 3457 2033 3527; baseline -0.002 -12"><span class='ocrx_word' id='word_1_531' title='bbox 380 3487 411 3515; x_wconf 83' lang='grc'>‹‹</span> <span class='ocrx_word' id='word_1_532' title='bbox 445 3464 821 3518; x_wconf 89' lang='lat' dir='ltr'>dinumerare</span> <span class='ocrx_word' id='word_1_533' title='bbox 850 3459 997 3515; x_wconf 90' lang='lat' dir='ltr'>iram</span> <span class='ocrx_word' id='word_1_534' title='bbox 1028 3465 1214 3527; x_wconf 89' lang='lat' dir='ltr'>tuam,</span> <span class='ocrx_word' id='word_1_535' title='bbox 1249 3482 1276 3509; x_wconf 84' lang='lat'><strong>»</strong></span> <span class='ocrx_word' id='word_1_536' title='bbox 1315 3459 1539 3516; x_wconf 89' lang='lat' dir='ltr'>scilicet</span> <span class='ocrx_word' id='word_1_537' title='bbox 1570 3463 1635 3514; x_wconf 91' lang='lat' dir='ltr'>ut</span> <span class='ocrx_word' id='word_1_538' title='bbox 1665 3460 1746 3514; x_wconf 87' lang='lat' dir='ltr'>ita</span> <span class='ocrx_word' id='word_1_539' title='bbox 1765 3457 2033 3513; x_wconf 88' lang='lat' dir='ltr'>conside-</span> 
     </span>
    </p>
   </div>
   <div class='ocr_carea' id='block_1_67' title="bbox 377 3546 2035 3619">
    <p class='ocr_par' dir='ltr' id='par_1_67' title="bbox 377 3546 2035 3619">
     <span class='ocr_line' id='line_1_67' title="bbox 377 3546 2035 3619; baseline -0.005 -12"><span class='ocrx_word' id='word_1_540' title='bbox 377 3554 468 3607; x_wconf 87' lang='lat' dir='ltr'>ret</span> <span class='ocrx_word' id='word_1_541' title='bbox 497 3549 558 3603; x_wconf 93' lang='lat' dir='ltr'>in</span> <span class='ocrx_word' id='word_1_542' title='bbox 587 3548 851 3603; x_wconf 89' lang='lat' dir='ltr'>vindicta</span> <span class='ocrx_word' id='word_1_543' title='bbox 876 3552 981 3604; x_wconf 90' lang='lat' dir='ltr'>tua</span> <span class='ocrx_word' id='word_1_544' title='bbox 1002 3564 1131 3604; x_wconf 88' lang='lat' dir='ltr'>esse</span> <span class='ocrx_word' id='word_1_545' title='bbox 1156 3547 1762 3619; x_wconf 87' lang='lat' dir='ltr'>prosperitates,sicut</span> <span class='ocrx_word' id='word_1_546' title='bbox 1783 3546 2035 3602; x_wconf 83' lang='lat' dir='ltr'>sunt&#39;ad-</span> 
     </span>
    </p>
   </div>
   <div class='ocr_carea' id='block_1_68' title="bbox 376 3635 2029 3708">
    <p class='ocr_par' dir='ltr' id='par_1_68' title="bbox 376 3635 2029 3708">
     <span class='ocr_line' id='line_1_68' title="bbox 376 3635 2029 3708; baseline -0.006 -14"><span class='ocrx_word' id='word_1_547' title='bbox 376 3635 729 3695; x_wconf 85' lang='lat' dir='ltr'>versitates?</span> <span class='ocrx_word' id='word_1_548' title='bbox 759 3636 911 3691; x_wconf 83' lang='lat' dir='ltr'>Iram</span> <span class='ocrx_word' id='word_1_549' title='bbox 941 3636 1073 3691; x_wconf 89' lang='lat' dir='ltr'>dico</span> <span class='ocrx_word' id='word_1_550' title='bbox 1113 3635 1337 3691; x_wconf 88' lang='lat' dir='ltr'>illatam</span> <span class='ocrx_word' id='word_1_551' title='bbox 1363 3659 1391 3686; x_wconf 85' lang='grc'>‹‹</span> <span class='ocrx_word' id='word_1_552' title='bbox 1427 3653 1544 3708; x_wconf 68' lang='lat' dir='ltr'>pra:</span> <span class='ocrx_word' id='word_1_553' title='bbox 1591 3635 1802 3691; x_wconf 91' lang='lat' dir='ltr'>timore</span> <span class='ocrx_word' id='word_1_554' title='bbox 1847 3638 1970 3706; x_wconf 82' lang='lat' dir='ltr'>tuo,</span> <span class='ocrx_word' id='word_1_555' title='bbox 2001 3656 2029 3685; x_wconf 82' lang='lat'><strong>»</strong></span> 
     </span>
    </p>
   </div>
   <div class='ocr_carea' id='block_1_69' title="bbox 376 3723 1313 3793">
    <p class='ocr_par' dir='ltr' id='par_1_69' title="bbox 376 3723 1313 3793">
     <span class='ocr_line' id='line_1_69' title="bbox 376 3723 1313 3793; baseline -0.004 -10"><span class='ocrx_word' id='word_1_556' title='bbox 376 3726 435 3783; x_wconf 92' lang='lat' dir='ltr'>id</span> <span class='ocrx_word' id='word_1_557' title='bbox 467 3729 577 3793; x_wconf 92' lang='lat' dir='ltr'>est,</span> <span class='ocrx_word' id='word_1_558' title='bbox 611 3728 678 3780; x_wconf 90' lang='lat' dir='ltr'>ut</span> <span class='ocrx_word' id='word_1_559' title='bbox 705 3723 881 3781; x_wconf 88' lang='lat' dir='ltr'>homo</span> <span class='ocrx_word' id='word_1_560' title='bbox 906 3728 963 3781; x_wconf 90' lang='lat' dir='ltr'>te</span> <span class='ocrx_word' id='word_1_561' title='bbox 994 3725 1220 3780; x_wconf 89' lang='lat' dir='ltr'>timeat.</span> <span class='ocrx_word' id='word_1_562' title='bbox 1306 3756 1313 3761; x_wconf 70' lang='grc' dir='ltr'><strong><em>ο</em></strong></span> 
     </span>
    </p>
   </div>
   <div class='ocr_carea' id='block_1_70' title="bbox 448 3812 2031 3884">
    <p class='ocr_par' dir='ltr' id='par_1_70' title="bbox 448 3812 2031 3884">
     <span class='ocr_line' id='line_1_70' title="bbox 448 3812 2031 3884; baseline -0.003 -12"><span class='ocrx_word' id='word_1_563' title='bbox 448 3839 477 3867; x_wconf 89' lang='grc'>‹‹</span> <span class='ocrx_word' id='word_1_564' title='bbox 506 3815 838 3872; x_wconf 84' lang='lat' dir='ltr'>Dexteram.</span> <span class='ocrx_word' id='word_1_565' title='bbox 870 3835 899 3865; x_wconf 83' lang='lat'><strong>»</strong></span> <span class='ocrx_word' id='word_1_566' title='bbox 933 3814 1075 3871; x_wconf 88' lang='lat' dir='ltr'>Pars</span> <span class='ocrx_word' id='word_1_567' title='bbox 1119 3813 1312 3870; x_wconf 89' lang='lat' dir='ltr'>tertia.</span> <span class='ocrx_word' id='word_1_568' title='bbox 1365 3814 1632 3884; x_wconf 89' lang='lat' dir='ltr'>Domine,</span> <span class='ocrx_word' id='word_1_569' title='bbox 1684 3812 1837 3869; x_wconf 88' lang='lat' dir='ltr'>sicut</span> <span class='ocrx_word' id='word_1_570' title='bbox 1882 3814 2031 3868; x_wconf 89' lang='lat' dir='ltr'>iram</span> 
     </span>
    </p>
   </div>
   <div class='ocr_carea' id='block_1_71' title="bbox 376 3901 2033 3973">
    <p class='ocr_par' dir='ltr' id='par_1_71' title="bbox 376 3901 2033 3973">
     <span class='ocr_line' id='line_1_71' title="bbox 376 3901 2033 3973; baseline -0.003 -11"><span class='ocrx_word' id='word_1_571' title='bbox 376 3904 704 3973; x_wconf 82' lang='lat' dir='ltr'>contulisti,</span> <span class='ocrx_word' id='word_1_572' title='bbox 738 3926 767 3954; x_wconf 88' lang='lat'>«</span> <span class='ocrx_word' id='word_1_573' title='bbox 802 3903 908 3972; x_wconf 91' lang='lat' dir='ltr'>sic,</span> <span class='ocrx_word' id='word_1_574' title='bbox 936 3924 964 3954; x_wconf 82' lang='lat'><strong>»</strong></span> <span class='ocrx_word' id='word_1_575' title='bbox 999 3902 1266 3971; x_wconf 91' lang='lat' dir='ltr'>Domine,</span> <span class='ocrx_word' id='word_1_576' title='bbox 1295 3926 1323 3953; x_wconf 85' lang='lat'><strong>«</strong></span> <span class='ocrx_word' id='word_1_577' title='bbox 1357 3903 1654 3958; x_wconf 85' lang='lat' dir='ltr'>dexteram</span> <span class='ocrx_word' id='word_1_578' title='bbox 1692 3906 1879 3971; x_wconf 90' lang='lat' dir='ltr'>tuam,</span> <span class='ocrx_word' id='word_1_579' title='bbox 1912 3924 1940 3952; x_wconf 84' lang='grc'><strong>››</strong></span> <span class='ocrx_word' id='word_1_580' title='bbox 1973 3901 2033 3957; x_wconf 91' lang='lat' dir='ltr'>id</span> 
     </span>
    </p>
   </div>
   <div class='ocr_carea' id='block_1_72' title="bbox 374 3991 2033 4065">
    <p class='ocr_par' dir='ltr' id='par_1_72' title="bbox 374 3991 2033 4065">
     <span class='ocr_line' id='line_1_72' title="bbox 374 3991 2033 4065; baseline -0.002 -15"><span class='ocrx_word' id='word_1_581' title='bbox 374 3998 482 4061; x_wconf 91' lang='lat' dir='ltr'>est,</span> <span class='ocrx_word' id='word_1_582' title='bbox 510 3992 724 4050; x_wconf 82' lang='lat' dir='ltr'>Filium</span> <span class='ocrx_word' id='word_1_583' title='bbox 744 3995 936 4062; x_wconf 90' lang='lat' dir='ltr'>tuum,</span> <span class='ocrx_word' id='word_1_584' title='bbox 952 4009 1056 4065; x_wconf 91' lang='lat' dir='ltr'>per</span> <span class='ocrx_word' id='word_1_585' title='bbox 1075 4007 1253 4064; x_wconf 89' lang='lat' dir='ltr'>quem</span> <span class='ocrx_word' id='word_1_586' title='bbox 1275 3991 1683 4048; x_wconf 87' lang='lat' dir='ltr'>liberationem</span> <span class='ocrx_word' id='word_1_587' title='bbox 1716 3992 1897 4049; x_wconf 83' lang='lat' dir='ltr'>facias</span> <span class='ocrx_word' id='word_1_588' title='bbox 1917 3992 2033 4046; x_wconf 88' lang='lat' dir='ltr'>hu-</span> 
     </span>
    </p>
   </div>
   <div class='ocr_carea' id='block_1_73' title="bbox 375 4081 2031 4155">
    <p class='ocr_par' dir='ltr' id='par_1_73' title="bbox 375 4081 2031 4155">
     <span class='ocr_line' id='line_1_73' title="bbox 375 4081 2031 4155; baseline -0.002 -16"><span class='ocrx_word' id='word_1_589' title='bbox 375 4082 538 4139; x_wconf 89' lang='lat' dir='ltr'>mani</span> <span class='ocrx_word' id='word_1_590' title='bbox 568 4081 822 4155; x_wconf 89' lang='lat' dir='ltr'>generis,</span> <span class='ocrx_word' id='word_1_591' title='bbox 856 4104 885 4132; x_wconf 90' lang='lat'><strong>«</strong></span> <span class='ocrx_word' id='word_1_592' title='bbox 917 4082 1007 4138; x_wconf 85' lang='lat' dir='ltr'>fac</span> <span class='ocrx_word' id='word_1_593' title='bbox 1038 4084 1262 4150; x_wconf 89' lang='lat' dir='ltr'>notam,</span> <span class='ocrx_word' id='word_1_594' title='bbox 1296 4104 1324 4133; x_wconf 85' lang='lat'>»</span> <span class='ocrx_word' id='word_1_595' title='bbox 1358 4081 1584 4137; x_wconf 88' lang='lat' dir='ltr'>scilicet</span> <span class='ocrx_word' id='word_1_596' title='bbox 1613 4086 1679 4137; x_wconf 93' lang='lat' dir='ltr'>ut</span> <span class='ocrx_word' id='word_1_597' title='bbox 1708 4082 1823 4138; x_wconf 81' lang='lat' dir='ltr'>ﬁde</span> <span class='ocrx_word' id='word_1_598' title='bbox 1852 4085 1910 4137; x_wconf 91' lang='lat' dir='ltr'>et</span> <span class='ocrx_word' id='word_1_599' title='bbox 1943 4082 2031 4137; x_wconf 89' lang='lat' dir='ltr'>di-</span> 
     </span>
    </p>
   </div>
   <div class='ocr_carea' id='block_1_74' title="bbox 373 4168 2033 4243">
    <p class='ocr_par' dir='ltr' id='par_1_74' title="bbox 373 4168 2033 4243">
     <span class='ocr_line' id='line_1_74' title="bbox 373 4168 2033 4243; baseline -0.002 -15"><span class='ocrx_word' id='word_1_600' title='bbox 373 4171 625 4228; x_wconf 87' lang='lat' dir='ltr'>lectione</span> <span class='ocrx_word' id='word_1_601' title='bbox 654 4169 1013 4243; x_wconf 88' lang='lat' dir='ltr'>recipiamus</span> <span class='ocrx_word' id='word_1_602' title='bbox 1041 4185 1177 4225; x_wconf 90' lang='lat' dir='ltr'>eum</span> <span class='ocrx_word' id='word_1_603' title='bbox 1204 4185 1217 4223; x_wconf 90' lang='lat'>:</span> <span class='ocrx_word' id='word_1_604' title='bbox 1243 4192 1271 4219; x_wconf 85' lang='lat'><strong>«</strong></span> <span class='ocrx_word' id='word_1_605' title='bbox 1304 4172 1363 4224; x_wconf 91' lang='lat' dir='ltr'>et</span> <span class='ocrx_word' id='word_1_606' title='bbox 1395 4191 1423 4218; x_wconf 84' lang='grc'><strong>››</strong></span> <span class='ocrx_word' id='word_1_607' title='bbox 1454 4169 1545 4225; x_wconf 72' lang='lat' dir='ltr'>lac</span> <span class='ocrx_word' id='word_1_608' title='bbox 1577 4185 1683 4225; x_wconf 92' lang='lat' dir='ltr'>nos</span> <span class='ocrx_word' id='word_1_609' title='bbox 1714 4190 1742 4219; x_wconf 88' lang='lat'>«</span> <span class='ocrx_word' id='word_1_610' title='bbox 1774 4168 2033 4225; x_wconf 83' lang='lat' dir='ltr'>eruditos</span> 
     </span>
    </p>
   </div>
   <div class='ocr_carea' id='block_1_75' title="bbox 374 4257 2035 4330">
    <p class='ocr_par' dir='ltr' id='par_1_75' title="bbox 374 4257 2035 4330">
     <span class='ocr_line' id='line_1_75' title="bbox 374 4257 2035 4330; baseline -0.002 -14"><span class='ocrx_word' id='word_1_611' title='bbox 374 4261 550 4317; x_wconf 88' lang='lat' dir='ltr'>corde</span> <span class='ocrx_word' id='word_1_612' title='bbox 578 4281 606 4312; x_wconf 84' lang='lat'><strong>»</strong></span> <span class='ocrx_word' id='word_1_613' title='bbox 641 4274 759 4314; x_wconf 91' lang='lat' dir='ltr'>non</span> <span class='ocrx_word' id='word_1_614' title='bbox 790 4258 851 4314; x_wconf 92' lang='lat' dir='ltr'>in</span> <span class='ocrx_word' id='word_1_615' title='bbox 883 4257 1244 4327; x_wconf 89' lang='lat' dir='ltr'>carnalibus,</span> <span class='ocrx_word' id='word_1_616' title='bbox 1275 4259 1376 4313; x_wconf 90' lang='lat' dir='ltr'>sed</span> <span class='ocrx_word' id='word_1_617' title='bbox 1403 4257 1513 4313; x_wconf 87' lang='lat' dir='ltr'>«in</span> <span class='ocrx_word' id='word_1_618' title='bbox 1537 4257 1847 4330; x_wconf 88' lang='lat' dir='ltr'>sapientia,</span> <span class='ocrx_word' id='word_1_619' title='bbox 1876 4258 2035 4314; x_wconf 79' lang='grc'>»801-</span> 
     </span>
    </p>
   </div>
   <div class='ocr_carea' id='block_1_76' title="bbox 372 4344 2030 4419">
    <p class='ocr_par' dir='ltr' id='par_1_76' title="bbox 372 4344 2030 4419">
     <span class='ocr_line' id='line_1_76' title="bbox 372 4344 2030 4419; baseline -0.002 -14"><span class='ocrx_word' id='word_1_620' title='bbox 372 4349 513 4406; x_wconf 91' lang='lat' dir='ltr'>licet</span> <span class='ocrx_word' id='word_1_621' title='bbox 542 4352 609 4404; x_wconf 91' lang='lat' dir='ltr'>ut</span> <span class='ocrx_word' id='word_1_622' title='bbox 635 4346 696 4402; x_wconf 92' lang='lat' dir='ltr'>in</span> <span class='ocrx_word' id='word_1_623' title='bbox 728 4345 857 4419; x_wconf 89' lang='lat' dir='ltr'>ipso</span> <span class='ocrx_word' id='word_1_624' title='bbox 888 4344 1120 4401; x_wconf 88' lang='lat' dir='ltr'>Christo</span> <span class='ocrx_word' id='word_1_625' title='bbox 1151 4349 1317 4401; x_wconf 91' lang='lat' dir='ltr'>tuam</span> <span class='ocrx_word' id='word_1_626' title='bbox 1350 4346 1698 4418; x_wconf 88' lang='lat' dir='ltr'>dignitatem</span> <span class='ocrx_word' id='word_1_627' title='bbox 1738 4345 2030 4417; x_wconf 86' lang='lat' dir='ltr'>intelliga-</span> 
     </span>
    </p>
   </div>
   <div class='ocr_carea' id='block_1_77' title="bbox 376 4433 2031 4507">
    <p class='ocr_par' dir='ltr' id='par_1_77' title="bbox 376 4433 2031 4507">
     <span class='ocr_line' id='line_1_77' title="bbox 376 4433 2031 4507; baseline -0.002 -13"><span class='ocrx_word' id='word_1_628' title='bbox 376 4456 532 4494; x_wconf 90' lang='lat' dir='ltr'>mus.</span> <span class='ocrx_word' id='word_1_629' title='bbox 566 4435 691 4505; x_wconf 85' lang='lat' dir='ltr'>Vel,</span> <span class='ocrx_word' id='word_1_630' title='bbox 725 4435 811 4491; x_wconf 91' lang='lat' dir='ltr'>ita</span> <span class='ocrx_word' id='word_1_631' title='bbox 840 4433 1051 4491; x_wconf 84' lang='lat' dir='ltr'>dedisti</span> <span class='ocrx_word' id='word_1_632' title='bbox 1085 4434 1255 4499; x_wconf 88' lang='lat' dir='ltr'>iram,</span> <span class='ocrx_word' id='word_1_633' title='bbox 1289 4439 1348 4490; x_wconf 90' lang='lat' dir='ltr'>et</span> <span class='ocrx_word' id='word_1_634' title='bbox 1379 4434 1483 4502; x_wconf 91' lang='lat' dir='ltr'>sic,</span> <span class='ocrx_word' id='word_1_635' title='bbox 1511 4433 1570 4489; x_wconf 92' lang='lat' dir='ltr'>id</span> <span class='ocrx_word' id='word_1_636' title='bbox 1603 4439 1711 4499; x_wconf 83' lang='lat' dir='ltr'>est,</span> <span class='ocrx_word' id='word_1_637' title='bbox 1737 4451 1839 4507; x_wconf 90' lang='lat' dir='ltr'>per</span> <span class='ocrx_word' id='word_1_638' title='bbox 1869 4435 2031 4491; x_wconf 87' lang='lat' dir='ltr'>illam</span> 
     </span>
    </p>
   </div>
   <div class='ocr_carea' id='block_1_78' title="bbox 373 4522 2030 4594">
    <p class='ocr_par' dir='ltr' id='par_1_78' title="bbox 373 4522 2030 4594">
     <span class='ocr_line' id='line_1_78' title="bbox 373 4522 2030 4594; baseline -0.001 -12"><span class='ocrx_word' id='word_1_639' title='bbox 373 4526 545 4594; x_wconf 90' lang='lat' dir='ltr'>iram,</span> <span class='ocrx_word' id='word_1_640' title='bbox 582 4527 672 4582; x_wconf 83' lang='lat' dir='ltr'>fac</span> <span class='ocrx_word' id='word_1_641' title='bbox 718 4528 918 4581; x_wconf 90' lang='lat' dir='ltr'>notam</span> <span class='ocrx_word' id='word_1_642' title='bbox 965 4524 1263 4580; x_wconf 83' lang='lat' dir='ltr'>dexteram</span> <span class='ocrx_word' id='word_1_643' title='bbox 1312 4527 1497 4592; x_wconf 90' lang='lat' dir='ltr'>tuam,</span> <span class='ocrx_word' id='word_1_644' title='bbox 1548 4522 1605 4577; x_wconf 93' lang='lat' dir='ltr'>id</span> <span class='ocrx_word' id='word_1_645' title='bbox 1656 4526 1764 4591; x_wconf 76' lang='lat' dir='ltr'>est,</span> <span class='ocrx_word' id='word_1_646' title='bbox 1817 4524 2030 4581; x_wconf 86' lang='lat' dir='ltr'>Filium</span> 
     </span>
    </p>
   </div>
   <div class='ocr_carea' id='block_1_79' title="bbox 374 4611 2034 4686">
    <p class='ocr_par' dir='ltr' id='par_1_79' title="bbox 374 4611 2034 4686">
     <span class='ocr_line' id='line_1_79' title="bbox 374 4611 2034 4686; baseline 0 -15"><span class='ocrx_word' id='word_1_647' title='bbox 374 4618 568 4683; x_wconf 87' lang='lat' dir='ltr'>tuum,</span> <span class='ocrx_word' id='word_1_648' title='bbox 593 4618 660 4670; x_wconf 91' lang='lat' dir='ltr'>ut</span> <span class='ocrx_word' id='word_1_649' title='bbox 687 4613 1059 4671; x_wconf 87' lang='lat' dir='ltr'>attendentes</span> <span class='ocrx_word' id='word_1_650' title='bbox 1080 4611 1350 4668; x_wconf 90' lang='lat' dir='ltr'>miserias</span> <span class='ocrx_word' id='word_1_651' title='bbox 1372 4612 1544 4667; x_wconf 91' lang='lat' dir='ltr'>nobis</span> <span class='ocrx_word' id='word_1_652' title='bbox 1562 4611 1756 4668; x_wconf 88' lang='lat' dir='ltr'>illatas</span> <span class='ocrx_word' id='word_1_653' title='bbox 1780 4630 1884 4685; x_wconf 91' lang='lat' dir='ltr'>pro</span> <span class='ocrx_word' id='word_1_654' title='bbox 1906 4632 2034 4686; x_wconf 86' lang='lat' dir='ltr'>pec-</span> 
     </span>
    </p>
   </div>
   <div class='ocr_carea' id='block_1_80' title="bbox 2143 3456 3784 3536">
    <p class='ocr_par' dir='ltr' id='par_1_80' title="bbox 2143 3456 3784 3536">
     <span class='ocr_line' id='line_1_80' title="bbox 2143 3456 3784 3536; baseline -0.007 -15"><span class='ocrx_word' id='word_1_655' title='bbox 2143 3482 2251 3521; x_wconf 91' lang='lat' dir='ltr'>nos</span> <span class='ocrx_word' id='word_1_656' title='bbox 2264 3465 2335 3521; x_wconf 88' lang='lat' dir='ltr'>ad</span> <span class='ocrx_word' id='word_1_657' title='bbox 2360 3465 2642 3536; x_wconf 70' lang='lat' dir='ltr'>maiorem</span> <span class='ocrx_word' id='word_1_658' title='bbox 2666 3461 3042 3519; x_wconf 91' lang='lat' dir='ltr'>altitudinem</span> <span class='ocrx_word' id='word_1_659' title='bbox 3067 3476 3245 3533; x_wconf 90' lang='lat' dir='ltr'>quam</span> <span class='ocrx_word' id='word_1_660' title='bbox 3270 3477 3375 3516; x_wconf 92' lang='lat' dir='ltr'>nos</span> <span class='ocrx_word' id='word_1_661' title='bbox 3397 3459 3585 3515; x_wconf 88' lang='lat' dir='ltr'>simus</span> <span class='ocrx_word' id='word_1_662' title='bbox 3609 3456 3784 3531; x_wconf 81' lang='lat' dir='ltr'>digni.</span> 
     </span>
    </p>
   </div>
   <div class='ocr_carea' id='block_1_81' title="bbox 2142 3549 3785 3625">
    <p class='ocr_par' dir='ltr' id='par_1_81' title="bbox 2142 3549 3785 3625">
     <span class='ocr_line' id='line_1_81' title="bbox 2142 3549 3785 3625; baseline -0.003 -18"><span class='ocrx_word' id='word_1_663' title='bbox 2142 3553 2266 3622; x_wconf 89' lang='lat' dir='ltr'>Vel,</span> <span class='ocrx_word' id='word_1_664' title='bbox 2299 3570 2477 3625; x_wconf 91' lang='lat' dir='ltr'>super</span> <span class='ocrx_word' id='word_1_665' title='bbox 2506 3569 2634 3619; x_wconf 90' lang='lat' dir='ltr'>nos,</span> <span class='ocrx_word' id='word_1_666' title='bbox 2670 3551 2728 3607; x_wconf 92' lang='lat' dir='ltr'>id</span> <span class='ocrx_word' id='word_1_667' title='bbox 2759 3555 2869 3619; x_wconf 90' lang='lat' dir='ltr'>est,</span> <span class='ocrx_word' id='word_1_668' title='bbox 2900 3567 3005 3622; x_wconf 92' lang='lat' dir='ltr'>pro</span> <span class='ocrx_word' id='word_1_669' title='bbox 3036 3549 3331 3623; x_wconf 90' lang='lat' dir='ltr'>supernis,</span> <span class='ocrx_word' id='word_1_670' title='bbox 3362 3565 3478 3605; x_wconf 92' lang='lat' dir='ltr'>non</span> <span class='ocrx_word' id='word_1_671' title='bbox 3511 3564 3618 3621; x_wconf 91' lang='lat' dir='ltr'>pro</span> <span class='ocrx_word' id='word_1_672' title='bbox 3649 3550 3785 3602; x_wconf 87' lang='lat' dir='ltr'>tem-</span> 
     </span>
    </p>
   </div>
   <div class='ocr_carea' id='block_1_82' title="bbox 2144 3641 3010 3716">
    <p class='ocr_par' dir='ltr' id='par_1_82' title="bbox 2144 3641 3010 3716">
     <span class='ocr_line' id='line_1_82' title="bbox 2144 3641 3010 3716; baseline -0.003 -19"><span class='ocrx_word' id='word_1_673' title='bbox 2144 3641 2466 3716; x_wconf 91' lang='lat' dir='ltr'>poralibus,</span> <span class='ocrx_word' id='word_1_674' title='bbox 2500 3641 2648 3697; x_wconf 87' lang='lat' dir='ltr'>bene</span> <span class='ocrx_word' id='word_1_675' title='bbox 2679 3656 3010 3712; x_wconf 88' lang='lat' dir='ltr'>operemur.</span> 
     </span>
    </p>
   </div>
   <div class='ocr_carea' id='block_1_83' title="bbox 2663 3761 3278 3820">
    <p class='ocr_par' dir='ltr' id='par_1_83' title="bbox 2663 3761 3278 3820">
     <span class='ocr_line' id='line_1_83' title="bbox 2663 3761 3278 3820; baseline -0.005 -1"><span class='ocrx_word' id='word_1_676' title='bbox 2663 3764 2736 3819; x_wconf 91' lang='lat' dir='ltr'>IN</span> <span class='ocrx_word' id='word_1_677' title='bbox 2780 3762 3128 3820; x_wconf 89' lang='lat' dir='ltr'>PSALMUM</span> <span class='ocrx_word' id='word_1_678' title='bbox 3167 3761 3278 3817; x_wconf 83' lang='lat' dir='ltr'>XC.</span> 
     </span>
    </p>
   </div>
   <div class='ocr_carea' id='block_1_84' title="bbox 2442 3867 3494 3942">
    <p class='ocr_par' dir='ltr' id='par_1_84' title="bbox 2442 3867 3494 3942">
     <span class='ocr_line' id='line_1_84' title="bbox 2442 3867 3494 3942; baseline -0.004 -15"><span class='ocrx_word' id='word_1_679' title='bbox 2442 3872 2723 3928; x_wconf 80' lang='lat' dir='ltr'>Trruws.</span> <span class='ocrx_word' id='word_1_680' title='bbox 2760 3871 2901 3926; x_wconf 79' lang='lat' dir='ltr'>Laus</span> <span class='ocrx_word' id='word_1_681' title='bbox 2930 3871 3134 3926; x_wconf 79' lang='lat' dir='ltr'>cantici</span> <span class='ocrx_word' id='word_1_682' title='bbox 3164 3871 3275 3942; x_wconf 78' lang='lat' dir='ltr'>ipsi</span> <span class='ocrx_word' id='word_1_683' title='bbox 3303 3867 3494 3925; x_wconf 81' lang='lat' dir='ltr'>David.</span> 
     </span>
    </p>
   </div>
   <div class='ocr_carea' id='block_1_85' title="bbox 2217 3990 3783 4065">
    <p class='ocr_par' dir='ltr' id='par_1_85' title="bbox 2217 3990 3783 4065">
     <span class='ocr_line' id='line_1_85' title="bbox 2217 3990 3783 4065; baseline -0.003 -16"><span class='ocrx_word' id='word_1_684' title='bbox 2217 4021 2245 4049; x_wconf 84' lang='grc'><em>‹‹</em></span> <span class='ocrx_word' id='word_1_685' title='bbox 2277 3996 2384 4065; x_wconf 91' lang='lat' dir='ltr'>Qui</span> <span class='ocrx_word' id='word_1_686' title='bbox 2416 3996 2664 4053; x_wconf 89' lang='lat' dir='ltr'>habitat.</span> <span class='ocrx_word' id='word_1_687' title='bbox 2698 4017 2727 4047; x_wconf 83' lang='lat'><strong>»</strong></span> <span class='ocrx_word' id='word_1_688' title='bbox 2763 3995 3033 4052; x_wconf 89' lang='lat' dir='ltr'>Psalmus</span> <span class='ocrx_word' id='word_1_689' title='bbox 3065 3995 3174 4050; x_wconf 91' lang='lat' dir='ltr'>iste</span> <span class='ocrx_word' id='word_1_690' title='bbox 3214 3993 3509 4050; x_wconf 89' lang='lat' dir='ltr'>canticum</span> <span class='ocrx_word' id='word_1_691' title='bbox 3557 3990 3783 4054; x_wconf 90' lang='lat' dir='ltr'>dicitur,</span> 
     </span>
    </p>
   </div>
   <div class='ocr_carea' id='block_1_86' title="bbox 2143 4077 3783 4160">
    <p class='ocr_par' dir='ltr' id='par_1_86' title="bbox 2143 4077 3783 4160">
     <span class='ocr_line' id='line_1_86' title="bbox 2143 4077 3783 4160; baseline -0.006 -17"><span class='ocrx_word' id='word_1_692' title='bbox 2143 4087 2285 4160; x_wconf 91' lang='lat' dir='ltr'>quia</span> <span class='ocrx_word' id='word_1_693' title='bbox 2312 4103 2436 4142; x_wconf 91' lang='lat' dir='ltr'>rem</span> <span class='ocrx_word' id='word_1_694' title='bbox 2457 4084 2627 4142; x_wconf 91' lang='lat' dir='ltr'>nobis</span> <span class='ocrx_word' id='word_1_695' title='bbox 2649 4082 2946 4157; x_wconf 90' lang='lat' dir='ltr'>proponit,</span> <span class='ocrx_word' id='word_1_696' title='bbox 2964 4084 3120 4140; x_wconf 92' lang='lat' dir='ltr'>unde</span> <span class='ocrx_word' id='word_1_697' title='bbox 3141 4083 3312 4139; x_wconf 91' lang='lat' dir='ltr'>nobis</span> <span class='ocrx_word' id='word_1_698' title='bbox 3332 4082 3585 4138; x_wconf 81' lang='lat' dir='ltr'>maxime</span> <span class='ocrx_word' id='word_1_699' title='bbox 3605 4077 3783 4137; x_wconf 81' lang='lat' dir='ltr'>exsul-</span> 
     </span>
    </p>
   </div>
   <div class='ocr_carea' id='block_1_87' title="bbox 2141 4169 3783 4244">
    <p class='ocr_par' dir='ltr' id='par_1_87' title="bbox 2141 4169 3783 4244">
     <span class='ocr_line' id='line_1_87' title="bbox 2141 4169 3783 4244; baseline -0.005 -13"><span class='ocrx_word' id='word_1_700' title='bbox 2141 4176 2389 4232; x_wconf 90' lang='lat' dir='ltr'>tandum</span> <span class='ocrx_word' id='word_1_701' title='bbox 2421 4178 2544 4242; x_wconf 86' lang='lat' dir='ltr'>est;</span> <span class='ocrx_word' id='word_1_702' title='bbox 2576 4172 2837 4230; x_wconf 91' lang='lat' dir='ltr'>ostendit</span> <span class='ocrx_word' id='word_1_703' title='bbox 2864 4172 3044 4229; x_wconf 90' lang='lat' dir='ltr'>etiam</span> <span class='ocrx_word' id='word_1_704' title='bbox 3084 4171 3254 4228; x_wconf 91' lang='lat' dir='ltr'>nobis</span> <span class='ocrx_word' id='word_1_705' title='bbox 3302 4169 3594 4244; x_wconf 90' lang='lat' dir='ltr'>quomodo</span> <span class='ocrx_word' id='word_1_706' title='bbox 3641 4169 3783 4224; x_wconf 83' lang='lat' dir='ltr'>Deus</span> 
     </span>
    </p>
   </div>
   <div class='ocr_carea' id='block_1_88' title="bbox 2142 4257 3783 4335">
    <p class='ocr_par' dir='ltr' id='par_1_88' title="bbox 2142 4257 3783 4335">
     <span class='ocr_line' id='line_1_88' title="bbox 2142 4257 3783 4335; baseline -0.005 -15"><span class='ocrx_word' id='word_1_707' title='bbox 2142 4281 2348 4332; x_wconf 80' lang='lat' dir='ltr'>omnes</span> <span class='ocrx_word' id='word_1_708' title='bbox 2378 4262 2582 4319; x_wconf 80' lang='lat' dir='ltr'>ﬁdeles</span> <span class='ocrx_word' id='word_1_709' title='bbox 2621 4278 2760 4318; x_wconf 89' lang='lat' dir='ltr'>suos</span> <span class='ocrx_word' id='word_1_710' title='bbox 2792 4279 2826 4317; x_wconf 91' lang='lat' dir='ltr'>a</span> <span class='ocrx_word' id='word_1_711' title='bbox 2855 4260 3117 4334; x_wconf 90' lang='lat' dir='ltr'>quolibet</span> <span class='ocrx_word' id='word_1_712' title='bbox 3161 4272 3371 4335; x_wconf 86' lang='lat' dir='ltr'>genere</span> <span class='ocrx_word' id='word_1_713' title='bbox 3414 4257 3783 4314; x_wconf 86' lang='lat' dir='ltr'>tentationem</span> 
     </span>
    </p>
   </div>
   <div class='ocr_carea' id='block_1_89' title="bbox 2141 4346 3785 4425">
    <p class='ocr_par' dir='ltr' id='par_1_89' title="bbox 2141 4346 3785 4425">
     <span class='ocr_line' id='line_1_89' title="bbox 2141 4346 3785 4425; baseline -0.006 -17"><span class='ocrx_word' id='word_1_714' title='bbox 2141 4352 2374 4425; x_wconf 89' lang='lat' dir='ltr'>eripiat,</span> <span class='ocrx_word' id='word_1_715' title='bbox 2422 4351 2483 4406; x_wconf 92' lang='lat' dir='ltr'>in</span> <span class='ocrx_word' id='word_1_716' title='bbox 2533 4367 2648 4423; x_wconf 93' lang='lat' dir='ltr'>quo</span> <span class='ocrx_word' id='word_1_717' title='bbox 2703 4349 2829 4423; x_wconf 91' lang='lat' dir='ltr'>ipse</span> <span class='ocrx_word' id='word_1_718' title='bbox 2871 4348 3149 4406; x_wconf 89' lang='lat' dir='ltr'>liberator</span> <span class='ocrx_word' id='word_1_719' title='bbox 3195 4346 3508 4404; x_wconf 87' lang='lat' dir='ltr'>laudabilis</span> <span class='ocrx_word' id='word_1_720' title='bbox 3556 4346 3785 4420; x_wconf 87' lang='lat' dir='ltr'>apparet</span> 
     </span>
    </p>
   </div>
   <div class='ocr_carea' id='block_1_90' title="bbox 2142 4434 3781 4498">
    <p class='ocr_par' dir='ltr' id='par_1_90' title="bbox 2142 4434 3781 4498">
     <span class='ocr_line' id='line_1_90' title="bbox 2142 4434 3781 4498; baseline -0.007 0"><span class='ocrx_word' id='word_1_721' title='bbox 2142 4441 2421 4498; x_wconf 91' lang='lat' dir='ltr'>omnibus</span> <span class='ocrx_word' id='word_1_722' title='bbox 2446 4458 2459 4495; x_wconf 87' lang='lat'>:</span> <span class='ocrx_word' id='word_1_723' title='bbox 2483 4445 2543 4497; x_wconf 89' lang='lat' dir='ltr'>et</span> <span class='ocrx_word' id='word_1_724' title='bbox 2571 4440 2701 4496; x_wconf 91' lang='lat' dir='ltr'>ideo</span> <span class='ocrx_word' id='word_1_725' title='bbox 2749 4437 3406 4496; x_wconf 88' lang='lat' dir='ltr'>convenienter&#39;dicitur</span> <span class='ocrx_word' id='word_1_726' title='bbox 3436 4458 3465 4488; x_wconf 90' lang='grc'>‹‹</span> <span class='ocrx_word' id='word_1_727' title='bbox 3496 4434 3627 4492; x_wconf 90' lang='lat' dir='ltr'>laus</span> <span class='ocrx_word' id='word_1_728' title='bbox 3657 4448 3781 4490; x_wconf 87' lang='lat' dir='ltr'>can-</span> 
     </span>
    </p>
   </div>
   <div class='ocr_carea' id='block_1_91' title="bbox 2140 4522 3784 4602">
    <p class='ocr_par' dir='ltr' id='par_1_91' title="bbox 2140 4522 3784 4602">
     <span class='ocr_line' id='line_1_91' title="bbox 2140 4522 3784 4602; baseline -0.005 -17"><span class='ocrx_word' id='word_1_729' title='bbox 2140 4530 2262 4599; x_wconf 90' lang='lat' dir='ltr'>tici,</span> <span class='ocrx_word' id='word_1_730' title='bbox 2299 4553 2325 4579; x_wconf 89' lang='grc'><strong>››</strong></span> <span class='ocrx_word' id='word_1_731' title='bbox 2357 4531 2529 4602; x_wconf 91' lang='lat' dir='ltr'>quasi</span> <span class='ocrx_word' id='word_1_732' title='bbox 2558 4527 2856 4584; x_wconf 88' lang='lat' dir='ltr'>laudabile</span> <span class='ocrx_word' id='word_1_733' title='bbox 2899 4527 3219 4594; x_wconf 91' lang='lat' dir='ltr'>canticum,</span> <span class='ocrx_word' id='word_1_734' title='bbox 3254 4526 3408 4599; x_wconf 90' lang='lat' dir='ltr'>quod</span> <span class='ocrx_word' id='word_1_735' title='bbox 3455 4522 3784 4581; x_wconf 85' lang='lat' dir='ltr'>attribuitur</span> 
     </span>
    </p>
   </div>
   <div class='ocr_carea' id='block_1_92' title="bbox 2143 4607 3781 4690">
    <p class='ocr_par' dir='ltr' id='par_1_92' title="bbox 2143 4607 3781 4690">
     <span class='ocr_line' id='line_1_92' title="bbox 2143 4607 3781 4690; baseline -0.007 -16"><span class='ocrx_word' id='word_1_736' title='bbox 2143 4618 2322 4675; x_wconf 90' lang='lat' dir='ltr'>David</span> <span class='ocrx_word' id='word_1_737' title='bbox 2357 4617 2677 4690; x_wconf 60' lang='lat' dir='ltr'>Prophetas,</span> <span class='ocrx_word' id='word_1_738' title='bbox 2711 4616 2815 4690; x_wconf 91' lang='lat' dir='ltr'>qui</span> <span class='ocrx_word' id='word_1_739' title='bbox 2845 4615 3127 4688; x_wconf 90' lang='lat' dir='ltr'>loquitur.</span> <span class='ocrx_word' id='word_1_740' title='bbox 3162 4613 3402 4672; x_wconf 79' lang='lat' dir='ltr'>Materia</span> <span class='ocrx_word' id='word_1_741' title='bbox 3439 4617 3526 4670; x_wconf 85' lang='lat' dir='ltr'>est</span> <span class='ocrx_word' id='word_1_742' title='bbox 3575 4607 3781 4682; x_wconf 89' lang='lat' dir='ltr'>ereptio</span> 
     </span>
    </p>
   </div>
   <div class='ocr_carea' id='block_1_93' title="bbox 376 4696 3779 4788">
    <p class='ocr_par' dir='ltr' id='par_1_93' title="bbox 376 4696 3779 4788">
     <span class='ocr_line' id='line_1_93' title="bbox 376 4696 3779 4788; baseline -0.002 -28"><span class='ocrx_word' id='word_1_743' title='bbox 376 4704 546 4772; x_wconf 88' lang='lat' dir='ltr'>catis,</span> <span class='ocrx_word' id='word_1_744' title='bbox 567 4702 870 4759; x_wconf 89' lang='lat' dir='ltr'>Christum</span> <span class='ocrx_word' id='word_1_745' title='bbox 892 4706 1162 4758; x_wconf 90' lang='lat' dir='ltr'>nostrum</span> <span class='ocrx_word' id='word_1_746' title='bbox 1184 4700 1557 4757; x_wconf 87' lang='lat' dir='ltr'>liberatorem</span> <span class='ocrx_word' id='word_1_747' title='bbox 1580 4718 2026 4775; x_wconf 88' lang='lat' dir='ltr'>cognoscamus.</span> <span class='ocrx_word' id='word_1_748' title='bbox 2062 4725 2111 4788; x_wconf 82' lang='lat' dir='ltr'><strong>D</strong></span> <span class='ocrx_word' id='word_1_749' title='bbox 2144 4708 2454 4780; x_wconf 89' lang='lat' dir='ltr'>Dei,quam</span> <span class='ocrx_word' id='word_1_750' title='bbox 2487 4706 2625 4763; x_wconf 82' lang='lat' dir='ltr'>facit</span> <span class='ocrx_word' id='word_1_751' title='bbox 2654 4707 2927 4763; x_wconf 91' lang='lat' dir='ltr'>universo</span> <span class='ocrx_word' id='word_1_752' title='bbox 2952 4706 3251 4778; x_wconf 86' lang='lat' dir='ltr'>jnstorum</span> <span class='ocrx_word' id='word_1_753' title='bbox 3283 4701 3509 4776; x_wconf 89' lang='lat' dir='ltr'>corpori</span> <span class='ocrx_word' id='word_1_754' title='bbox 3537 4703 3610 4757; x_wconf 92' lang='lat' dir='ltr'>ab</span> <span class='ocrx_word' id='word_1_755' title='bbox 3632 4696 3779 4757; x_wconf 89' lang='lat' dir='ltr'>omni</span> 
     </span>
    </p>
   </div>
   <div class='ocr_carea' id='block_1_94' title="bbox 448 4790 2034 4863">
    <p class='ocr_par' dir='ltr' id='par_1_94' title="bbox 448 4790 2034 4863">
     <span class='ocr_line' id='line_1_94' title="bbox 448 4790 2034 4863; baseline 0.001 -15"><span class='ocrx_word' id='word_1_756' title='bbox 448 4816 477 4842; x_wconf 86' lang='lat'><strong><em>«</em></strong></span> <span class='ocrx_word' id='word_1_757' title='bbox 511 4792 819 4849; x_wconf 81' lang='lat' dir='ltr'>Dexteram</span> <span class='ocrx_word' id='word_1_758' title='bbox 849 4796 1016 4846; x_wconf 87' lang='lat' dir='ltr'>tuam</span> <span class='ocrx_word' id='word_1_759' title='bbox 1047 4795 1247 4846; x_wconf 90' lang='lat' dir='ltr'>notam</span> <span class='ocrx_word' id='word_1_760' title='bbox 1278 4790 1389 4858; x_wconf 88' lang='lat' dir='ltr'>fac,</span> <span class='ocrx_word' id='word_1_761' title='bbox 1413 4811 1441 4840; x_wconf 85' lang='lat'><strong>»</strong></span> <span class='ocrx_word' id='word_1_762' title='bbox 1467 4794 1526 4846; x_wconf 90' lang='lat' dir='ltr'>et</span> <span class='ocrx_word' id='word_1_763' title='bbox 1550 4807 1655 4862; x_wconf 90' lang='lat' dir='ltr'>per</span> <span class='ocrx_word' id='word_1_764' title='bbox 1686 4790 1873 4863; x_wconf 88' lang='lat' dir='ltr'>ipsam</span> <span class='ocrx_word' id='word_1_765' title='bbox 1898 4793 2034 4849; x_wconf 85' lang='lat' dir='ltr'>dex-</span> 
     </span>
    </p>
   </div>
   <div class='ocr_carea' id='block_1_95' title="bbox 378 4878 2036 4947">
    <p class='ocr_par' dir='ltr' id='par_1_95' title="bbox 378 4878 2036 4947">
     <span class='ocr_line' id='line_1_95' title="bbox 378 4878 2036 4947; baseline 0.001 -9"><span class='ocrx_word' id='word_1_766' title='bbox 378 4884 564 4939; x_wconf 82' lang='lat' dir='ltr'>teram</span> <span class='ocrx_word' id='word_1_767' title='bbox 588 4904 614 4930; x_wconf 91' lang='grc'><em>‹‹</em></span> <span class='ocrx_word' id='word_1_768' title='bbox 641 4882 973 4936; x_wconf 89' lang='lat' dir='ltr'>convertere</span> <span class='ocrx_word' id='word_1_769' title='bbox 999 4901 1026 4929; x_wconf 89' lang='grc'><strong>››</strong></span> <span class='ocrx_word' id='word_1_770' title='bbox 1048 4879 1119 4934; x_wconf 90' lang='lat' dir='ltr'>ad</span> <span class='ocrx_word' id='word_1_771' title='bbox 1153 4895 1281 4947; x_wconf 90' lang='lat' dir='ltr'>nos,</span> <span class='ocrx_word' id='word_1_772' title='bbox 1310 4901 1338 4929; x_wconf 85' lang='grc'>‹‹</span> <span class='ocrx_word' id='word_1_773' title='bbox 1360 4878 1626 4947; x_wconf 91' lang='lat' dir='ltr'>Domine,</span> <span class='ocrx_word' id='word_1_774' title='bbox 1664 4902 1692 4928; x_wconf 88' lang='grc'>››</span> <span class='ocrx_word' id='word_1_775' title='bbox 1725 4898 2036 4939; x_wconf 91' lang='lat' dir='ltr'>conversos</span> 
     </span>
    </p>
   </div>
   <div class='ocr_carea' id='block_1_96' title="bbox 380 4966 2033 5042">
    <p class='ocr_par' dir='ltr' id='par_1_96' title="bbox 380 4966 2033 5042">
     <span class='ocr_line' id='line_1_96' title="bbox 380 4966 2033 5042; baseline 0.003 -20"><span class='ocrx_word' id='word_1_776' title='bbox 380 4993 408 5022; x_wconf 85' lang='grc'><strong>‹‹</strong></span> <span class='ocrx_word' id='word_1_777' title='bbox 439 4986 769 5042; x_wconf 88' lang='lat' dir='ltr'>usquequo,</span> <span class='ocrx_word' id='word_1_778' title='bbox 802 4990 830 5019; x_wconf 84' lang='lat'>»</span> <span class='ocrx_word' id='word_1_779' title='bbox 866 4968 923 5023; x_wconf 92' lang='lat' dir='ltr'>id</span> <span class='ocrx_word' id='word_1_780' title='bbox 957 4972 1067 5035; x_wconf 89' lang='lat' dir='ltr'>est,</span> <span class='ocrx_word' id='word_1_781' title='bbox 1103 4985 1292 5040; x_wconf 90' lang='lat' dir='ltr'>usque</span> <span class='ocrx_word' id='word_1_782' title='bbox 1322 4968 1395 5022; x_wconf 91' lang='lat' dir='ltr'>ad</span> <span class='ocrx_word' id='word_1_783' title='bbox 1427 4966 1605 5023; x_wconf 90' lang='lat' dir='ltr'>aliam</span> <span class='ocrx_word' id='word_1_784' title='bbox 1636 4974 1865 5039; x_wconf 88' lang='lat' dir='ltr'>partem</span> <span class='ocrx_word' id='word_1_785' title='bbox 1894 4988 2033 5027; x_wconf 87' lang='lat' dir='ltr'>con-</span> 
     </span>
    </p>
   </div>
   <div class='ocr_carea' id='block_1_97' title="bbox 374 5056 2031 5129">
    <p class='ocr_par' dir='ltr' id='par_1_97' title="bbox 374 5056 2031 5129">
     <span class='ocr_line' id='line_1_97' title="bbox 374 5056 2031 5129; baseline 0.001 -15"><span class='ocrx_word' id='word_1_786' title='bbox 374 5058 682 5127; x_wconf 84' lang='lat' dir='ltr'>versionis,</span> <span class='ocrx_word' id='word_1_787' title='bbox 706 5057 932 5114; x_wconf 89' lang='lat' dir='ltr'>scilicet</span> <span class='ocrx_word' id='word_1_788' title='bbox 962 5061 1029 5111; x_wconf 92' lang='lat' dir='ltr'>ut</span> <span class='ocrx_word' id='word_1_789' title='bbox 1055 5061 1293 5129; x_wconf 89' lang='lat' dir='ltr'>peccata</span> <span class='ocrx_word' id='word_1_790' title='bbox 1323 5056 1610 5112; x_wconf 87' lang='lat' dir='ltr'>dimittas.</span> <span class='ocrx_word' id='word_1_791' title='bbox 1636 5057 1763 5113; x_wconf 86' lang='lat' dir='ltr'>Alia</span> <span class='ocrx_word' id='word_1_792' title='bbox 1782 5060 2031 5116; x_wconf 87' lang='lat' dir='ltr'>transla-</span> 
     </span>
    </p>
   </div>
   <div class='ocr_carea' id='block_1_98' title="bbox 380 5144 2031 5218">
    <p class='ocr_par' dir='ltr' id='par_1_98' title="bbox 380 5144 2031 5218">
     <span class='ocr_line' id='line_1_98' title="bbox 380 5144 2031 5218; baseline 0.002 -17"><span class='ocrx_word' id='word_1_793' title='bbox 380 5146 457 5202; x_wconf 93' lang='lat' dir='ltr'>tio</span> <span class='ocrx_word' id='word_1_794' title='bbox 489 5147 685 5217; x_wconf 91' lang='lat' dir='ltr'>habet,</span> <span class='ocrx_word' id='word_1_795' title='bbox 721 5170 747 5195; x_wconf 87' lang='grc'>‹‹</span> <span class='ocrx_word' id='word_1_796' title='bbox 784 5145 1241 5218; x_wconf 90' lang='lat' dir='ltr'>aliquantulum,</span> <span class='ocrx_word' id='word_1_797' title='bbox 1276 5168 1304 5196; x_wconf 78' lang='grc'>1)</span> <span class='ocrx_word' id='word_1_798' title='bbox 1342 5167 1370 5195; x_wconf 78' lang='grc' dir='ltr'>α</span> <span class='ocrx_word' id='word_1_799' title='bbox 1401 5149 1459 5200; x_wconf 86' lang='grc'>01</span> <span class='ocrx_word' id='word_1_800' title='bbox 1487 5144 1875 5218; x_wconf 88' lang='lat' dir='ltr'>deprecabilis</span> <span class='ocrx_word' id='word_1_801' title='bbox 1906 5154 2031 5205; x_wconf 90' lang='lat' dir='ltr'>esto</span> 
     </span>
    </p>
   </div>
   <div class='ocr_carea' id='block_1_99' title="bbox 379 5239 1032 5308">
    <p class='ocr_par' dir='ltr' id='par_1_99' title="bbox 379 5239 1032 5308">
     <span class='ocr_line' id='line_1_99' title="bbox 379 5239 1032 5308; baseline -0.002 -18"><span class='ocrx_word' id='word_1_802' title='bbox 379 5250 558 5308; x_wconf 88' lang='lat' dir='ltr'>super</span> <span class='ocrx_word' id='word_1_803' title='bbox 586 5252 783 5291; x_wconf 89' lang='lat' dir='ltr'>servos</span> <span class='ocrx_word' id='word_1_804' title='bbox 813 5239 966 5291; x_wconf 88' lang='lat' dir='ltr'>tuos.</span> <span class='ocrx_word' id='word_1_805' title='bbox 1004 5257 1032 5283; x_wconf 83' lang='lat'>»</span> 
     </span>
    </p>
   </div>
   <div class='ocr_carea' id='block_1_100' title="bbox 449 5322 2030 5397">
    <p class='ocr_par' dir='ltr' id='par_1_100' title="bbox 449 5322 2030 5397">
     <span class='ocr_line' id='line_1_100' title="bbox 449 5322 2030 5397; baseline 0.008 -24"><span class='ocrx_word' id='word_1_806' title='bbox 449 5347 477 5373; x_wconf 84' lang='grc'>‹‹</span> <span class='ocrx_word' id='word_1_807' title='bbox 510 5324 645 5380; x_wconf 87' lang='lat' dir='ltr'>Jam</span> <span class='ocrx_word' id='word_1_808' title='bbox 694 5326 825 5394; x_wconf 89' lang='lat' dir='ltr'>peto</span> <span class='ocrx_word' id='word_1_809' title='bbox 857 5328 923 5378; x_wconf 91' lang='lat' dir='ltr'>ut</span> <span class='ocrx_word' id='word_1_810' title='bbox 952 5322 1330 5391; x_wconf 82' lang='lat' dir='ltr'>convertaris,</span> <span class='ocrx_word' id='word_1_811' title='bbox 1369 5328 1435 5378; x_wconf 91' lang='lat' dir='ltr'>ut</span> <span class='ocrx_word' id='word_1_812' title='bbox 1484 5323 1569 5379; x_wconf 92' lang='lat' dir='ltr'>sis</span> <span class='ocrx_word' id='word_1_813' title='bbox 1617 5324 2030 5397; x_wconf 86' lang='lat' dir='ltr'>deprecabilis,</span> 
     </span>
    </p>
   </div>
   <div class='ocr_carea' id='block_1_101' title="bbox 380 5411 2036 5484">
    <p class='ocr_par' dir='ltr' id='par_1_101' title="bbox 380 5411 2036 5484">
     <span class='ocr_line' id='line_1_101' title="bbox 380 5411 2036 5484; baseline 0.004 -18"><span class='ocrx_word' id='word_1_814' title='bbox 380 5411 519 5482; x_wconf 88' lang='lat' dir='ltr'>quia</span> <span class='ocrx_word' id='word_1_815' title='bbox 539 5413 690 5483; x_wconf 88' lang='lat' dir='ltr'>jam,</span> <span class='ocrx_word' id='word_1_816' title='bbox 713 5412 978 5481; x_wconf 88' lang='lat' dir='ltr'>Domine,</span> <span class='ocrx_word' id='word_1_817' title='bbox 1006 5435 1033 5463; x_wconf 85' lang='lat'>«</span> <span class='ocrx_word' id='word_1_818' title='bbox 1058 5412 1259 5484; x_wconf 89' lang='lat' dir='ltr'>repleti</span> <span class='ocrx_word' id='word_1_819' title='bbox 1285 5431 1494 5469; x_wconf 89' lang='lat' dir='ltr'>sumus</span> <span class='ocrx_word' id='word_1_820' title='bbox 1516 5430 1690 5469; x_wconf 88' lang='lat' dir='ltr'>mane</span> <span class='ocrx_word' id='word_1_821' title='bbox 1710 5413 2036 5473; x_wconf 85' lang='lat' dir='ltr'>misericor-</span> 
     </span>
    </p>
   </div>
   <div class='ocr_carea' id='block_1_102' title="bbox 381 5498 2032 5577">
    <p class='ocr_par' dir='ltr' id='par_1_102' title="bbox 381 5498 2032 5577">
     <span class='ocr_line' id='line_1_102' title="bbox 381 5498 2032 5577; baseline 0.006 -25"><span class='ocrx_word' id='word_1_822' title='bbox 381 5498 479 5555; x_wconf 88' lang='lat' dir='ltr'>dia</span> <span class='ocrx_word' id='word_1_823' title='bbox 528 5506 651 5567; x_wconf 89' lang='lat' dir='ltr'>tua,</span> <span class='ocrx_word' id='word_1_824' title='bbox 685 5520 713 5548; x_wconf 82' lang='lat'><strong>»</strong></span> <span class='ocrx_word' id='word_1_825' title='bbox 748 5516 850 5571; x_wconf 89' lang='lat' dir='ltr'>spe</span> <span class='ocrx_word' id='word_1_826' title='bbox 891 5517 994 5571; x_wconf 88' lang='lat' dir='ltr'>per</span> <span class='ocrx_word' id='word_1_827' title='bbox 1037 5502 1525 5558; x_wconf 89' lang='lat' dir='ltr'>resurrectionem</span> <span class='ocrx_word' id='word_1_828' title='bbox 1574 5502 1812 5572; x_wconf 90' lang='lat' dir='ltr'>Christi,</span> <span class='ocrx_word' id='word_1_829' title='bbox 1854 5522 2032 5577; x_wconf 90' lang='lat' dir='ltr'>quam</span> 
     </span>
    </p>
   </div>
   <div class='ocr_carea' id='block_1_103' title="bbox 381 5587 2036 5662">
    <p class='ocr_par' dir='ltr' id='par_1_103' title="bbox 381 5587 2036 5662">
     <span class='ocr_line' id='line_1_103' title="bbox 381 5587 2036 5662; baseline 0.007 -24"><span class='ocrx_word' id='word_1_830' title='bbox 381 5588 679 5642; x_wconf 87' lang='lat' dir='ltr'>credimus</span> <span class='ocrx_word' id='word_1_831' title='bbox 709 5587 967 5643; x_wconf 90' lang='lat' dir='ltr'>futuram</span> <span class='ocrx_word' id='word_1_832' title='bbox 1000 5590 1059 5643; x_wconf 91' lang='lat' dir='ltr'>in</span> <span class='ocrx_word' id='word_1_833' title='bbox 1091 5605 1265 5645; x_wconf 88' lang='lat' dir='ltr'>mane</span> <span class='ocrx_word' id='word_1_834' title='bbox 1295 5607 1397 5662; x_wconf 91' lang='lat' dir='ltr'>per</span> <span class='ocrx_word' id='word_1_835' title='bbox 1420 5590 1907 5649; x_wconf 88' lang='lat' dir='ltr'>illuminationem</span> <span class='ocrx_word' id='word_1_836' title='bbox 1928 5595 2036 5649; x_wconf 89' lang='lat' dir='ltr'>vir-</span> 
     </span>
    </p>
   </div>
   <div class='ocr_carea' id='block_1_104' title="bbox 380 5672 2033 5751">
    <p class='ocr_par' dir='ltr' id='par_1_104' title="bbox 380 5672 2033 5751">
     <span class='ocr_line' id='line_1_104' title="bbox 380 5672 2033 5751; baseline 0.011 -30"><span class='ocrx_word' id='word_1_837' title='bbox 380 5672 612 5739; x_wconf 87' lang='lat' dir='ltr'>tutum;</span> <span class='ocrx_word' id='word_1_838' title='bbox 640 5675 699 5724; x_wconf 88' lang='lat' dir='ltr'>et</span> <span class='ocrx_word' id='word_1_839' title='bbox 730 5688 845 5726; x_wconf 91' lang='lat' dir='ltr'>non</span> <span class='ocrx_word' id='word_1_840' title='bbox 878 5677 1110 5731; x_wconf 88' lang='lat' dir='ltr'>tantum</span> <span class='ocrx_word' id='word_1_841' title='bbox 1144 5676 1343 5746; x_wconf 85' lang='lat' dir='ltr'>repleti</span> <span class='ocrx_word' id='word_1_842' title='bbox 1375 5696 1584 5735; x_wconf 90' lang='lat' dir='ltr'>sumus</span> <span class='ocrx_word' id='word_1_843' title='bbox 1612 5680 2033 5751; x_wconf 86' lang='lat' dir='ltr'>misericordia,</span> 
     </span>
    </p>
   </div>
   <div class='ocr_carea' id='block_1_105' title="bbox 383 5759 2035 5839">
    <p class='ocr_par' dir='ltr' id='par_1_105' title="bbox 383 5759 2035 5839">
     <span class='ocr_line' id='line_1_105' title="bbox 383 5759 2035 5839; baseline 0.01 -27"><span class='ocrx_word' id='word_1_844' title='bbox 383 5759 482 5812; x_wconf 82' lang='lat' dir='ltr'>sed</span> <span class='ocrx_word' id='word_1_845' title='bbox 504 5760 687 5814; x_wconf 85' lang='lat' dir='ltr'>etiam</span> <span class='ocrx_word' id='word_1_846' title='bbox 716 5777 744 5802; x_wconf 74' lang='grc' dir='ltr'><strong>(ι</strong></span> <span class='ocrx_word' id='word_1_847' title='bbox 767 5760 1207 5828; x_wconf 77' lang='lat' dir='ltr'>cxsultavimus,</span> <span class='ocrx_word' id='word_1_848' title='bbox 1227 5785 1253 5811; x_wconf 77' lang='grc' dir='ltr'><strong>υ</strong></span> <span class='ocrx_word' id='word_1_849' title='bbox 1268 5766 1489 5823; x_wconf 89' lang='lat' dir='ltr'>scilicet</span> <span class='ocrx_word' id='word_1_850' title='bbox 1511 5785 1613 5839; x_wconf 89' lang='lat' dir='ltr'>spe</span> <span class='ocrx_word' id='word_1_851' title='bbox 1633 5768 1792 5826; x_wconf 90' lang='lat' dir='ltr'>illius</span> <span class='ocrx_word' id='word_1_852' title='bbox 1814 5772 2035 5828; x_wconf 89' lang='lat' dir='ltr'>miseri-</span> 
     </span>
    </p>
   </div>
   <div class='ocr_carea' id='block_1_106' title="bbox 2145 4790 3778 4869">
    <p class='ocr_par' dir='ltr' id='par_1_106' title="bbox 2145 4790 3778 4869">
     <span class='ocr_line' id='line_1_106' title="bbox 2145 4790 3778 4869; baseline -0.006 -16"><span class='ocrx_word' id='word_1_853' title='bbox 2145 4796 2539 4853; x_wconf 88' lang='lat' dir='ltr'>tentationum</span> <span class='ocrx_word' id='word_1_854' title='bbox 2569 4812 2781 4869; x_wconf 87' lang='lat' dir='ltr'>genere</span> <span class='ocrx_word' id='word_1_855' title='bbox 2814 4812 2828 4852; x_wconf 89' lang='lat'>:</span> <span class='ocrx_word' id='word_1_856' title='bbox 2863 4800 2921 4852; x_wconf 90' lang='lat' dir='ltr'>et</span> <span class='ocrx_word' id='word_1_857' title='bbox 2949 4812 3053 4868; x_wconf 88' lang='lat' dir='ltr'>per</span> <span class='ocrx_word' id='word_1_858' title='bbox 3090 4792 3447 4867; x_wconf 83' lang='lat' dir='ltr'>oppositum,</span> <span class='ocrx_word' id='word_1_859' title='bbox 3480 4790 3620 4864; x_wconf 68' lang='lat' dir='ltr'>ipsa:</span> <span class='ocrx_word' id='word_1_860' title='bbox 3664 4793 3778 4844; x_wconf 86' lang='lat' dir='ltr'>ten-</span> 
     </span>
    </p>
   </div>
   <div class='ocr_carea' id='block_1_107' title="bbox 2145 4876 3781 4957">
    <p class='ocr_par' dir='ltr' id='par_1_107' title="bbox 2145 4876 3781 4957">
     <span class='ocr_line' id='line_1_107' title="bbox 2145 4876 3781 4957; baseline -0.008 -15"><span class='ocrx_word' id='word_1_861' title='bbox 2145 4887 2396 4942; x_wconf 89' lang='lat' dir='ltr'>tationes</span> <span class='ocrx_word' id='word_1_862' title='bbox 2429 4902 2462 4941; x_wconf 88' lang='lat' dir='ltr'>a</span> <span class='ocrx_word' id='word_1_863' title='bbox 2493 4884 2710 4957; x_wconf 90' lang='lat' dir='ltr'>quibus</span> <span class='ocrx_word' id='word_1_864' title='bbox 2731 4884 2882 4957; x_wconf 89' lang='lat' dir='ltr'>justi</span> <span class='ocrx_word' id='word_1_865' title='bbox 2909 4883 3254 4940; x_wconf 88' lang='lat' dir='ltr'>liberantur.</span> <span class='ocrx_word' id='word_1_866' title='bbox 3280 4881 3455 4938; x_wconf 91' lang='lat' dir='ltr'>Modu</span> <span class='ocrx_word' id='word_1_867' title='bbox 3481 4897 3493 4936; x_wconf 92' lang='lat'>:</span> <span class='ocrx_word' id='word_1_868' title='bbox 3520 4880 3583 4935; x_wconf 93' lang='lat' dir='ltr'>In</span> <span class='ocrx_word' id='word_1_869' title='bbox 3605 4876 3781 4950; x_wconf 88' lang='lat' dir='ltr'>prima</span> 
     </span>
    </p>
   </div>
   <div class='ocr_carea' id='block_1_108' title="bbox 2143 4967 3776 5048">
    <p class='ocr_par' dir='ltr' id='par_1_108' title="bbox 2143 4967 3776 5048">
     <span class='ocr_line' id='line_1_108' title="bbox 2143 4967 3776 5048; baseline -0.008 -17"><span class='ocrx_word' id='word_1_870' title='bbox 2143 4980 2331 5048; x_wconf 91' lang='lat' dir='ltr'>parte,</span> <span class='ocrx_word' id='word_1_871' title='bbox 2354 4974 2689 5032; x_wconf 86' lang='lat' dir='ltr'>ostenditur</span> <span class='ocrx_word' id='word_1_872' title='bbox 2719 4972 2913 5045; x_wconf 89' lang='lat' dir='ltr'>qualis</span> <span class='ocrx_word' id='word_1_873' title='bbox 2945 4973 3022 5030; x_wconf 90' lang='lat' dir='ltr'>sit</span> <span class='ocrx_word' id='word_1_874' title='bbox 3048 4972 3147 5027; x_wconf 90' lang='lat' dir='ltr'>ille</span> <span class='ocrx_word' id='word_1_875' title='bbox 3177 4971 3335 5044; x_wconf 89' lang='lat' dir='ltr'>quia</span> <span class='ocrx_word' id='word_1_876' title='bbox 3353 4970 3467 5026; x_wconf 92' lang='lat' dir='ltr'>Deo</span> <span class='ocrx_word' id='word_1_877' title='bbox 3490 4967 3776 5030; x_wconf 88' lang='lat' dir='ltr'>liberatur,</span> 
     </span>
    </p>
   </div>
   <div class='ocr_carea' id='block_1_109' title="bbox 2143 5051 3777 5136">
    <p class='ocr_par' dir='ltr' id='par_1_109' title="bbox 2143 5051 3777 5136">
     <span class='ocr_line' id='line_1_109' title="bbox 2143 5051 3777 5136; baseline -0.008 -17"><span class='ocrx_word' id='word_1_878' title='bbox 2143 5063 2369 5119; x_wconf 88' lang='lat' dir='ltr'>scilicet</span> <span class='ocrx_word' id='word_1_879' title='bbox 2399 5080 2644 5136; x_wconf 87' lang='lat' dir='ltr'>sperans</span> <span class='ocrx_word' id='word_1_880' title='bbox 2675 5062 2914 5119; x_wconf 90' lang='lat' dir='ltr'>omnino</span> <span class='ocrx_word' id='word_1_881' title='bbox 2954 5063 3015 5117; x_wconf 90' lang='lat' dir='ltr'>in</span> <span class='ocrx_word' id='word_1_882' title='bbox 3064 5061 3331 5117; x_wconf 89' lang='lat' dir='ltr'>Domino.</span> <span class='ocrx_word' id='word_1_883' title='bbox 3367 5055 3699 5115; x_wconf 87' lang='lat' dir='ltr'>Ostenditur</span> <span class='ocrx_word' id='word_1_884' title='bbox 3723 5051 3777 5106; x_wconf 88' lang='lat' dir='ltr'>ln</span> 
     </span>
    </p>
   </div>
   <div class='ocr_carea' id='block_1_110' title="bbox 2141 5141 3777 5225">
    <p class='ocr_par' dir='ltr' id='par_1_110' title="bbox 2141 5141 3777 5225">
     <span class='ocr_line' id='line_1_110' title="bbox 2141 5141 3777 5225; baseline -0.009 -17"><span class='ocrx_word' id='word_1_885' title='bbox 2141 5153 2346 5208; x_wconf 89' lang='lat' dir='ltr'>eadem</span> <span class='ocrx_word' id='word_1_886' title='bbox 2377 5156 2543 5225; x_wconf 89' lang='lat' dir='ltr'>parte</span> <span class='ocrx_word' id='word_1_887' title='bbox 2574 5152 2766 5224; x_wconf 89' lang='lat' dir='ltr'>qualis</span> <span class='ocrx_word' id='word_1_888' title='bbox 2798 5152 2877 5208; x_wconf 90' lang='lat' dir='ltr'>sit</span> <span class='ocrx_word' id='word_1_889' title='bbox 2924 5151 3207 5224; x_wconf 89' lang='lat' dir='ltr'>protectio</span> <span class='ocrx_word' id='word_1_890' title='bbox 3255 5148 3378 5216; x_wconf 91' lang='lat' dir='ltr'>Dei,</span> <span class='ocrx_word' id='word_1_891' title='bbox 3409 5150 3467 5203; x_wconf 92' lang='lat' dir='ltr'>et</span> <span class='ocrx_word' id='word_1_892' title='bbox 3495 5163 3530 5202; x_wconf 85' lang='lat' dir='ltr'>a</span> <span class='ocrx_word' id='word_1_893' title='bbox 3558 5141 3777 5217; x_wconf 84' lang='lat' dir='ltr'>quantis</span> 
     </span>
    </p>
   </div>
   <div class='ocr_carea' id='block_1_111' title="bbox 2140 5229 3773 5314">
    <p class='ocr_par' dir='ltr' id='par_1_111' title="bbox 2140 5229 3773 5314">
     <span class='ocr_line' id='line_1_111' title="bbox 2140 5229 3773 5314; baseline -0.009 -18"><span class='ocrx_word' id='word_1_894' title='bbox 2140 5240 2442 5314; x_wconf 89' lang='lat' dir='ltr'>periculis,</span> <span class='ocrx_word' id='word_1_895' title='bbox 2475 5245 2534 5296; x_wconf 91' lang='lat' dir='ltr'>et</span> <span class='ocrx_word' id='word_1_896' title='bbox 2562 5257 2740 5312; x_wconf 90' lang='lat' dir='ltr'>quam</span> <span class='ocrx_word' id='word_1_897' title='bbox 2776 5240 3025 5296; x_wconf 84' lang='lat' dir='ltr'>inﬁnitis</span> <span class='ocrx_word' id='word_1_898' title='bbox 3058 5241 3160 5295; x_wconf 84' lang='lat' dir='ltr'>fiat</span> <span class='ocrx_word' id='word_1_899' title='bbox 3208 5238 3309 5294; x_wconf 90' lang='lat' dir='ltr'>illa</span> <span class='ocrx_word' id='word_1_900' title='bbox 3355 5236 3453 5293; x_wconf 92' lang='lat' dir='ltr'>Dei</span> <span class='ocrx_word' id='word_1_901' title='bbox 3486 5229 3773 5307; x_wconf 90' lang='lat' dir='ltr'>protectio.</span> 
     </span>
    </p>
   </div>
   <div class='ocr_carea' id='block_1_112' title="bbox 2142 5320 3775 5402">
    <p class='ocr_par' dir='ltr' id='par_1_112' title="bbox 2142 5320 3775 5402">
     <span class='ocr_line' id='line_1_112' title="bbox 2142 5320 3775 5402; baseline -0.007 -18"><span class='ocrx_word' id='word_1_902' title='bbox 2142 5331 2208 5385; x_wconf 93' lang='lat' dir='ltr'>ln</span> <span class='ocrx_word' id='word_1_903' title='bbox 2259 5329 2521 5385; x_wconf 88' lang='lat' dir='ltr'>secunda</span> <span class='ocrx_word' id='word_1_904' title='bbox 2568 5333 2752 5401; x_wconf 83' lang='lat' dir='ltr'>parte,</span> <span class='ocrx_word' id='word_1_905' title='bbox 2798 5348 2927 5402; x_wconf 68' lang='lat' dir='ltr'>quae</span> <span class='ocrx_word' id='word_1_906' title='bbox 2974 5328 3271 5401; x_wconf 83' lang='lat' dir='ltr'>incipit:«</span> <span class='ocrx_word' id='word_1_907' title='bbox 3305 5326 3522 5382; x_wconf 88' lang='lat' dir='ltr'>Cadent</span> <span class='ocrx_word' id='word_1_908' title='bbox 3551 5341 3585 5378; x_wconf 87' lang='lat' dir='ltr'>a</span> <span class='ocrx_word' id='word_1_909' title='bbox 3612 5320 3775 5376; x_wconf 87' lang='lat' dir='ltr'>latere</span> 
     </span>
    </p>
   </div>
   <div class='ocr_carea' id='block_1_113' title="bbox 2144 5406 3773 5490">
    <p class='ocr_par' dir='ltr' id='par_1_113' title="bbox 2144 5406 3773 5490">
     <span class='ocr_line' id='line_1_113' title="bbox 2144 5406 3773 5490; baseline -0.008 -15"><span class='ocrx_word' id='word_1_910' title='bbox 2144 5423 2265 5487; x_wconf 92' lang='lat' dir='ltr'>tuo,</span> <span class='ocrx_word' id='word_1_911' title='bbox 2300 5440 2328 5469; x_wconf 86' lang='lat'>»</span> <span class='ocrx_word' id='word_1_912' title='bbox 2362 5418 2622 5474; x_wconf 85' lang='lat' dir='ltr'>ostendit</span> <span class='ocrx_word' id='word_1_913' title='bbox 2652 5419 2809 5490; x_wconf 87' lang='lat' dir='ltr'>quod</span> <span class='ocrx_word' id='word_1_914' title='bbox 2841 5418 3111 5474; x_wconf 88' lang='lat' dir='ltr'>Christus</span> <span class='ocrx_word' id='word_1_915' title='bbox 3161 5416 3368 5484; x_wconf 90' lang='lat' dir='ltr'>malos,</span> <span class='ocrx_word' id='word_1_916' title='bbox 3402 5412 3501 5486; x_wconf 89' lang='lat' dir='ltr'>qui</span> <span class='ocrx_word' id='word_1_917' title='bbox 3533 5427 3665 5467; x_wconf 84' lang='lat' dir='ltr'>suos</span> <span class='ocrx_word' id='word_1_918' title='bbox 3690 5406 3773 5461; x_wconf 87' lang='lat' dir='ltr'>hic</span> 
     </span>
    </p>
   </div>
   <div class='ocr_carea' id='block_1_114' title="bbox 2143 5501 3773 5580">
    <p class='ocr_par' dir='ltr' id='par_1_114' title="bbox 2143 5501 3773 5580">
     <span class='ocr_line' id='line_1_114' title="bbox 2143 5501 3773 5580; baseline -0.009 -17"><span class='ocrx_word' id='word_1_919' title='bbox 2143 5506 2347 5564; x_wconf 90' lang='lat' dir='ltr'>multis</span> <span class='ocrx_word' id='word_1_920' title='bbox 2376 5507 2801 5563; x_wconf 87' lang='lat' dir='ltr'>teutationibus</span> <span class='ocrx_word' id='word_1_921' title='bbox 2824 5511 3277 5580; x_wconf 90' lang='lat' dir='ltr'>persequuntur,</span> <span class='ocrx_word' id='word_1_922' title='bbox 3292 5505 3529 5561; x_wconf 89' lang='lat' dir='ltr'>tandem</span> <span class='ocrx_word' id='word_1_923' title='bbox 3549 5501 3773 5557; x_wconf 88' lang='lat' dir='ltr'>damna-</span> 
     </span>
    </p>
   </div>
   <div class='ocr_carea' id='block_1_115' title="bbox 2144 5584 3773 5667">
    <p class='ocr_par' dir='ltr' id='par_1_115' title="bbox 2144 5584 3773 5667">
     <span class='ocr_line' id='line_1_115' title="bbox 2144 5584 3773 5667; baseline -0.006 -15"><span class='ocrx_word' id='word_1_924' title='bbox 2144 5596 2252 5658; x_wconf 90' lang='lat' dir='ltr'>bit.</span> <span class='ocrx_word' id='word_1_925' title='bbox 2284 5600 2341 5651; x_wconf 87' lang='lat' dir='ltr'>et</span> <span class='ocrx_word' id='word_1_926' title='bbox 2372 5587 2512 5652; x_wconf 83' lang='lat' dir='ltr'>suos</span> <span class='ocrx_word' id='word_1_927' title='bbox 2542 5597 2963 5654; x_wconf 87' lang='lat' dir='ltr'>remunerabit.</span> <span class='ocrx_word' id='word_1_928' title='bbox 2999 5598 3062 5652; x_wconf 88' lang='lat' dir='ltr'>In</span> <span class='ocrx_word' id='word_1_929' title='bbox 3107 5596 3279 5653; x_wconf 90' lang='lat' dir='ltr'>tertia</span> <span class='ocrx_word' id='word_1_930' title='bbox 3326 5597 3510 5667; x_wconf 89' lang='lat' dir='ltr'>parte,</span> <span class='ocrx_word' id='word_1_931' title='bbox 3538 5605 3660 5662; x_wconf 66' lang='lat' dir='ltr'>quae</span> <span class='ocrx_word' id='word_1_932' title='bbox 3689 5584 3773 5639; x_wconf 85' lang='lat' dir='ltr'>in-</span> 
     </span>
    </p>
   </div>
   <div class='ocr_carea' id='block_1_116' title="bbox 2145 5673 3774 5759">
    <p class='ocr_par' dir='ltr' id='par_1_116' title="bbox 2145 5673 3774 5759">
     <span class='ocr_line' id='line_1_116' title="bbox 2145 5673 3774 5759; baseline -0.009 -20"><span class='ocrx_word' id='word_1_933' title='bbox 2145 5684 2289 5756; x_wconf 92' lang='lat' dir='ltr'>cipit</span> <span class='ocrx_word' id='word_1_934' title='bbox 2312 5702 2323 5739; x_wconf 92' lang='lat'>:</span> <span class='ocrx_word' id='word_1_935' title='bbox 2360 5708 2387 5734; x_wconf 83' lang='lat'><strong><em>«</em></strong></span> <span class='ocrx_word' id='word_1_936' title='bbox 2421 5686 2707 5751; x_wconf 86' lang='lat' dir='ltr'>Quoniam</span> <span class='ocrx_word' id='word_1_937' title='bbox 2730 5685 2789 5740; x_wconf 91' lang='lat' dir='ltr'>in</span> <span class='ocrx_word' id='word_1_938' title='bbox 2814 5702 2907 5742; x_wconf 89' lang='lat' dir='ltr'>me</span> <span class='ocrx_word' id='word_1_939' title='bbox 2925 5686 3236 5759; x_wconf 83' lang='lat' dir='ltr'>speravit,»</span> <span class='ocrx_word' id='word_1_940' title='bbox 3260 5679 3488 5739; x_wconf 89' lang='lat' dir='ltr'>inducit</span> <span class='ocrx_word' id='word_1_941' title='bbox 3507 5673 3774 5748; x_wconf 80' lang='lat' dir='ltr'>Propheta</span> 
     </span>
    </p>
   </div>
   <div class='ocr_carea' id='block_1_117' title="bbox 2146 5760 3774 5845">
    <p class='ocr_par' dir='ltr' id='par_1_117' title="bbox 2146 5760 3774 5845">
     <span class='ocr_line' id='line_1_117' title="bbox 2146 5760 3774 5845; baseline -0.01 -16"><span class='ocrx_word' id='word_1_942' title='bbox 2146 5773 2329 5829; x_wconf 91' lang='lat' dir='ltr'>Deum</span> <span class='ocrx_word' id='word_1_943' title='bbox 2362 5773 2801 5845; x_wconf 90' lang='lat' dir='ltr'>promittentem</span> <span class='ocrx_word' id='word_1_944' title='bbox 2822 5775 3105 5831; x_wconf 88' lang='lat' dir='ltr'>membris</span> <span class='ocrx_word' id='word_1_945' title='bbox 3125 5773 3362 5840; x_wconf 89' lang='lat' dir='ltr'>Christi,</span> <span class='ocrx_word' id='word_1_946' title='bbox 3388 5774 3445 5826; x_wconf 89' lang='lat' dir='ltr'>et</span> <span class='ocrx_word' id='word_1_947' title='bbox 3465 5769 3523 5825; x_wconf 92' lang='lat' dir='ltr'>in</span> <span class='ocrx_word' id='word_1_948' title='bbox 3544 5766 3649 5822; x_wconf 91' lang='lat' dir='ltr'>hac</span> <span class='ocrx_word' id='word_1_949' title='bbox 3668 5760 3774 5816; x_wconf 83' lang='lat' dir='ltr'>vita</span> 
     </span>
    </p>
   </div>
  </div>
