3936 6402
195 517 309 577 509

1354 513 1854 575 EXPLANATIO
1898 512 1977 574 IN
2020 513 2403 577 PSALMOS.

3490 514 3608 576 510

195 646 713 721 protectionem,et
734 649 868 718 post
888 646 1038 701 hanc
1060 663 1121 702 se
1138 646 1417 702 daturum
1440 646 1846 701 aeternitatem.
1878 643 1934 712 Α
1966 644 2021 700 id
2054 648 2162 714 est,
2197 664 2231 702 θ,
2259 645 2367 703 levi
2401 644 2718 703 tentatione
2747 651 2803 704 et
2833 645 3165 718 manifeeta,
3196 651 3255 704 et
3283 647 3459 706 etiam
3493 668 3609 707 non

196 735 443 793 Intentio
474 738 565 790 est
596 750 704 790 nos
734 733 1025 790 instruere
1056 739 1261 790 contra
1291 734 1665 801 tentationes,
1692 733 1847 789 scili-

195 827 363 882 cetut
382 828 661 897 putemus
683 840 986 895 nunquam
1006 840 1110 894 per
1132 827 1362 879 nostras
1378 824 1529 878 vires
1550 840 1657 877 nos
1678 836 1849 894 posse

193 911 621 969 tentationibus
654 910 948 979 resistere,
982 912 1081 966 sed
1117 928 1349 983 semper
1379 912 1450 965 ad
1488 912 1670 967 Deum
1704 911 1852 965 refu-

194 1003 450 1076 giamus,
476 1004 529 1056 et
560 1000 635 1055 ab
668 1000 795 1072 ipso
826 999 1058 1055 liberari
1094 1005 1520 1072 exspectemus.

266 1115 293 1141 α
317 1092 397 1146 Ac
428 1089 477 1144 si
500 1089 585 1144 ita
606 1089 824 1144 diceret
845 1089 1132 1161 Propheta
1156 1105 1168 1145 :
1188 1089 1463 1161 Vosjusti
1490 1090 1847 1161 quicunque,

197 1197 308 1235 non
344 1175 715 1252 prmsumetis
748 1177 817 1231 de
849 1177 1031 1245 vobis,
1058 1179 1157 1233 sed
1191 1178 1522 1234 universam
1555 1195 1849 1250 spem‘ve-

197 1272 379 1325 stram
407 1265 674 1340 projicite
707 1265 765 1322 in
790 1266 1056 1335 Domino,
1083 1267 1361 1339 quoniam
1385 1292 1411 1318 ‹‹
1438 1267 1537 1340 qui
1569 1266 1851 1334 habitat,»

197 1358 254 1413 id
276 1360 385 1426 est,
408 1358 761 1429 perseverat,
778 1379 803 1404 ‹‹
833 1354 892 1409 in
925 1355 1239 1428 adjutorio,
1257 1380 1282 1406 »
1308 1357 1365 1413 id
1391 1360 1498 1425 est,
1526 1360 1589 1412 ut
1617 1356 1854 1411 aliunde

194 1445 424 1502 nullum
459 1448 627 1518 putet
674 1444 787 1500 sibi
820 1462 949 1500 esse
982 1445 1265 1501 auxilium
1298 1445 1357 1501 in
1392 1464 1505 1518 quo
1554 1446 1701 1501 bene
1750 1445 1853 1500 ha—

194 1535 505 1591 bitandum
563 1538 674 1600 est,
700 1533 983 1605 quoniam
1044 1534 1171 1607 ipse
1222 1534 1560 1590 Altissimus
1596 1552 1609 1590 :
1643 1539 1700 1591 et
1745 1535 1855 1590 hoc

192 1628 301 1695 est,
340 1647 361 1673 ι
386 1622 670 1679 Altissimi
699 1640 748 1678 »ε
775 1623 877 1695 qui
908 1622 990 1679 ita
1011 1623 1292 1691 babitat,«
1316 1623 1775 1679 commorabitur
1796 1624 1855 1678 in

189 1713 552 1786 protectione
583 1712 707 1779 Dei,
736 1735 764 1762 »
785 1711 845 1767 id
874 1715 983 1779 est,
1018 1712 1256 1768 assidue
1302 1713 1627 1786 protegitur
1655 1730 1690 1768 a
1720 1718 1856 1782 Deo,

191 1802 293 1859 Dei
324 1802 456 1857 dico
483 1823 512 1851 ‹‹
547 1799 675 1857 cceli
704 1822 731 1850 »
764 1801 823 1856 in
872 1817 986 1873 quo
1017 1801 1173 1874 quod
1205 1801 1398 1857 valida
1438 1805 1495 1858 et
1542 1818 1757 1874 magna
1782 1802 1861 1858 sit

191 1888 479 1964 protectio
509 1890 638 1962 ejus
669 1889 999 1945 denotatur.
1034 1889 1099 1945 In
1132 1889 1242 1945 hoc
1270 1888 1459 1962 primo
1483 1906 1676 1957 versu,
1700 1894 1859 1946 nota-

190 1985 290 2036 tur
318 1982 711 2076 totasumma
736 1976 912 2076 hejus
944 1978 1145 2076 prima:
1167 1977 1658 2076 partis,.quamvis
1678 1978 1861 2076 brevi-
1890 2012 1937 2076 Β

190 2073 282 2126 ter
312 2066 668 2135 continetur,
694 2065 794 2123 ubi
822 2067 980 2122 enim
1004 2066 1171 2135 dicit,
1193 2091 1219 2117 ‹‹
1246 2066 1345 2139 qui
1378 2065 1664 2136 habitat,»
1696 2066 1862 2140 ponit

191 2157 365 2214 illum
400 2155 500 2230 qui
542 2155 843 2212 liberetur.
867 2154 1012 2211 Cum
1046 2154 1188 2211 dicit
1232 2156 1293 2211 in
1343 2155 1703 2228 protectione
1734 2155 1860 2225 Dei,

195 2246 364 2319 ponit
396 2247 806 2319 protectorem,
840 2247 899 2300 et
928 2244 1027 2299 dat
1064 2243 1425 2301 intellectum
1456 2244 1626 2301 nobis
1655 2260 1860 2301 eorum

194 2353 230 2392 a
259 2335 481 2408 quibus
511 2333 589 2407 sit
618 2332 720 2389 illa
748 2333 1048 2406 protectio,
1074 2332 1299 2389 scilicet
1342 2350 1377 2389 a
1416 2333 1860 2390 tentationibus.

268 2448 295 2474 α
331 2422 516 2479 Dicet.
542 2444 570 2474 »
593 2421 863 2478 Ostendit
902 2421 1095 2494 qualis
1144 2420 1221 2477 sit
1266 2420 1363 2478 ille
1394 2421 1496 2494 qui
1543 2421 1773 2478 habitat
1802 2422 1862 2477 in

195 2512 516 2585 adjutorio,
552 2510 775 2568 scilicet
822 2510 921 2567 ille
951 2533 978 2561 ‹‹
1015 2510 1169 2566 dicet
1215 2510 1464 2568 Domino
1497 2528 1510 2567 :
1550 2512 1867 2584 Susceptor

196 2618 370 2658 meus
394 2619 455 2658 es
478 2604 600 2670 tu,»
627 2599 766 2673 quia
796 2615 866 2655 ex
893 2599 1116 2656 vilitate
1149 2599 1372 2672 peccati
1397 2600 1469 2656 ad
1492 2598 1866 2656 altitudinem

188 2690 447 2763 justitiaa
471 2705 564 2745 me
585 2686 919 2761 suscepisti,
938 2688 1009 2743 ad
1032 2704 1209 2761 quam
1232 2706 1337 2761 per
1356 2704 1518 2745 meas
1531 2687 1683 2744 vires
1706 2687 1866 2744 nullo

201 2779 385 2835 modo
409 2781 673 2853 poteram
704 2776 1027 2851 pervenire,
1045 2777 1105 2833 in
1127 2792 1242 2850 quo
1273 2776 1523 2851 positus,
1549 2794 1685 2833 cum
1716 2777 1867 2849 peri-

198 2867 338 2925 cula
360 2865 760 2935 imminerent,
777 2880 890 2921 non
917 2864 1145 2921 confido
1166 2863 1227 2921 in
1250 2863 1398 2921 meis
1417 2864 1660 2933 viribus,
1682 2866 1782 2921 sed
1802 2868 1868 2921 tu

202 2973 290 3027 es,
325 2958 501 3024 Deus,
529 2978 557 3006 ‹‹
593 2954 888 3029 refugium
921 2971 1119 3010 meum
1154 2977 1182 3004 »
1206 2955 1278 3010 ad
1311 2969 1486 3026 quem
1535 2953 1783 3026 refugio,
1805 2956 1873 3008 ut

200 3046 436 3120 possim
467 3043 706 3100 liberari
746 3044 818 3099 ab
865 3043 1025 3099 omni
1076 3042 1357 3099 instantia
1378 3042 1792 3116 periculorum,
1815 3044 1873 3098 et

201 3150 468 3206 semper,
491 3132 633 3205 quia
656 3156 683 3181 «
718 3132 872 3188 Deus
905 3148 1072 3187 meus
1120 3135 1228 3203 est,
1251 3131 1498 3205 sperabo
1548 3131 1609 3185 in
1659 3146 1816 3200 eum,
1842 3151 1871 3179 »

205 3223 355 3297 quia
406 3236 711 3294 nunquam
742 3221 814 3277 de
860 3237 954 3277 me
1002 3220 1061 3275 in
1112 3220 1308 3293 aliquo
1367 3219 1870 3293 prmsumam,sed

206 3327 454 3384 semper
483 3309 557 3365 ad
587 3324 721 3365 eum
751 3308 812 3365 in
843 3309 1002 3366 omni
1033 3309 1381 3366 necessitate
1410 3325 1727 3365 recurram.

1958 734 2194 790 timebis
2229 760 2250 786 α
2287 754 2321 792 a
2351 737 2580 809 negotio
2614 738 3057 810 perambulante
3102 738 3162 793 in
3196 738 3517 805 tenebris,»
3550 740 3608 796 id

1958 826 2066 891 est,
2094 825 2166 879 ab
2198 824 2397 897 aliqua
2422 826 2579 897 gravi
2604 826 2925 882 tentatione
2946 830 3003 881 et
3023 826 3271 896 occulta,
3287 827 3479 900 qualis
3501 828 3612 885 fuit

1959 911 2190 967 Christo
2225 914 2579 969 machinatio
2611 915 2839 983 mortis,
2869 932 3046 988 quam
3076 916 3127 972 ei
3158 915 3408 973 latenter
3436 935 3610 990 para-

1958 1006 2168 1056 verunt
2188 1002 2395 1057 Judzei.
2418 1003 2521 1058 Per
2544 1004 2862 1076 negotium,
2887 1004 3210 1076 accipimus
3228 1022 3612 1078 quoscunque

1962 1090 2340 1160 gravissimos
2371 1096 2536 1147 actus
2566 1093 2636 1147 ad
2671 1092 2923 1160 alicujus
2954 1094 3377 1162 seductionem,
3402 1099 3467 1150 ut
3495 1094 3611 1150 hae-

1963 1178 2124 1233 retici
2143 1179 2396 1250 graviter
2417 1180 2686 1236 laborant
2702 1185 2766 1235 ut
2782 1181 3036 1253 aliquem
3046 1183 3279 1253 justum
3297 1183 3612 1256 decipiant.

1963 1270 2122 1335 Quod
2148 1269 2307 1335 dicit,
2325 1293 2351 1319 ‹‹
2380 1270 2844 1341 parambulante,
2867 1293 2892 1321 »
2918 1271 3205 1328 habemus
3238 1290 3616 1345 perseveran-

1962 1357 2107 1413 tiam
2140 1358 2200 1412 in
2235 1357 2351 1412 illis
2384 1357 2643 1427 actibus;
2677 1376 2779 1430 per
2808 1358 2918 1414 hoc
2948 1361 3102 1431 quod
3135 1360 3331 1428 dicit,«
3365 1361 3426 1416 in
3458 1365 3617 1418 tene-

1965 1445 2146 1511 bris,»
2171 1444 2459 1500 habemus
2479 1444 2770 1501 occultam
2794 1445 3197 1501 tentationem.
3216 1448 3287 1501 Et
3304 1445 3479 1502 etiam
3503 1465 3620 1503 non

1967 1533 2203 1589 timebis
2224 1556 2250 1582 ‹‹
2278 1533 2351 1588 ab
2376 1533 2615 1589 incursu
2638 1537 2694 1589 et
2714 1533 3000 1591 daemonio
3024 1534 3348 1591 meridiano
3374 1558 3400 1584 »
3423 1535 3480 1590 id
3510 1540 3621 1603 est,

1966 1623 2040 1679 ab
2074 1621 2317 1678 incursu
2348 1621 2621 1678 daemonii
2654 1622 2985 1693 meridiani,
3017 1623 3075 1678 id
3108 1628 3220 1695 est,
3254 1641 3369 1680 non
3399 1624 3625 1681 timebi-

1967 1728 2101 1767 mus
2132 1729 2167 1767 a
2197 1711 2548 1784 gravissima
2602 1711 3011 1784 persecutione
3069 1706 3400 1782 manifesta,
3432 1712 3625 1786 qualis

1966 1803 2122 1856 esset
2151 1799 2499 1871 persecutio,
2523 1798 2572 1855 si
2595 1798 2811 1871 aliquis
2833 1801 3122 1857 nefandus
3141 1800 3453 1874 episcopus
3483 1820 3624 1875 prae-

1966 1887 2190 1944 dicaret
2217 1892 2276 1944 et
2316 1887 2655 1960 przeciperet
2685 1888 3127 1944 fornicationem
3157 1887 3247 1944 vel
3279 1887 3622 1961 simoniam,

1967 1976 2122 2032 sicut
2150 1976 2468 2033 Guibertus
2512 1977 2776 2033 demens.
2813 1977 2920 2032 Per
2947 1976 3057 2033 hoc
3097 1977 3253 2049 quod
3285 1977 3446 2046 dicit,
3474 2000 3503 2030 «
3535 1977 3623 2032 in-

1968 2082 2203 2132 cursu,»
2227 2065 2516 2122 habemus
2544 2065 2972 2135 vehementem,
2995 2070 3053 2121 et
3081 2064 3476 2140 impetuosam
3505 2069 3628 2122 ten-

1968 2155 2283 2224 tationem;
2306 2170 2409 2226 per
2427 2153 2537 2210 hoc
2560 2154 2717 2227 quod
2738 2154 2898 2219 dicit,
2923 2170 2956 2210 a
2976 2176 3004 2206 «
3020 2154 3307 2211 daemonio
3329 2176 3356 2207 »
3377 2154 3625 2224 illatam,

1971 2243 2260 2300 habemus
2289 2242 2706 2317 gravissimum
2748 2246 2804 2299 et
2831 2242 3265 2317 infatigabilem
3294 2247 3628 2316 persecuto-

1972 2351 2127 2401 rem;
2161 2333 2319 2405 quod
2362 2332 2523 2400 dicit,
2552 2354 2580 2384 ‹‹
2623 2333 2971 2404 meridiano,
2998 2354 3019 2380 ιι
3056 2332 3344 2389 habemus
3376 2332 3629 2390 manife-

1973 2426 2156 2479 stum.
2172 2422 2562 2496 Hieronymus
2585 2421 2643 2478 in
2666 2421 2966 2495 Originem
2988 2420 3343 2477 daemonium
3364 2421 3631 2478 meridia-

1974 2528 2118 2566 num
2152 2511 2407 2584 appellat
2454 2510 2745 2567 haereseos
2776 2509 3234 2584 protervitatem.
3277 2510 3381 2566 Hic
3412 2510 3635 2567 notavit

1976 2604 2229 2673 quatuor
2273 2617 2488 2673 genera
2540 2601 2933 2656 tentationum
2968 2614 2982 2654 :
3017 2599 3167 2655 duas
3224 2597 3399 2668 leves,
3452 2616 3632 2655 unam

1976 2689 2289 2760 occultam,
2322 2706 2425 2761 per
2472 2689 3184 2755 timorem,nocturnum;
3217 2686 3393 2744 aliam
3442 2688 3632 2744 mani-

1978 2778 2208 2846 festam,
2242 2795 2346 2850 per
2377 2778 2651 2850 sagittam
2682 2777 2971 2833 volantem
3005 2776 3064 2832 in
3098 2778 3209 2832 die.
3233 2777 3450 2833 Iterum
3483 2779 3632 2834 duas

1977 2882 2181 2939 graves
2214 2884 2226 2922 :
2261 2883 2439 2922 unam
2490 2865 2803 2930 occultam,
2837 2881 2939 2937 per
2967 2865 3267 2937 negotium
3316 2865 3631 2922 ambulans

1976 2952 2037 3009 in
2068 2955 2347 3020 tenebris,
2370 2955 2547 3010 aliam
2597 2953 2991 3024 manifestam,
3023 2969 3126 3025 per
3171 2952 3474 3009 incursum
3509 2954 3629 3008 dae-

1979 3042 2159 3098 monii
2192 3043 2521 3098 meridiani.

2055 3154 2083 3183 ‹‹
2104 3132 2326 3187 Cadent
2354 3149 2389 3187 a
2415 3131 2616 3187 latere.
2642 3153 2669 3182 »
2696 3132 2834 3186 Pars
2865 3130 3141 3186 secunda.
3169 3129 3331 3197 Dico,
3354 3132 3438 3198 tu,
3461 3129 3629 3186 Chri-

1981 3226 2091 3288 ste,
2105 3237 2239 3276 cum
2260 3220 2379 3277 tuis
2396 3237 2513 3275 non
2530 3220 2766 3276 timebis
2785 3219 2858 3274 ab
2877 3217 3074 3290 aliquo
3095 3218 3302 3274 timore
3323 3222 3629 3287 nocturno,

1980 3309 2068 3365 vel
2088 3310 2162 3365 ab
2187 3308 2382 3381 aliquo
2404 3326 2613 3382 genere
2635 3308 3047 3375 tentationum,
3062 3307 3162 3363 sed
3185 3306 3383 3379 potius
3397 3306 3637 3364 damna-

278 3376 494 3456 Merito
538 3398 806 3471 sperabo,
832 3422 859 3447 «
893 3398 1172 3470 quoniam
1215 3398 1340 3471 ipse
1378 3396 1649 3454 liberabit
1679 3414 1771 3453 me
1802 3396 1871 3452 de
1902 3376 1946 3445 (ἶ
1983 3398 2074 3455 bis
2106 3376 2301 3455 malos
2323 3376 2454 3455 illos
2474 3398 2573 3471 qui
2605 3397 2867 3453 inferunt
2896 3376 3249 3453 tentationes
3279 3396 3383 3452 tibi
3406 3401 3464 3453 et
3483 3396 3634 3463 tuis;

203 3489 424 3562 laqueo
452 3510 480 3538 »
510 3487 567 3543 id
601 3492 710 3555 est,
744 3489 816 3544 de
844 3486 1170 3543 malefactis
1195 3509 1221 3537 «
1251 3487 1612 3553 venantium,
1640 3508 1667 3536 »
1692 3486 1748 3540 id
1781 3489 1873 3541 est

205 3579 551 3633 daemonum
572 3579 631 3633 et
649 3575 940 3633 malorum
969 3576 1300 3644 hominum,
1325 3577 1425 3649 qui
1449 3579 1739 3631 venantur
1767 3575 1871 3630 ho-

204 3665 405 3722 mines
436 3665 593 3721 sicut
621 3669 926 3721 venatores
958 3665 1162 3733 feram,
1187 3682 1221 3721 a
1252 3681 1502 3738 quorum
1536 3663 1705 3720 factis
1738 3663 1875 3719 libe-

205 3758 409 3812 ratum
445 3770 506 3810 se
537 3752 680 3810 dicit
715 3754 920 3827 justus
957 3753 1089 3826 iste,
1114 3754 1254 3826 quia
1296 3753 1474 3810 nullis
1507 3753 1673 3809 factis
1702 3752 1873 3808 illum

205 3845 469 3916 possunt
506 3841 620 3898 sibi
659 3842 1046 3913 conformare,
1073 3865 1100 3892 «
1123 3846 1181 3898 et
1206 3864 1232 3891 »
1256 3843 1432 3899 etiam
1482 3842 1751 3899 liberavit
1779 3859 1874 3898 me

205 3956 234 3982 ‹‹
258 3951 295 3989 a
313 3932 496 3988 verbo
519 3932 748 4004 aspero.
773 3953 800 3981 »
822 3931 1077 3987 Verbum
1100 3949 1377 4005 asperum
1398 3935 1630 4004 reputat
1646 3932 1871 4002 justus,

201 4020 294 4077 vel
318 4020 561 4094 quando
582 4018 956 4076 contumeliis
985 4020 1351 4089 afficitur,vel
1376 4021 1610 4093 quando
1643 4019 1874 4077 blandis

203 4110 406 4167 verbis
438 4108 618 4165 etiam
651 4109 723 4165 ad
756 4108 1168 4181 decipiendum
1202 4113 1478 4165 tentatur.

281 4223 311 4249 ‹‹
347 4196 645 4271 Scapulis.
670 4219 699 4249 »
720 4197 979 4255 Ostenso
1012 4196 1206 4271 qualis
1237 4198 1315 4253 sit
1358 4197 1455 4253 ille
1484 4198 1582 4269 qui
1629 4197 1877 4253 liberan-

206 4288 323 4344 dus
355 4291 473 4355 est,
498 4286 753 4345 ostendit
773 4286 966 4359 qualis
992 4286 1069 4342 sit
1096 4285 1783 4343 liberatio.Continuatio.
1806 4287 1876 4342 Et

206 4374 505 4433 convertit
535 4390 597 4432 se
626 4375 914 4448 Propheta
954 4376 1028 4431 ad
1059 4390 1196 4431 eum
1227 4375 1329 4447 qui
1366 4374 1707 4431 liberandus
1738 4379 1827 4431 est
1859 4392 1872 4431 :

208 4465 300 4521 Tu
325 4464 537 4533 dicis,«
554 4464 811 4537 Sperabo
833 4463 892 4519 in
915 4480 1106 4536 eum,»
1127 4468 1185 4519 et
1205 4464 1330 4537 ipse
1351 4463 1506 4521 Deus
1518 4487 1545 4513 «
1567 4463 1877 4520 obumbra-

207 4553 300 4611 bit
335 4553 468 4622 tibi,
496 4576 523 4603 »
545 4552 771 4609 scilicet
826 4553 911 4610 sic
966 4557 1024 4609 te
1080 4557 1362 4627 proteget,
1398 4558 1464 4610 ut
1493 4556 1699 4609 wstum
1758 4570 1875 4610 non

208 4641 463 4712 sentias,
491 4639 802 4715 «scapulis
824 4641 971 4711 suis,
998 4664 1025 4691 »
1049 4642 1107 4696 id
1139 4646 1248 4711 est,
1272 4643 1534 4715 potentia
1558 4647 1615 4699 et
1645 4642 1875 4699 fortitu-

209 4732 352 4787 dine
373 4748 506 4799 sua,
523 4747 649 4802 quae
671 4747 776 4803 per
804 4730 1076 4802 scapulas
1107 4730 1472 4803 intelligitur,
1487 4731 1625 4805 quia
1646 4732 1768 4788 haec
1788 4736 1879 4788 est
1909 4743 1959 4809 1)
2061 4733 2220 4801 Dico,
2247 4753 2275 4782 «
2326 4748 2441 4787 non
2492 4722 3008 4801 appropinquabit,
3032 4745 3061 4773 »
3100 4745 3127 4771 ‹‹

210 4820 429 4877 fortior
453 4836 591 4891 pars
613 4819 672 4880 in
697 4818 808 4877 alis
827 4819 1022 4876 avium
1048 4836 1060 4875 :
1089 4842 1117 4869 α
1138 4823 1197 4875 et
1225 4820 1336 4875 sub
1364 4821 1574 4893 pennis
1605 4822 1735 4893 ejus
1755 4843 1783 4872 »
1816 4822 1876 4878 id

208 4912 322 4978 est,
363 4908 481 4964 sub
526 4908 929 4965 misericordia
957 4909 1110 4981 ejus,
1135 4908 1223 4963 vel
1256 4909 1559 4982 praeceptis
1591 4911 1721 4981 ejus
1749 4910 1875 4979 Dei,

209 4997 438 5070 quibus
468 4996 738 5053 homines
767 4998 839 5053 ad
871 4996 1082 5053 cwlum
1113 4996 1328 5065 volant,
1355 5021 1383 5048 «
1415 4999 1701 5070 sperabis.
1734 5020 1756 5049 ι

286 5090 359 5141 Et
391 5085 443 5141 si
493 5084 819 5158 periculum
866 5084 1190 5155 immineat,
1216 5109 1243 5135 ‹‹
1274 5090 1440 5142 scuto
1488 5086 1879 5145 circumdabit

208 5178 266 5231 te
290 5197 319 5225 »
348 5191 424 5230 ne
458 5174 688 5246 possint
716 5179 773 5232 te
802 5173 1026 5230 inimici
1056 5174 1285 5241 laudere,
1313 5196 1340 5224 ‹‹
1364 5174 1576 5233 veritas
1607 5177 1786 5249 ejus»
1817 5176 1877 5233 id

209 5267 327 5332 est,
354 5263 504 5336 ipse,
530 5267 596 5319 ut
626 5281 729 5336 per
757 5264 869 5319 hoc
897 5282 1068 5320 verax
1100 5268 1397 5336 appareat.
1423 5264 1545 5321 Nisi
1567 5267 1724 5322 enim
1752 5285 1876 5338 pro-

209 5356 442 5425 tegeret
475 5368 634 5421 suos,
668 5351 897 5408 falleret
938 5353 997 5407 in
1043 5352 1372 5425 promissis,
1407 5358 1464 5409 et
1493 5372 1625 5410 ecce
1654 5357 1818 5426 ponit
1848 5375 1883 5411 a

209 5440 461 5515 quantis
502 5442 929 5498 tentationibus
987 5441 1195 5497 liberet
1250 5442 1404 5498 Deus
1466 5442 1881 5501 hominem.Et

207 5530 355 5603 quia
396 5529 797 5587 circumdabit
844 5534 920 5599 te,
956 5530 1084 5586 ideo
1118 5553 1145 5580 «
1179 5547 1294 5586 non
1342 5530 1577 5588 timebis
1608 5550 1642 5587 a
1673 5533 1881 5590 timore

207 5622 532 5687 nocturno,
559 5642 586 5669 »
610 5637 642 5673 o
673 5619 921 5687 Christe,
952 5636 1085 5674 cum
1119 5618 1394 5675 omnibus
1427 5621 1707 5675 membris
1740 5623 1881 5694 tuis,

205 5706 441 5765 scilicet
470 5723 509 5762 a
538 5707 644 5764 levi
679 5712 737 5762 et
767 5707 996 5763 occulta
1027 5707 1366 5763 tcntatione.

276 5797 350 5853 Et
382 5794 574 5852 etiam
607 5814 721 5852 non
755 5795 991 5852 timebis
1014 5820 1042 5846 ‹‹
1076 5814 1109 5851 a
1139 5796 1351 5868 sagitta
1372 5796 1598 5854 volante
1630 5798 1686 5854 in
1722 5801 1876 5869 die,»

1980 3488 2135 3543 unde
2151 3486 2295 3542 dicit
2314 3487 2385 3542 :0
2402 3486 2687 3553 Christe,«
2704 3483 2919 3551 mille,»
2940 3483 2998 3539 id
3017 3487 3124 3553 est,
3140 3482 3357 3538 infiniti
3373 3483 3475 3555 qui
3497 3500 3638 3555 pra:-

1981 3580 2229 3633 sumunt
2258 3593 2321 3631 se
2354 3576 2583 3631 futuros
2613 3574 2673 3630 in
2696 3574 2879 3630 latere
2900 3576 3022 3641 tuo,
3047 3576 3105 3628 et
3124 3576 3316 3628 tecum
3338 3571 3637 3643 judicatu-

1983 3683 2108 3734 ros;
2136 3688 2163 3715 «
2186 3666 2397 3721 cadent
2427 3682 2461 3720 a
2489 3663 2670 3719 latere
2701 3667 2823 3732 tuo,
2848 3683 2876 3712 »
2902 3661 2961 3716 id
2992 3665 3101 3729 est,
3128 3678 3244 3719 non
3276 3661 3635 3734 reputabun-

1981 3758 2081 3810 tur
2108 3771 2243 3808 cum
2274 3752 2390 3808 illis
2413 3752 2512 3825 qui
2543 3751 2859 3808 consiliarii
2881 3754 2939 3805 et
2959 3750 3194 3822 judiees
3216 3753 3412 3805 tecum
3432 3752 3632 3818 erunt;

1984 3864 2013 3894 «
2045 3846 2102 3898 ct
2131 3845 2331 3899 decem
2379 3841 2565 3898 millia
2586 3864 2614 3891 »
2647 3841 2704 3895 id
2736 3843 2845 3907 est,
2867 3838 3085 3893 infiniti
3119 3837 3219 3909 qui
3269 3842 3637 3909 praesumunt

1983 3949 2045 3989 se
2076 3932 2377 4004 ponendos
2409 3930 2468 3985 in
2491 3928 2764 3996 dexteris,
2783 3927 2840 3983 id
2868 3929 2976 3993 est,
3002 3925 3156 3980 inter
3184 3924 3515 3993 salvandos,
3538 3941 3635 3980 ca-

1984 4021 2124 4076 dent
2156 4042 2184 4071 ‹‹
2215 4036 2249 4075 a
2281 4019 2533 4075 dexteris
2575 4018 2715 4084 tuis,
2744 4038 2771 4064 »
2794 4013 2933 4087 quia
2963 4031 2997 4070 a
3024 4012 3283 4070 sinistris
3320 4016 3629 4085 ponentur.

1983 4108 2141 4165 Mille
2199 4106 2343 4162 dicit
2372 4122 2407 4161 a
2452 4106 2632 4162 latere
2685 4104 2913 4171 cadere,
2947 4106 3005 4158 et
3059 4099 3257 4174 plures
3287 4118 3322 4157 a
3359 4101 3634 4169 dexteris,

1983 4196 2124 4270 quia
2151 4195 2354 4268 plures
2384 4199 2525 4251 sunt
2572 4192 2655 4248 illi
2687 4192 2785 4265 qui
2818 4192 3187 4264 praesumunt
3223 4207 3286 4246 se
3323 4188 3637 4246 salvandos

1983 4302 2161 4359 quam
2193 4284 2293 4357 qui
2325 4286 2693 4357 prmsumunt
2716 4296 2777 4338 se
2807 4296 2943 4336 cum
2974 4277 3204 4337 Christo
3224 4276 3631 4350 judicaturos:

1983 4374 2066 4432 illi
2101 4374 2331 4441 cadent,
2359 4394 2386 4422 «
2418 4372 2489 4427 ad
2538 4375 2593 4426 te
2642 4374 2839 4425 autem
2892 4366 3091 4422 nullus
3121 4388 3151 4417 »
3184 4364 3395 4421 talium
3439 4363 3635 4436 aliquo

1985 4466 2158 4522 modo
2184 4487 2212 4515 «
2240 4458 2752 4535 appmpinquabit,
2780 4480 2800 4506 υ
2828 4458 2928 4513 sed
2961 4455 3157 4529 potius
3186 4452 3634 4526 prmcipitabun-

1985 4559 2082 4611 tur
2110 4553 2169 4609 in
2200 4553 2520 4618 infernum,
2544 4566 2680 4605 cum
2727 4546 2888 4603 dices
2934 4545 3020 4602 eis
3051 4562 3065 4600 :
3089 4566 3117 4594 ‹‹
3140 4543 3428 4600 Discedite
3454 4560 3490 4598 a
3519 4559 3634 4611 me,

1985 4642 2304 4710 maledicti,
2335 4642 2396 4697 in
2426 4641 2623 4713 ignem
2655 4640 2958 4692 internum.
2987 4657 3016 4684 »
3302 4704 3305 4709 η

3169 4723 3575 4775 verumtamen
3611 4741 3638 4769 η

1987 4824 2186 4898 potius
2215 4819 2549 4893 oppositum
2585 4817 2683 4872 fiet
2714 4832 2727 4870 :
2762 4812 2902 4887 quia
2932 4816 3018 4881 tu,
3049 4810 3295 4877 Christe,
3321 4830 3348 4858 «
3380 4808 3641 4898 consido-

1987 4895 2165 4980 rabis,
2198 4933 2222 4960 »
2253 4909 2472 4977 omnia,
2505 4905 2730 4963 scilicet
2756 4908 2994 4976 peccata
3030 4899 3359 4965 hominum,
3396 4919 3425 4947 ‹‹
3455 4895 3643 4953 oculis

1986 5003 2127 5071 tuis,
2158 5023 2184 5050 »
2211 5015 2358 5072 quos
2390 5013 2497 5051 nec
2528 4991 2993 5067 profundissima
3020 4986 3295 5061 cogitatio
3327 4985 3506 5042 latere
3536 5002 3642 5056 po-

1986 5095 2102 5147 test
2134 5107 2147 5144 :
2176 5111 2202 5139 ‹‹
2234 5091 2292 5144 et
2316 5109 2344 5138 »
2368 5089 2508 5141 tunc
2544 5108 2563 5133 α
2595 5080 2892 5148 videbis,»
2925 5079 2985 5134 id
3016 5081 3125 5145 est,
3160 5074 3343 5151 videri
3376 5074 3553 5129 facies
3584 5075 3644 5128 ct

1989 5184 2187 5235 notam
2229 5175 2508 5232 omnibus
2537 5196 2564 5222 ‹‹
2599 5169 3116 5236 retributionem,»
3150 5164 3209 5219 id
3258 5166 3368 5233 est,
3409 5162 3640 5233 justam

1986 5266 2425 5324 damnationem
2457 5286 2483 5311 ‹‹
2520 5263 2914 5334 peccatorum.
2941 5279 2968 5305 ››

2062 5382 2089 5407 (ι
2122 5354 2428 5423 Quoniam.
2464 5375 2487 5399 »
2522 5352 2672 5405 Bene
2718 5347 2870 5414 dico,
2922 5346 3254 5416 peccatores
3312 5337 3637 5407 damnabit,

1990 5445 2269 5520 quoniam
2301 5459 2393 5497 me
2423 5444 2481 5496 et
2509 5439 2656 5494 alios
2680 5437 2900 5509 justos,
2922 5437 2978 5488 et
3009 5431 3117 5486 hoc
3149 5429 3290 5485 dicit
3310 5452 3337 5477 «
3362 5426 3640 5500 quoniam

1991 5516 2053 5592 tu
2083 5553 2165 5601 es,
2192 5530 2437 5588 Domine
2472 5552 2496 5576 »
2520 5526 2746 5582 Christe
2773 5548 2793 5574 «ι
2831 5540 2964 5595 spes
3011 5536 3160 5586 mea,
3190 5542 3210 5566 υ
3238 5517 3299 5573 in
3332 5534 3449 5589 quo
3495 5516 3642 5572 bene

1991 5625 2170 5681 debeo
2209 5634 2464 5692 sperare,
2488 5615 2628 5687 quia
2667 5618 2730 5668 tu
2756 5636 2783 5663 «ι
2816 5608 3063 5684 posuisti
3101 5605 3493 5673 Altissimum,
3518 5625 3547 5655 »
3579 5601 3641 5659 id

1991 5718 2100 5779 est,
2137 5712 2341 5775 Deum,
2370 5730 2391 5755 ιι
2430 5704 2722 5776 refugium
2757 5706 2946 5768 tuum,
2975 5720 3003 5748 »
3039 5695 3260 5753 scilicet
3292 5693 3516 5750 nullam
3548 5706 3645 5749 se-

1991 5801 2298 5858 curitatem
2356 5792 2603 5867 posuisti
2637 5790 2741 5847 tibi
2792 5789 2850 5844 in
2900 5785 3156 5855 homine,
3183 5783 3273 5839 vel
3330 5782 3389 5839 in
3446 5781 3645 5854 aliqua
