3936 6386
363 429 477 503 511

805 426 1219 490 HAYMONIS
1251 422 1794 487 HALBEBSTAT.
1828 415 2076 479 EPISC.
2110 417 2284 481 OPP.
2320 423 2523 487 PARS
2554 427 2601 489 l.
2638 462 2716 472 —
2745 428 3151 492 COMMENT.
3185 431 3384 493 BIBL.

3667 430 3774 492 512

366 563 672 621 mundana
700 580 780 631 re,
805 562 905 618 sed
936 559 993 615 in
1029 559 1153 615 solo
1183 559 1323 624 Deo,
1355 557 1411 612 in
1437 574 1552 630 quo
1584 554 1707 612 solo
1739 549 2024 610 securitas
2050 547 2108 632 Α,
2210 553 2296 610 Ita
2324 556 2547 615 scilicet
2590 559 2929 634 gloriﬁcabo
2959 580 3125 632 eum,
3149 562 3291 638 quia
3310 586 3338 613 ‹‹
3371 561 3604 638 replebo
3649 580 3775 621 eum

367 656 561 727 potest
590 649 856 717 inveniri,
890 648 1031 721 quia
1059 648 1191 720 ipse!
1214 647 1557 703 Altissimus
1587 649 1697 701 est.

437 743 509 798 Et
537 740 678 814 quia
709 739 767 794 in
796 740 913 795 Deo
947 736 1194 811 posuisti
1229 737 1333 792 tibi
1368 736 1681 807 refugium,
1707 735 1836 789 ideo
1864 753 1890 781 α
1913 747 2029 785 non

367 830 605 886 accedet
636 828 709 883 ad
743 830 800 882 te
832 825 1115 894 malum,»
1140 825 1403 898 aliquod,
1430 824 1652 881 scilicet
1683 828 1985 896 peccatum
2013 828 2027 867 ε

366 916 652 973 immunis
693 916 852 972 enim
884 916 1155 971 Christus
1201 914 1423 971 exstitit
1470 915 1542 970 ab
1576 914 1735 970 omni
1770 917 2026 986 peccato,

365 1031 394 1058 ‹‹
419 1011 477 1063 et
506 1005 864 1080 flagellum,»
891 1005 949 1060 id
972 1007 1079 1071 est,
1105 1005 1384 1061 correctio
1404 1003 1490 1060 vel
1519 1002 1746 1076 punitio
1767 1020 1872 1075 pro
1904 1020 2029 1074 pec-

365 1099 516 1163 cato,
544 1118 572 1146 α
595 1112 711 1151 non
734 1092 1232 1167 appropinquabit
1249 1092 1627 1148 tabernaculo
1651 1096 1798 1147 tuo»
1826 1092 1883 1146 ἰη
1910 1108 2025 1164 quo

364 1186 435 1241 ad
469 1168 706 1257 tempus
727 1182 995 1239 militasti
1030 1182 1166 1237 Deo.
1192 1181 1338 1237 Cum
1362 1181 1502 1236 dicit
1522 1181 1823 1238 Christum
1845 1181 2026 1237 salva-

362 1278 512 1341 tum,
538 1272 678 1345 quia
708 1274 892 1329 Deum
926 1271 1061 1327 fecit
1090 1272 1201 1326 sibi
1244 1271 1559 1343 refugium,
1594 1270 1790 1326 innuit
1832 1270 2025 1326 salva-

362 1363 582 1419 tionem
616 1361 865 1418 aliorum
890 1362 1214 1433 justorum,
1246 1360 1383 1433 quia
1420 1359 1532 1432 ipsi
1564 1378 1727 1433 spem
1762 1377 1929 1415 suam
1963 1360 2019 1415 in

364 1454 480 1509 Deo
512 1452 900 1510 constituunt.

439 1542 572 1597 Ideo
609 1563 636 1593 ‹‹
668 1558 785 1597 non
817 1541 1056 1597 accedet
1105 1541 1177 1595 ad
1227 1543 1283 1595 te
1334 1539 1577 1607 malum,
1601 1538 1880 1612 quoniam
1913 1558 2021 1595 an-

363 1628 511 1703 gelis
540 1627 666 1684 suis
696 1627 995 1684 mandavit
1026 1628 1097 1683 de
1130 1630 1205 1693 te,
1232 1648 1258 1677 »ι
1288 1627 1346 1682 id
1378 1632 1485 1695 est,
1510 1629 1854 1682 mandatum
1889 1626 2024 1682 fecit

362 1719 434 1774 de
466 1720 543 1786 te,
565 1716 814 1786 Christe,
833 1739 860 1766 ‹‹
885 1720 951 1772 ut
971 1740 999 1766 ››
1027 1739 1053 1766 «
1076 1715 1189 1788 ipsi
1212 1717 1547 1772 custodiant
1575 1716 1713 1771 tein
1745 1716 2022 1772 omnibus

360 1806 472 1863 viis
503 1806 642 1871 tuis,
665 1829 692 1856 »
716 1806 775 1861 id
805 1809 912 1873 est,
946 1805 1005 1860 in
1038 1806 1314 1862 omnibus
1363 1805 1639 1877 operibus
1686 1805 1824 1873 tuis,
1851 1806 2023 1877 juxta

363 1895 521 1970 quod
552 1895 769 1987 dicitur
801 1911 851 1951 :«
883 1896 955 1952 Et
984 1897 1359 1983 accesserunt
1389 1893 1579 1968 angeli
1621 1898 1679 1950 et
1722 1894 2019 1961 ministra-
2051 1921 2100 1987 Β

362 1987 506 2043 bant
534 1985 608 2041 ei.
641 2008 670 2036 »

437 2097 466 2127 «ι
499 2075 559 2131 In
596 2074 893 2131 manibus.
919 2096 948 2124 »
972 2072 1110 2131 Dico
1144 2097 1171 2125 ‹‹
1207 2072 1432 2147 angelis
1482 2073 1607 2129 suis
1656 2072 1960 2129 mandavit
1991 2094 2019 2124 ιι

361 2168 422 2221 et
448 2163 560 2236 ipsi
581 2162 771 2237 angeli
799 2185 827 2214 «
853 2163 1170 2239 portabunt
1191 2166 1268 2229 te,
1296 2184 1323 2211 ››
1346 2163 1403 2218 id
1424 2166 1533 2228 est,
1558 2162 1924 2234 adjuvabunt
1947 2164 2019 2228 te,

361 2276 391 2304 ‹‹
415 2253 478 2308 in
509 2253 844 2319 manibus,»
866 2250 923 2306 id
948 2256 1059 2320 est,
1084 2251 1143 2306 in
1166 2250 1443 2323 operibus
1464 2251 1609 2318 suis,
1635 2250 2024 2307 ministrando

360 2346 420 2399 et
448 2339 870 2397 subserviendo
914 2338 1023 2395 tibi
1057 2354 1069 2393 :
1104 2338 1234 2395 ideo
1282 2340 1603 2411 portabunt
1631 2361 1658 2388 ‹‹
1692 2353 1766 2393 ne
1814 2339 1960 2395 forte
1990 2360 2019 2389 η

361 2434 426 2487 tu
462 2450 491 2480 α
532 2427 795 2484 offendas
846 2426 1055 2500 pedem
1093 2431 1308 2493 tuum,
1336 2449 1364 2476 ››
1385 2426 1442 2482 id
1494 2430 1603 2493 est,
1655 2425 2020 2483 affectionem

363 2521 555 2584 tuam,
580 2539 609 2567 ‹‹
642 2515 715 2571 ad
747 2514 1026 2587 lapidem,
1047 2536 1075 2565 »
1099 2514 1158 2570 id
1192 2517 1301 2581 est,
1326 2514 1400 2569 ad
1429 2514 1640 2587 legem,
1665 2531 1795 2587 qua:
1817 2531 1920 2586 per
1937 2513 2022 2570 la-

363 2606 563 2681 pidem
594 2603 982 2678 signiﬁcatur,
1008 2602 1149 2676 quia
1168 2602 1388 2676 scripta
1409 2602 1518 2659 fuit
1548 2602 1607 2658 in
1637 2601 1855 2661 tabulis
1883 2602 2024 2676 lapi-

364 2694 490 2752 deis
515 2711 528 2751 :
554 2691 899 2750 offendisset
922 2691 1193 2749 Christus
1225 2691 1283 2747 in
1316 2691 1442 2766 lege
1473 2690 1523 2748 si
1552 2709 1681 2749 eam
1716 2691 2026 2748 carnaliter

364 2781 731 2856 implendam
790 2780 1193 2839 intellexisset.
1231 2781 1368 2852 Vel,
1421 2781 1558 2855 angi
1606 2781 1927 2855 portabunt
1969 2784 2025 2838 te

366 2873 429 2929 in
460 2871 757 2938 manibus,
782 2870 1283 2944 quemadmodum
1317 2871 1376 2926 in
1409 2871 1772 2928 ascensione.

439 2961 645 3035 Angeli
678 2960 1057 3018 subserviunt
1097 2960 1224 3030 tibi,
1247 2964 1305 3017 et
1331 2965 1395 3017 tu
1431 2983 1453 3014 ι
1487 2961 1820 3017 ambulabis
1849 2978 2027 3033 super

370 3051 634 3125 aspidem
682 3053 742 3107 et
785 3050 1150 3118 basiliscum,
1184 3054 1243 3107 et
1272 3050 1646 3107 conculcabis
1692 3051 1918 3107 leonem
1970 3055 2028 3107 et

367 3142 702 3197 draconem.
731 3163 759 3190 n
780 3140 887 3196 Per
914 3140 1037 3196 haec
1068 3143 1319 3214 quatuor
1349 3139 1617 3196 diabolus
1652 3139 2023 3212 intelligitur,

369 3231 475 3287 sed
504 3229 751 3286 diversis
781 3230 853 3283 de
883 3229 1099 3285 causis.
1129 3230 1236 3285 Per
1264 3230 1529 3300 aspidem
1562 3246 1817 3301 namque
1849 3228 2027 3301 signi-

368 3320 580 3375 ﬁcatur
606 3316 900 3387 diabolus,
927 3317 1067 3388 quia
1096 3318 1251 3373 sicut
1279 3287 1439 3389 aspis
1469 3318 1695 3374 occulte
1724 3287 2021 3373 inittituve.
2054 3287 2098 3354 θ

368 3423 612 3476 aenum,
630 3404 713 3459 ita
731 3403 1004 3459 diabolus
1024 3405 1285 3459 occultas
1307 3405 1488 3460 mittit
1507 3406 1883 3473 tentationes,
1904 3405 2029 3478 qui-

366 3495 479 3550 bus
510 3491 825 3547 interﬁciat
852 3490 1084 3546 animas
1115 3492 1413 3560 ﬁdelium;
1446 3510 1626 3565 super
1653 3510 1829 3564 quem
1860 3493 2025 3549 Chri-

365 3586 497 3639 stus
518 3578 860 3645 ambulavit,
878 3579 1019 3650 quia
1038 3579 1201 3635 nulla
1223 3579 1452 3636 occulta
1470 3580 1790 3636 tentatione
1809 3581 2027 3637 diaboli

365 3668 561 3743 potuit
589 3666 890 3739 impediri;
925 3684 1029 3742 per
1048 3666 1414 3736 basiliscum,
1439 3668 1539 3741 qui
1562 3668 1869 3726 manifeste
1891 3671 2025 3726 mit-

364 3759 438 3815 tit
455 3772 767 3822 venenum,
785 3755 1135 3829 intelligitur
1152 3756 1443 3825 diabolus,
1457 3757 1555 3830 qui
1579 3757 1888 3815 manifeste
1911 3764 2025 3815 ten-

365 3850 453 3904 tat
484 3844 719 3913 ﬁdeles;
748 3861 926 3917 super
945 3861 1121 3917 quem
1153 3844 1476 3901 ambulavit
1497 3845 2024 3920 Christus,quando

363 3937 437 3993 ab
468 3935 597 4007 ipso
625 3933 856 3990 diabolo
900 3933 1209 3989 manifeste
1246 3936 1509 3990 tentatus
1540 3934 1599 3989 in
1632 3938 1841 4001 morte,
1864 3933 2025 3991 nullo

363 4024 539 4081 modo
562 4023 634 4079 ab
664 4022 811 4095 ipsis
833 4021 1261 4078 tentationibus
1291 4026 1382 4077 est
1406 4027 1747 4094 superatus;
1781 4040 1884 4097 per
1913 4022 2025 4079 leo-
2089 4083 2092 4086 ,

362 4129 499 4170 nem
530 4110 803 4168 diabolus
844 4110 1215 4184 intelligitur,
1241 4112 1567 4167 secundum
1609 4113 1767 4183 quod
1804 4112 2023 4168 violen-

362 4207 453 4259 ter
483 4200 624 4275 agit,
650 4198 830 4256 veluti
854 4200 1011 4272 quod
1046 4217 1230 4256 ausus
1262 4200 1374 4256 fuit
1394 4200 1450 4255 in
1476 4200 1773 4256 Christum
1800 4219 2023 4257 nanum

362 4292 615 4359 mittere,
648 4292 707 4345 et
734 4305 870 4345 eum
912 4287 1085 4344 morti
1117 4290 1284 4358 dare;
1326 4305 1430 4361 per
1466 4290 1779 4345 draconem
1812 4291 2023 4348 intelli-

361 4382 522 4454 gitur
550 4377 844 4446 diabolus,
879 4378 1206 4433 secundum
1249 4377 1359 4433 hoc
1391 4379 1545 4449 quod
1580 4379 1819 4435 devorat
1847 4385 1905 4436 et
1935 4381 2021 4435 in-

363 4472 635 4541 corporat
665 4466 775 4523 sibi
820 4482 1205 4540 quoscunque
1234 4471 1394 4543 potet
1423 4484 1436 4522 ε
1471 4484 1649 4539 super
1691 4486 1865 4540 quem
1897 4487 2023 4525 am-

362 4558 589 4614 bulavit
617 4556 887 4613 Christus
917 4557 1057 4612 dum
1091 4560 1276 4612 morte
1307 4574 1415 4613 sua
1443 4557 1573 4627 ejus
1603 4558 1891 4614 destruxit
1921 4577 2021 4639 po-

364 4645 635 4703 tentiam.

437 4758 464 4784 ‹‹
489 4735 799 4802 Quoniam.
828 4757 855 4783 ››
879 4735 1019 4790 Pars
1051 4734 1241 4789 tertia.
1267 4734 1407 4789 Dico
1428 4735 1569 4806 quia
1592 4757 1620 4785 ((
1643 4735 1870 4809 angelis
1899 4738 2024 4795 suis

364 4823 667 4880 mandavit
693 4824 766 4879 de
792 4826 872 4892 te,
896 4845 924 4871 »
947 4822 1029 4877 ita
1065 4821 1268 4878 dicens
1297 4822 1401 4878 eis.
1429 4845 1457 4872 «
1480 4824 1767 4889 Quoniam
1819 4828 1878 4882 in
1930 4843 2024 4884 me

365 4912 643 4986 speravit,
670 4934 699 4960 »
730 4915 890 4967 totus
937 4910 1227 4980 Christus,
1261 4910 1514 4967 maxime
1562 4916 1761 4970 tamen
1808 4915 1904 4972 hic
1952 4918 2024 4972 de

274 5066 280 5073 _
368 5001 652 5057 membris
672 5002 801 5071 ejus
823 5000 1038 5073 agitur.
1060 5022 1087 5048 «
1115 4998 1396 5055 Liberabo
1416 5017 1612 5070 eum,»
1630 5002 1686 5059 id
1709 5009 1817 5074 est,
1844 5023 2024 5062 mem-

368 5090 475 5145 bra
504 5090 695 5161 ipsius
723 5088 939 5143 Christi
971 5088 1374 5160 percutiuntur
1400 5088 1535 5147 telis
1565 5090 1813 5149 inimici.
1838 5116 1859 5145 α
1887 5096 2022 5152 Pro-

367 5181 564 5251 tegam
596 5194 753 5246 eum,
778 5177 1057 5249 quoniam
1089 5178 1360 5250 cognovit
1390 5196 1603 5235 nomen
1635 5198 1893 5252 meum,»
1917 5184 2026 5241 sci-

369 5265 505 5323 licet
534 5284 649 5322 non
682 5284 852 5322 suam
885 5266 1155 5338 quaesivit
1193 5266 1464 5338 gloriam,
1496 5269 1599 5323 sed
1633 5286 1848 5326 meam.

442 5378 469 5403 α
495 5355 781 5411 Clamavit
811 5356 884 5410 ad
939 5372 1052 5423 me,
1085 5359 1143 5411 et
1190 5372 1296 5429 ego
1343 5356 1653 5413 exaudiam
1703 5377 1860 5430 eum,
1893 5380 2028 5419 cum

371 5440 499 5513 ipso
531 5461 663 5499 sum
710 5443 770 5498 in
820 5443 1217 5514 tribulatione,
1246 5468 1274 5493 ››
1304 5445 1361 5501 id
1415 5449 1522 5515 est,
1557 5450 1699 5503 tunc
1726 5474 1747 5500 α
1784 5451 2029 5524 eripiam

374 5543 508 5584 eum
538 5555 564 5581 ‹‹
599 5532 755 5611 quod
795 5532 1053 5604 amplius
1100 5533 1262 5589 nulla
1304 5534 1610 5592 tribulatio
1641 5538 2032 5598 circumdabit

375 5628 684 5690 eum,quaa
732 5620 953 5690 ereptio
1009 5624 1098 5674 est
1148 5621 1207 5676 in
1250 5623 1365 5678 ﬁne
1396 5625 1686 5696 cujusque
1734 5629 2027 5702 fidelium;

386 5712 409 5743 α
439 5704 496 5754 et
524 5706 861 5781 gloriﬁcabo
891 5724 1097 5771 eum,»
1132 5709 1191 5763 in
1224 5713 1506 5769 membris
1539 5715 1684 5781 suis,

2140 640 2507 717 longitudine
2554 649 2803 719 dierum,
2833 675 2858 701 υ
2881 653 2937 707 id
2987 656 3096 719 est,
3136 652 3480 710 :eternitate.
3516 675 3545 704 ‹‹
3582 653 3776 709 Osten-

2138 732 2273 787 dam
2311 756 2337 782 ››
2369 736 2600 794 Christo
2618 749 2662 789 ἀ
2704 739 2784 794 illi
2822 763 2847 789 »
2882 741 2939 795 in
2986 741 3268 796 membris
3316 741 3441 797 suis
3475 764 3501 791 ‹‹
3534 740 3777 798 salutare

2138 837 2357 891 meum,
2383 846 2411 875 ››
2438 826 2495 882 id
2530 831 2637 896 est,
2665 827 3011 885 salvatorem
3045 829 3367 899 Christum,
3390 829 3489 905 qui
3520 829 3630 886 erit
3656 846 3779 885 vera

2134 911 2254 968 vita
2282 918 2340 970 et
2369 915 2604 972 refectio
2636 918 2925 974 omnium.

2650 1060 2722 1115 IN
2764 1061 3112 1117 PSALMUM
3150 1061 3288 1117 XCl.

2329 1149 2606 1206 Trruws.
2640 1151 2895 1207 Psalmus
2922 1153 3126 1208 cantici
3156 1154 3218 1208 in
3244 1152 3333 1208 die
3361 1152 3592 1208 sabbati.

2206 1293 2231 1318 ‹‹
2264 1272 2493 1327 Bonum
2524 1277 2614 1329 est
2661 1275 2923 1335 confiteri
2977 1275 3244 1332 Domino.
3270 1301 3292 1330 ι
3322 1278 3633 1332 Tractatus
3680 1274 3783 1330 iste

2133 1358 2401 1431 psalmus
2430 1361 2666 1431 dicitur,
2691 1363 2831 1435 quia
2861 1368 3061 1423 monet
3093 1382 3199 1420 nos
3229 1366 3377 1421 bene
3405 1363 3652 1438 operari,
3686 1362 3787 1418 sci-

2131 1447 2266 1503 licet
2296 1450 2573 1505 conﬁtere
2604 1454 2661 1506 et
2691 1451 2941 1524 psallere
2973 1452 3221 1509 Domino
3257 1470 3269 1509 :
3303 1474 3329 1506 α
3357 1453 3631 1510 Psalmus
3660 1451 3795 1507 dico

2131 1536 2363 1605 cantici,
2396 1560 2423 1586 ››
2450 1538 2506 1592 id
2529 1541 2636 1607 est,
2662 1556 2887 1613 magnae
2923 1539 3335 1598 exsultationis
3361 1541 3576 1598 habitae
3608 1540 3670 1596 in
3702 1538 3791 1603 die

2130 1625 2380 1695 sabbati,
2398 1626 2454 1682 id
2472 1631 2581 1698 est,
2601 1629 2658 1683 in
2681 1629 3147 1684 consideratione
3169 1633 3395 1687 aeterna:
3416 1629 3791 1702 quictis,quaa

2130 1714 2499 1787 significatur
2527 1735 2628 1791 per
2657 1719 2969 1777 sabbatum
2996 1736 3008 1774 :
3034 1717 3171 1794 quia
3199 1717 3259 1776 in
3294 1719 3542 1776 sabbato
3573 1715 3796 1792 quievit

2131 1804 2287 1860 Deus
2316 1805 2388 1861 ab
2422 1806 2581 1861 omni
2613 1822 2786 1878 opere
2830 1807 2987 1880 quod
3026 1807 3276 1880 patravit
3299 1824 3313 1865 :
3338 1811 3396 1863 et
3425 1804 3528 1863 illa
3556 1805 3789 1865 Domini

2132 1892 2364 1965 requies
2405 1893 2516 1949 fuit
2564 1893 2799 1967 signum
2850 1894 3012 1953 illius
3043 1894 3258 1967 quietis
3305 1909 3488 1967 quam
3532 1892 3787 1951 habituri

2132 1985 2274 2039 sunt
2304 1980 2508 2038 fideles
2539 1987 2674 2055 post
2701 1981 2931 2038 labores
2962 1982 3145 2055 hujus
3164 1982 3315 2042 vitaz.
3340 1982 3618 2059 Praecepit
3646 1999 3787 2057 quo-

2133 2088 2248 2144 que
2278 2070 2566 2128 Dominus
2596 2071 2656 2127 in
2696 2070 2823 2147 lege
2871 2070 3117 2131 sabbato
3167 2070 3439 2127 homines
3469 2069 3787 2144 quiescere,

2132 2159 2194 2215 in
2227 2160 2465 2233 signum
2488 2160 2755 2232 ejusdem
2777 2159 2993 2231 quietis
3015 2163 3243 2216 (eterna;
3266 2175 3279 2214 ε
3305 2175 3484 2239 quam
3507 2159 3785 2234 requiem,

2132 2247 2272 2320 quia
2302 2252 2503 2304 nostra
2548 2252 2761 2304 natura
2789 2248 2850 2304 in
2883 2247 3097 2307 Christi
3148 2247 3577 2307 resurrectione
3623 2248 3787 2323 plene

2131 2335 2407 2405 obtinuit,
2442 2336 2611 2410 quasi
2653 2336 2782 2408 jam
2831 2351 2955 2392 rem
3005 2335 3401 2411 significatam
3436 2336 3783 2409 obtinentes,

2133 2442 2248 2480 non
2280 2422 2562 2481 feriamur
2589 2423 2649 2480 in
2680 2424 2945 2481 sabbato.
2970 2422 3313 2483 Ostenditur
3341 2424 3561 2501 quippe
3588 2424 3650 2482 in
3680 2426 3785 2485 hoc

2132 2512 2362 2586 psalmo
2394 2513 2674 2587 quoniam
2701 2512 2874 2586 justi,
2907 2513 3044 2571 licet
3092 2514 3153 2571 in
3198 2514 3308 2575 hac
3339 2514 3458 2571 vita
3502 2514 3787 2587 laborent,

2132 2607 2332 2660 tamen
2385 2603 2740 2659 obtinebunt
2786 2603 3052 2675 requiem
3101 2602 3540 2678 sempiternam,
3574 2604 3650 2661 de
3678 2621 3785 2677 quo

2133 2692 2388 2749 maxime
2408 2697 2499 2748 est
2526 2690 2944 2748 exsultandum
2967 2691 3289 2766 unicuique
3310 2691 3592 2749 fidelium.
3619 2693 3787 2753 Mate-

2134 2782 2222 2839 ria
2251 2786 2341 2838 est
2362 2781 2568 2853 justus
2599 2779 2876 2843 laborans
2907 2780 2967 2837 in
2998 2780 3110 2837 hac
3136 2781 3275 2850 vita,
3300 2782 3536 2840 tandem
3564 2799 3787 2841 assecu-

2132 2875 2304 2928 turus
2335 2869 2598 2943 requiem
2629 2874 2857 2926 (eterna:
2890 2869 3275 2929 beatitudinis
3302 2887 3316 2926 :
3351 2874 3408 2926 et
3435 2887 3537 2944 per
3563 2871 3785 2945 opposi-

2132 2963 2260 3016 tum
2293 2959 2574 3031 injustus,
2607 2958 2918 3032 quiescens
2962 2958 3022 3023 in
3055 2959 3162 3016 hac
3190 2959 3328 3025 vita,
3364 2960 3597 3019 tandem
3631 2959 3781 3017 labo-

2134 3048 2288 3105 rabit
2319 3049 2379 3104 in
2412 3047 2547 3103 alia.
2576 3048 2785 3104 Modus
2818 3064 2832 3102 :
2868 3048 2931 3104 In
2980 3047 3173 3121 prima
3202 3052 3388 3120 parte,
3420 3052 3619 3106 monet
3647 3049 3781 3105 bene

2134 3136 2383 3210 Operari,
2409 3140 2465 3191 et
2487 3136 2545 3191 in
2578 3135 2686 3192 hac
2714 3136 2835 3191 vita
2864 3134 3149 3206 laborare,
3182 3141 3250 3199 ut
3278 3137 3516 3193 tandem
3548 3135 3782 3195 exsulis

2135 3243 2271 3282 mus
2302 3226 2358 3280 in
2394 3230 2612 3281 aeterna
2641 3224 3005 3281 beatitudine
3038 3241 3051 3281 :
3086 3228 3143 3281 et
3182 3224 3311 3287 ideo
3350 3223 3612 3280 dieitur«
3640 3224 3782 3281 Psal-

2137 3332 2270 3370 mus
2292 3314 2563 3384 cantici,»
2588 3313 2644 3369 id
2667 3317 2777 3380 est,
2799 3314 3061 3386 pendens
3085 3331 3154 3370 ex
3173 3313 3418 3379 cantico.
3444 3314 3505 3369 In
3533 3313 3783 3373 secunda

2136 3408 2319 3477 parto,
2344 3420 2473 3475 quae
2500 3402 2705 3474 incipit
2730 3420 2777 3458 ;‹‹
2801 3402 2904 3457 Vir
2926 3402 3272 3477 insipiens,»
3290 3403 3617 3467 ostenditur
3638 3401 3783 3483 quod

2134 3491 2364 3563 injusti,
2395 3492 2495 3564 qui
2538 3492 2597 3546 in
2644 3491 2755 3547 hac
2787 3490 2926 3563 vita,
2960 3492 3060 3548 ubi
3112 3490 3500 3557 laborandum
3545 3497 3657 3564 est,
3687 3492 3779 3547 ﬂo-

2136 3587 2266 3637 rent
2286 3584 2344 3637 et
2364 3580 2763 3654 requiescunt,
2781 3579 2840 3639 in
2864 3580 2979 3636 alia
2992 3581 3114 3636 vita
3134 3580 3396 3637 damnati
3415 3579 3778 3641 laborabunt.

2137 3671 2200 3725 In
2231 3669 2405 3725 tertia
2428 3673 2611 3740 parte,
2628 3686 2753 3741 quae
2778 3668 2985 3742 incipit
3009 3686 3057 3724 :«
3081 3670 3289 3726 Justus
3323 3672 3387 3731 ut
3413 3668 3612 3745 palma
3632 3671 3781 3725 flore-

2136 3758 2240 3827 bit,
2269 3781 2296 3807 ››
2319 3758 2579 3813 ostendit
2608 3757 2870 3830 requiem
2898 3775 3076 3831 quam
3109 3758 3411 3819 habebunt
3441 3758 3628 3815 sancti
3659 3760 3781 3831 post

2134 3848 2288 3903 hanc
2314 3846 2518 3903 vitam.
2553 3846 2803 3903 Intentio
2835 3851 2925 3903 est
2968 3846 3258 3911 consolari
3312 3852 3512 3903 contra
3560 3847 3779 3904 labores

2134 3936 2315 4007 hujus
2344 3935 2497 4007 vitae,
2526 3952 2630 4007 per
2659 3952 2807 4008 quos
2838 3935 2911 3992 ad
2942 3936 3321 3995 aeternitatem
3353 3935 3646 3992 ducimur.

2204 4025 2327 4080 Vox
2350 4024 2650 4097 PrOphetae
2672 4024 2841 4097 quasi
2875 4024 2957 4080 ita
2988 4023 3206 4090 diceret
3230 4041 3243 4089 :
3267 4025 3403 4093 Vos,
3415 4025 3588 4096 justi,
3613 4022 3778 4080 nolite

2133 4116 2444 4187 desperare
2472 4113 2531 4168 in
2565 4112 2869 4169 laboribus
2898 4112 3080 4185 hujus
3104 4114 3253 4186 vitas,
3278 4114 3378 4170 sed
3401 4112 3598 4186 potius
3617 4112 3777 4171 conti-

2133 4204 2360 4273 temini,
2386 4208 2442 4259 et
2462 4202 2715 4277 psallite,
2731 4202 2870 4276 quia
2890 4224 2919 4253 «
2943 4203 3166 4269 bonum
3189 4207 3278 4259 est
3300 4201 3559 4265 conﬁteri
3591 4200 3774 4259 Domi-

2133 4311 2228 4361 no,
2257 4316 2285 4342 ››
2312 4296 2560 4363 utroque
2591 4292 2764 4347 modo
2813 4290 3219 4363 confessionis,
3252 4289 3472 4348 scilicet
3517 4295 3579 4347 et
3624 4308 3684 4347 se
3712 4290 3776 4345 de

2133 4383 2389 4455 peccatis
2409 4381 2763 4452 accusando,
2786 4384 2842 4436 et
2864 4379 3048 4436 Deum
3070 4379 3396 4450 laudando;
3430 4384 3487 4438 et
3505 4384 3640 4452 post
3657 4396 3776 4436 con-

2134 4469 2471 4536 fessionem,
2497 4469 2719 4524 bonum
2742 4472 2878 4523 astu
2911 4466 3183 4540 psallere,
3211 4491 3239 4518 »
3261 4468 3321 4524 id
3352 4473 3459 4536 est,
3485 4468 3633 4525 bene
3651 4484 3774 4540 ope-

2134 4559 2269 4627 rari,
2295 4575 2410 4613 non
2432 4558 2505 4613 ad
2527 4555 2773 4630 gloriam
2797 4556 3074 4622 hominis,
3097 4558 3198 4613 sed
3221 4580 3248 4607 ‹‹
3275 4557 3497 4613 nomini
3528 4560 3651 4626 tuo,
3676 4578 3701 4605 »
3723 4553 3773 4609 id

2052 4657 2101 4725 Ι)
2133 4651 2243 4715 est,
2266 4647 2337 4702 ad
2369 4645 2779 4719 ampliandum
2810 4663 3023 4702 nomen
3054 4651 3245 4716 tuum,
3269 4664 3301 4702 ο
3332 4670 3358 4695 ‹‹
3397 4645 3691 4702 Altissime
3712 4661 3724 4699 :
3749 4664 3774 4691 »

2134 4742 2192 4794 et
2220 4738 2350 4793 ideo
2381 4753 2595 4793 nomen
2622 4740 2793 4792 tuum
2828 4736 3037 4792 merito
3067 4740 3158 4792 est
3186 4734 3608 4808 ampliandum.

2204 4827 2365 4897 Dico,
2389 4826 2610 4881 bonum
2631 4829 2721 4882 est
2741 4824 3005 4881 confiteri
3029 4829 3086 4880 et
3111 4824 3379 4898 psallere,
3403 4848 3432 4875 «
3461 4824 3532 4879 ad
3565 4839 3775 4880 annun-

2134 4917 2423 4984 tiandum,
2452 4938 2479 4965 »
2512 4914 2571 4970 id
2603 4918 2712 4983 est,
2747 4919 2812 4970 ut
2842 4914 3073 4986 possint
3121 4913 3391 4970 homines
3440 4912 3775 4973 annuntiare

2133 5006 2264 5064 aliis
2297 5029 2325 5055 «
2358 5003 2820 5061 misericordiam
2860 5007 3024 5059 tuam
3055 5019 3248 5071 mane,
3277 5025 3302 5053 ››
3334 5003 3391 5058 id
3425 5006 3531 5071 est,
3565 5001 3624 5057 in
3654 5016 3772 5073 pro-

2132 5096 2409 5169 speritate
2430 5092 2849 5150 beneﬁciorum
2872 5096 3221 5161 vestrorum,
3245 5091 3353 5148 hoc
3373 5095 3462 5147 est
3479 5089 3772 5152 virtutum,

2135 5189 2201 5241 ut
2231 5184 2281 5241 si
2312 5184 2569 5240 habeant
2598 5182 2826 5255 aliquas
2856 5181 3124 5253 virtutes,
3157 5180 3505 5237 annuntient
3532 5180 3640 5235 hoc
3669 5193 3771 5233 non

2139 5291 2208 5330 ex
2238 5290 2319 5342 se,
2343 5272 2443 5328 sed
2467 5289 2535 5327 ex
2557 5270 2961 5327 misericordia
2980 5270 3082 5325 Dei
3103 5286 3232 5327 esse
3256 5287 3313 5325 :«
3338 5274 3396 5325 et
3420 5291 3447 5318 ››
3470 5269 3543 5325 ad
3567 5282 3774 5324 annun-

2138 5362 2409 5419 tiandum
2431 5384 2459 5410 ‹‹
2484 5359 2790 5416 veritatem
2813 5363 2996 5427 tuam,
3024 5382 3052 5408 »
3074 5358 3132 5414 id
3155 5362 3263 5427 est,
3284 5357 3770 5429 justitiam-tuam,

2140 5476 2168 5502 «
2203 5469 2307 5525 per
2336 5453 2623 5518 noctem,»
2646 5449 2705 5504 id
2737 5453 2845 5517 est,
2869 5448 2928 5503 in
2981 5447 3350 5517 adversitate,
3374 5448 3431 5502 id
3471 5451 3578 5514 est,
3603 5445 3650 5501 si
3678 5444 3770 5499 ha-

2138 5542 2316 5598 beant
2346 5539 2779 5607 adversitatem,
2804 5542 3162 5610 cognoscant
3185 5537 3293 5593 hoc
3315 5552 3444 5593 esse
3463 5552 3531 5594 ex
3552 5531 3773 5608 justitia

2140 5631 2262 5698 Dei,
2287 5629 2385 5701 qui
2413 5629 2574 5701 juste
2605 5645 2709 5700 pro
2740 5626 3076 5682 commissis
3108 5626 3233 5682 suis
3262 5625 3469 5698 puniat
3497 5642 3615 5680 eos.

2210 5717 2479 5775 Ostendit
2499 5716 2792 5787 quomodo
2810 5716 3128 5771 debeamus
3153 5714 3417 5787 psallere,
3439 5712 3692 5771 scilicetu
3718 5709 3770 5764 in
