3936 6398
223 438 341 512 5’13

1410 448 1908 512 EXPLANATIO
1954 450 2031 510 IN
2078 450 2217 512 PSA
2230 451 2459 512 LMOS.

3529 452 3644 512 5M

222 582 521 660 psalterio,
550 604 577 633 ››
598 582 656 640 id
678 587 769 639 est
791 583 1083 657 spirituali
1105 583 1647 657 operatione,veluti
1669 585 1728 640 in
1752 600 1884 639 con-
1912 585 1967 652 Α
1996 589 2199 641 contra
2231 603 2343 654 me,
2378 611 2404 635 «
2441 587 2639 643 audiet
2666 586 2827 643 auris
2867 603 2998 642 mea
3029 610 3057 636 ››
3090 586 3200 642 hoc
3244 587 3401 657 quod
3449 586 3645 659 sequi-

220 673 565 747 templati‘va
592 671 747 742 vita;
780 696 809 722 «
845 673 1231 740 decachordo,
1266 695 1294 721 ››
1324 673 1381 727 id
1415 677 1522 740 est,
1557 672 1888 745 complente

223 764 425 820 decem
448 764 723 835 precepta
740 760 912 833 legis.
928 762 997 816 Et
1018 761 1237 815 bonum
1262 764 1350 815 est
1370 760 1617 833 psallere
1644 762 1884 816 Domino

225 877 252 904 α
288 853 347 907 in
380 851 626 920 cithara,
660 871 688 899 »
720 850 780 904 id
825 854 935 918 est,
970 849 1029 903 in
1080 848 1534 905 mortiﬁcatione
1581 850 1796 918 carnis,
1829 854 1887 904 et

224 942 334 997 hoc
366 958 481 996 non
515 956 650 994 cum
682 937 947 1007 tristitia,
981 938 1082 994 sed
1116 961 1144 988 ‹‹
1181 955 1316 994 cum
1339 937 1746 994 exsultatione.
1784 962 1813 988 ››

296 1030 432 1086 Ideo
465 1028 594 1083 dico
625 1028 846 1083 bonum
878 1032 966 1083 est
987 1027 1247 1082 confiteri
1273 1032 1330 1081 et
1350 1027 1619 1099 psallere,
1645 1026 1883 1099 «quia»

225 1137 259 1175 o
293 1142 322 1169 «ι
358 1118 619 1186 Domine,
654 1115 958 1172 delectasti
990 1132 1086 1171 me
1127 1114 1187 1170 in
1237 1117 1461 1171 factura
1491 1120 1612 1183 tua,
1646 1138 1673 1165 ››
1707 1116 1766 1171 id
1796 1119 1887 1172 est

228 1231 255 1259 ει
284 1208 342 1262 in
379 1230 407 1256 ››
436 1205 608 1262 bonis
641 1229 668 1255 ‹‹
702 1205 979 1278 operibus
1014 1227 1041 1253 ››
1064 1221 1190 1276 qua:
1213 1208 1273 1259 tu
1299 1205 1509 1260 creasti
1535 1210 1592 1259 et
1615 1196 1800 1260 fecisti
1825 1203 1885 1259 in

229 1314 322 1352 me
339 1313 350 1352 :
368 1299 425 1351 et
442 1294 718 1368 deinceps
740 1318 769 1344 ‹‹
797 1292 1103 1348 exsultabo
1132 1316 1158 1342 ››
1186 1293 1242 1347 in
1266 1294 1543 1349 omnibus
1567 1293 1738 1349 bonis
1760 1310 1886 1364 qua:

228 1387 370 1440 sunt
398 1406 426 1433 ‹‹
454 1398 741 1438 manuum
774 1386 1034 1448 tuarum,
1073 1404 1100 1431 ››
1133 1380 1191 1436 id
1222 1385 1330 1450 est,
1365 1386 1479 1437 tute
1509 1380 1887 1453 operationis,

228 1472 370 1547 quia
392 1470 594 1528 nullus
625 1471 771 1527 bene
802 1470 942 1543 agit,
980 1470 1093 1524 nisi
1124 1474 1199 1538 te,
1234 1486 1351 1525 non
1380 1468 1510 1542 ipso
1551 1474 1847 1542 operante.

300 1560 370 1616 Et
400 1559 540 1634 quia
568 1576 685 1615 non
716 1563 949 1615 tantum
981 1558 1041 1613 in
1076 1575 1170 1614 me
1202 1557 1356 1614 bona
1386 1558 1553 1627 facis,
1579 1559 1680 1615 sed
1710 1557 1889 1613 etiam

228 1649 289 1705 in
319 1648 466 1723 ipsis
497 1648 668 1705 bonis
701 1648 979 1721 operibus
1010 1663 1103 1703 me
1130 1646 1406 1703 delectari
1432 1648 1597 1715 facis,
1622 1646 1752 1703 ideo
1777 1663 1892 1701 me-

229 1739 341 1795 rito
373 1742 617 1812 possum
649 1736 840 1794 dicere
871 1738 1012 1811 quia
1043 1760 1071 1787 ‹‹
1108 1736 1486 1811 magniﬁcata
1525 1741 1667 1799 sunt
1713 1752 1890 1808 opera

228 1830 354 1895 tua,
392 1820 654 1894 Domine,
680 1849 708 1875 »ο
732 1830 789 1882 et
819 1848 846 1877 ‹‹
872 1843 1050 1899 quam
1078 1848 1105 1875 ››
1129 1830 1268 1882 sunt
1299 1826 1698 1898 magniﬁcata,
1733 1818 1891 1881 ultra

230 1922 410 1989 quam
442 1915 628 1989 possit
653 1913 924 1988 exprimi,
948 1916 1004 1970 et
1025 1937 1051 1963 «
1079 1914 1462 1986 cogitationes
1486 1917 1621 1984 tuas,
1648 1936 1677 1962 ››
1694 1913 1753 1967 id
1777 1915 1887 1981 est,

228 2000 648 2077 dispositiones
668 2006 802 2071 tum,
827 2019 955 2074 quae
979 2002 1131 2057 fiunt
1160 2017 1229 2057 ex
1260 2001 1609 2075 cogitatione
1629 2006 1687 2056 et
1707 1998 1894 2056 consi-

229 2084 332 2161 lio,
364 2091 542 2149 veluti
586 2090 741 2164 quod
794 2090 932 2145 boni
985 2089 1369 2158 tribulantur,
1400 2092 1457 2144 et
1485 2089 1627 2145 mali
1658 2089 1886 2157 ﬂorent,

230 2204 262 2232 α
296 2184 438 2237 sunt
468 2181 652 2249 facta),
687 2174 865 2235 nimis
897 2180 1220 2252 profundae,
1258 2202 1286 2229 »
1319 2179 1377 2234 id
1409 2184 1519 2247 est,
1545 2176 1893 2234 inscrutabi-

231 2269 340 2325 les.
373 2268 537 2326 Unde
567 2267 706 2325 alibi
738 2266 955 2325 dicitur
978 2284 991 2324 ε
1014 2266 1246 2325 Judicia
1279 2268 1375 2324 Dei
1408 2269 1658 2340 abyssus
1680 2265 1887 2321 multa.

232 2358 410 2431 (Psal.
441 2356 633 2431 xxxv.)

306 2470 335 2498 α
367 2446 471 2501 Vir
498 2447 806 2520 insipiens.
834 2460 869 2497 ››Δ
895 2446 1036 2502 Pars
1067 2446 1346 2502 secunda.
1371 2444 1767 2519 Cogitationes
1788 2443 1892 2499 Dei

233 2537 317 2592 ita
338 2539 476 2592 sunt
497 2535 818 2609 profundae,
835 2536 935 2591 sed
957 2538 1156 2591 tamen
1180 2557 1208 2585 «
1233 2534 1320 2590 vir
1339 2534 1644 2607 insipiens,
1666 2556 1692 2583 ››
1704 2533 1760 2588 id
1781 2537 1889 2601 est,

235 2626 339 2699 qui
372 2624 608 2697 sapiens
631 2628 721 2681 est
744 2624 805 2679 in
836 2624 1047 2680 smculo
1084 2628 1143 2679 et
1190 2627 1347 2679 caret
1395 2640 1531 2679 vera
1579 2622 1889 2695 sapientia,

237 2738 265 2765 «ι
301 2730 418 2769 non
450 2717 762 2786 cognoscet
792 2713 914 2769 haec
940 2736 967 2763 η
1001 2730 1127 2784 quae
1150 2712 1417 2767 dicturus
1438 2728 1595 2779 sum,
1619 2735 1646 2761 ‹‹
1674 2716 1730 2765 et
1746 2709 1891 2765 stul-

235 2807 356 2871 tus,
392 2824 420 2852 ››
450 2802 509 2858 id
541 2806 650 2870 est,
685 2801 780 2858 ille
811 2801 911 2874 qui
942 2818 1049 2856 nec
1080 2802 1138 2855 in
1174 2802 1307 2871 Deo,
1332 2818 1438 2856 nec
1467 2800 1527 2854 in
1560 2798 1768 2855 saeculo
1799 2815 1892 2853 sa-

237 2892 407 2966 piens
432 2895 541 2961 est,
576 2914 604 2941 ‹‹
637 2904 755 2946 non
786 2887 1077 2961 intelliget
1104 2889 1247 2945 haec.
1284 2911 1313 2938 ››

309 2980 564 3048 Scilicet,
599 3002 628 3030 ‹‹
662 2995 797 3034 cum
853 2977 1036 3033 exorti
1094 2977 1311 3032 fuerint
1366 2979 1686 3048 peccatore,
1723 2996 1751 3023 ››
1794 2973 1894 3045 qui

235 3069 520 3126 dicuntur
540 3067 749 3124 exoriri
773 3083 905 3122 cum
933 3065 993 3121 in
1017 3081 1263 3138 magnas
1284 3065 1518 3121 divitias
1537 3064 1625 3120 vel
1642 3068 1894 3137 magnas

233 3158 484 3215 veniunt
521 3154 830 3228 potentias,
866 3176 894 3206 α
927 3154 1081 3210 sicut
1108 3155 1330 3223 fenum,
1368 3175 1395 3201 »
1428 3153 1485 3208 id
1515 3156 1625 3221 est,
1657 3167 1892 3222 compa-

235 3245 456 3303 rabiles
489 3245 641 3313 feno,
674 3245 829 3317 quod
861 3242 998 3299 licet
1036 3243 1109 3299 ad
1155 3246 1392 3315 tempus
1443 3242 1645 3298 ﬂoreat
1674 3246 1731 3297 et
1759 3240 1898 3314 pul—

1995 675 2110 727 tur.

2067 786 2091 812 ‹‹
2131 762 2400 818 Plantati.
2440 786 2466 813 ››
2498 765 2637 819 Pars
2678 764 2867 819 tertia.
2906 762 3139 819 Scilicet
3170 765 3429 835 «justus
3476 764 3647 819 ﬂore-

1995 852 2099 921 bit,
2130 874 2156 899 ››
2180 851 2237 906 in
2272 852 2388 907 alia
2417 854 2555 921 vita,
2583 876 2609 902 ‹‹
2631 856 2696 908 ut
2715 852 2931 925 palma.
2962 876 2987 901 ››
3012 853 3160 908 Bene
3192 853 3646 925 palmmjustum

1995 944 2316 1012 comparat,
2352 942 2492 1012 quia
2525 941 2680 997 sicut
2711 946 2958 997 truncus
2990 941 3197 1014 palma)
3228 942 3419 1013 turpis
3448 946 3538 998 est
3566 942 3650 996 in-

1996 1028 2262 1096 ferins,in
2296 1029 2581 1102 superiori
2611 1049 2746 1085 vero
2778 1037 2919 1086 sunt
2947 1030 3417 1103 claue,pulchrae,
3436 1031 3647 1086 ﬂoren-

1995 1120 2082 1173 tes
2108 1134 2119 1171 :
2145 1117 2228 1173 sic
2245 1118 2449 1189 justus
2476 1120 2732 1175 exterius
2764 1125 3001 1191 propter
3030 1119 3439 1175 tribulationes
3461 1120 3521 1174 in
3538 1119 3648 1174 hac

1994 1205 2267 1278 vita,qu:n
2293 1206 2532 1262 inferior
2560 1211 2669 1272 est,
2702 1209 2890 1279 turpis
2921 1212 2979 1263 et
3009 1224 3331 1279 pannosus,
3353 1213 3412 1264 et
3433 1207 3648 1263 contri-

1995 1298 2092 1349 tus
2123 1312 2226 1366 per
2256 1295 2472 1351 multas
2502 1294 2929 1364 tribulationes,
2956 1297 3014 1350 in
3046 1296 3163 1352 alia
3189 1314 3324 1352 vero
3345 1298 3464 1353 vita
3482 1297 3649 1352 ﬂore-

1997 1387 2122 1437 scet
2154 1405 2181 1432 ‹‹
2215 1388 2272 1438 et
2304 1382 2796 1455 multiplicahitur
2828 1406 2856 1433 ››
2889 1384 3172 1440 ineﬂ‘abili
3202 1383 3389 1457 gloria
3425 1389 3650 1441 mternaa

1998 1471 2401 1540 beatitudinis,
2428 1496 2454 1521 ‹‹
2491 1472 2645 1528 sicut
2671 1472 2881 1528 cedrus
2914 1472 3122 1529 Libani
3147 1495 3174 1522 »
3196 1489 3325 1544 qum
3347 1471 3521 1528 altior
3538 1490 3655 1528 cre-

1999 1560 2110 1615 scit
2139 1559 2272 1615 aliis
2303 1560 2515 1632 cedris,
2545 1564 2602 1617 et
2630 1565 2721 1617 est
2750 1559 3136 1633 imputribilis
3160 1578 3174 1618 :
3207 1560 3293 1616 sic
3314 1560 3519 1633 justus
3547 1560 3657 1616 erit

1999 1649 2234 1720 quando
2255 1648 2540 1704 ditabitur
2560 1647 2872 1705 altitudine
2892 1648 3658 1706 etimmortalitate.Etbene

1998 1725 2213 1792 debent
2241 1736 2320 1792 ibi
2352 1737 2755 1809 multiplicari,
2788 1738 2927 1810 quia
2967 1738 3062 1794 hic
3092 1742 3233 1794 sunt
3256 1761 3285 1789 ‹‹
3317 1737 3564 1810 plantati
3594 1737 3655 1794 in

1998 1825 2171 1880 domo
2203 1824 2458 1897 Domini,
2494 1847 2522 1875 »
2543 1824 2601 1880 id
2624 1829 2733 1895 est,
2758 1825 3008 1882 ﬁrmiter
3032 1824 3275 1882 radicati
3299 1826 3358 1881 in
3382 1820 3656 1899 praesenti

1997 1912 2275 1981 Ecclesia,
2300 1918 2358 1969 et
2387 1918 2623 1986 propter
2650 1914 2759 1970 hoc
2783 1938 2810 1965 ‹‹
2837 1913 3130 1970 ﬂorebunt
3158 1913 3217 1969 in
3248 1913 3412 1970 atriis
3442 1914 3657 1970 domus

1999 2002 2100 2058 Dei
2134 2000 2342 2070 nostri,
2380 2024 2407 2051 ››
2440 2002 2497 2056 id
2543 2006 2653 2068 est,
2684 2001 2745 2057 in
2797 2019 3054 2075 superna
3106 2000 3495 2071 Hierusalem,
3526 2018 3655 2074 quas

1999 2095 2238 2164 propter
2265 2088 2719 2162 amplitudinem
2751 2108 2856 2163 per
2887 2088 3037 2147 atria
3068 2090 3432 2164 designatur.
3462 2090 3565 2147 Vel
3595 2089 3657 2145 in

1999 2180 2146 2234 atrio
2178 2179 2391 2235 domus
2411 2179 2513 2234 Dei
2536 2179 2808 2248 nostri,id
2830 2180 3005 2248 est,in
3029 2178 3196 2235 initio
3218 2179 3472 2236 cmlestis
3491 2178 3657 2234 habi-

2000 2267 2264 2335 tationis,
2297 2266 2538 2334 scilicet,
2573 2267 2634 2322 in
2665 2266 2795 2340 ipso
2819 2268 3048 2339 judicio
3079 2267 3387 2323 ﬂerebunt.

2070 2357 2142 2412 Et
2172 2378 2200 2405 ‹‹
2234 2356 2447 2423 adhuc,
2484 2378 2511 2404 »
2543 2356 2603 2411 id
2634 2359 2745 2424 est,
2778 2360 2989 2428 praeter
3018 2355 3153 2412 illas
3191 2355 3459 2428 justitias
3508 2372 3658 2428 quas

2002 2446 2175 2501 modo
2218 2444 2437 2500 habent
2476 2444 2650 2516 justi,
2687 2467 2715 2495 (ί
2748 2444 3306 2517 multiplicabuntur
3339 2466 3366 2493 ››
3393 2444 3507 2518 ipsi
3537 2468 3565 2495 «
3600 2444 3660 2501 in

2001 2537 2237 2590 senecta
2258 2533 2488 2605 uberi,»
2512 2534 2568 2588 id
2593 2538 2704 2601 est,
2728 2533 2787 2588 in
2811 2533 3280 2601 novissimis,ubi
3302 2534 3413 2589 erit
3433 2534 3578 2590 uber
3606 2537 3664 2590 et

2002 2623 2238 2696 copiosa
2294 2623 2698 2680 misericordia
2758 2623 2881 2691 Dei,
2917 2646 2944 2673 ‹‹
2984 2627 3050 2679 et
3098 2646 3126 2673 ››
3158 2623 3393 2679 interim
3425 2646 3452 2674 «
3489 2628 3663 2680 erunt

2002 2714 2149 2767 bene
2182 2712 2490 2784 patientes,
2518 2735 2547 2761 ››
2567 2729 2681 2767 non
2706 2712 2878 2780 male,
2904 2713 3057 2767 sicut
3082 2713 3305 2768 faciunt
3323 2712 3660 2785 hypocrita),

2004 2824 2033 2850 «
2066 2805 2132 2855 ut
2178 2800 2552 2865 annuntient,
2588 2822 2615 2850 ››
2666 2800 2722 2855 id
2775 2805 2883 2867 est,
2919 2800 3081 2873 digni
3136 2801 3257 2855 sint
3312 2800 3664 2858 annuntiare

2002 2888 2135 2944 aliis
2168 2906 2182 2955 ;
2215 2886 2376 2942 istud
2406 2887 2652 2955 scilicet,
2682 2888 2823 2959 quia
2850 2886 3141 2943 Dominus
3166 2888 3324 2944 Deus
3358 2892 3556 2944 noster
3572 2892 3665 2943 est

2004 2979 2197 3031 rectus
2228 2975 2603 3031 retribuendo
2645 2975 2855 3031 merita
2895 2976 3206 3047 cujusque,
3239 2979 3299 3030 et
3343 2974 3482 3048 quia
3529 2964 3664 3048 post

2004 3064 2324 3119 retribuere
2357 3063 2585 3130 merita,
2608 3067 2666 3119 et
2683 3080 2798 3118 non
2821 3066 3111 3135 quantum
3133 3064 3432 3135 exigerent
3452 3063 3664 3119 merita

2004 3152 2153 3225 ipsa,
2186 3151 2368 3222 addit,
2395 3175 2422 3203 «
2458 3156 2515 3207 et
2535 3168 2650 3207 non
2674 3156 2765 3208 est
2785 3151 3068 3224 iniquitas
3092 3152 3151 3207 in
3172 3169 3298 3220 eo,»
3322 3154 3462 3225 quia
3482 3151 3661 3208 etiam

2004 3240 2139 3314 plus
2172 3241 2359 3297 reddit
2391 3240 2711 3314 unicuique
2740 3258 2921 3313 quam
2943 3240 3499 3313 promeruisset.Vel
3520 3264 3547 3292 «
3574 3257 3662 3297 re-

234 3335 450 3391 chrum
480 3332 577 3404 sit,
607 3315 807 3389 tamen
838 3331 951 3389 cito
991 3331 1203 3388 arescit
1234 3348 1247 3388 :
1284 3354 1312 3381 ‹‹
1342 3335 1399 3386 et
1429 3330 1828 3403 apparuerint,
1865 3352 1893 3380 ››
1925 3315 1969 3381 C
2007 3335 2139 3386 ctus
2174 3353 2200 3380 ››
2232 3333 2322 3386 est
2349 3330 2492 3384 dum
2524 3328 2813 3402 permittit
2860 3346 3006 3386 suus
3054 3328 3348 3398 tribulari,
3375 3333 3441 3385 ut
3469 3346 3569 3385 eos
3600 3329 3663 3386 in

236 3423 298 3480 id
329 3425 438 3493 est,
470 3422 735 3496 insignes
781 3416 842 3477 in
893 3419 1020 3477 suis
1064 3419 1372 3493 Tpotentiis,
1406 3422 1837 3491 cognoscentur
1866 3437 1900 3474 a

238 3500 447 3569 multis
479 3533 507 3561 «ι
539 3527 743 3567 omnes
773 3511 875 3583 qui
900 3513 1219 3582 operantur
1243 3508 1637 3581 iniquitatem.
1674 3529 1702 3556 ››

311 3599 444 3658 Haec
475 3615 592 3657 non
623 3598 970 3672 intelligent,
997 3597 1153 3671 quod
1186 3613 1321 3653 cum
1342 3596 1427 3653 ita
1446 3619 1475 3647 ‹‹
1500 3595 1720 3652 fuerint
1743 3612 1901 3652 exor-

237 3690 311 3763 ti,
330 3711 373 3753 ~«
408 3692 493 3758 ut,
524 3688 583 3744 id
615 3691 726 3757 est,
752 3685 1002 3761 qualiter
1022 3710 1049 3737 ‹‹
1076 3686 1366 3743 intereant
1392 3686 1455 3742 in
1486 3682 1766 3741 saeculum
1800 3703 1901 3741 sa:-

238 3778 384 3851 culi,
418 3800 446 3828 »
479 3777 536 3833 id
567 3781 678 3850 est,
709 3777 768 3833 in
802 3781 1125 3833 internum:
1160 3775 1273 3848 ipsi
1307 3775 1603 3848 peribunt,
1638 3797 1666 3825 ‹‹
1701 3778 1763 3831 tu
1794 3791 1899 3830 au-

238 3871 389 3936 tem,
419 3864 687 3939 Domine,
724 3887 751 3914 »
781 3866 881 3938 qui
929 3865 990 3921 in
1039 3865 1262 3921 mundo
1308 3864 1472 3921 visus
1522 3881 1585 3921 es
1628 3862 1896 3935 humilis,

240 3955 675 4029 permanebis.«
707 3954 1049 4010 Altissimus
1076 3953 1136 4009 in
1169 3958 1475 4010 aeternum.
1510 3974 1541 4003 ν
1674 4028 1679 4031 1

313 4044 386 4098 Et
411 4052 543 4099 Vere
568 4042 913 4110 interibunt,
948 4066 975 4093 «ι
1001 4042 1302 4115 quoniam,
1331 4064 1359 4091 »
1381 4058 1414 4098 ο
1437 4064 1465 4091 ‹‹
1492 4040 1897 4108 Domine,ecce

242 4131 471 4188 inimici
504 4129 614 4200 tui,
647 4154 676 4180 »
706 4130 766 4186 id
795 4136 906 4199 est,
935 4130 1186 4204 gentiles
1212 4152 1240 4181 ‹‹
1274 4129 1582 4202 peribunt;
1610 4151 1638 4177 ››
1658 4130 1746 4185 vel
1767 4132 1896 4187 ideo

242 4219 599 4293 geminatur,
624 4224 690 4276 ut
720 4236 843 4276 rem
870 4226 1004 4293 qua:
1035 4219 1203 4291 quasi
1226 4218 1587 4274 incredibilis
1609 4220 1893 4288 videatur,

240 4306 585 4365 credibilem
632 4308 859 4366 reddat.
894 4332 921 4360 ‹‹
955 4308 1235 4365 Peribunt
1268 4330 1296 4356 ››
1338 4308 1490 4376 dico,
1522 4332 1550 4361 «
1600 4314 1659 4367 et
1708 4331 1737 4359 »
1786 4308 1897 4365 hoc

152 4450 157 4455 .
242 4398 419 4458 modo
448 4396 688 4467 scilicet,
716 4420 745 4448 ‹‹
769 4396 1183 4471 dispergentur
1211 4413 1416 4455 omnes
1446 4398 1545 4470 qui
1579 4400 1898 4472 operantur

240 4486 651 4559 iniquitatem;
689 4509 716 4535 ››
767 4487 838 4543 ad
891 4486 1001 4542 hoc
1045 4486 1202 4559 quod
1253 4484 1416 4557 dicit,
1451 4510 1481 4537 ‹‹
1535 4487 1829 4560 peribunt,
1868 4509 1895 4536 »

239 4598 269 4626 ‹‹
304 4575 734 4648 dispergentur,
762 4597 791 4625 »
813 4576 956 4630 dicit
979 4592 1114 4630 cum
1138 4592 1173 4630 a
1193 4575 1363 4632 bonis
1396 4580 1779 4648 separantur:
1808 4575 1895 4631 llli

2010 3419 2125 3475 alia
2152 3419 2272 3475 vita
2299 3422 2652 3484 remuneret,
2678 3442 2712 3469 υ
2746 3422 2803 3473 et
2831 3435 2948 3474 non
2987 3422 3077 3473 est
3105 3418 3390 3490 iniqu-itas
3420 3418 3481 3473 in
3512 3434 3601 3485 eo,
3635 3439 3664 3466 »ο

2007 3507 2069 3564 in
2100 3508 2209 3564 hoc
2237 3508 2393 3581 quod
2420 3506 2706 3580 permittit
2725 3506 2915 3563 malos
2935 3506 2996 3562 in
3017 3506 3126 3562 hac
3147 3506 3266 3563 vita
3285 3507 3666 3579 ﬂorere,quos

2009 3598 2070 3653 in
2102 3596 2219 3654 alia
2246 3601 2463 3653 aeterna
2488 3596 2871 3653 damnatione
2901 3596 3227 3652 damnabit.

2500 3738 2574 3795 IN
2612 3736 2963 3796 PSALMUM
3003 3737 3170 3795 XCII.

2009 3844 2288 3903 Trrnws.
2324 3847 2465 3901 Laus
2495 3847 2699 3902 cantici
2736 3844 2934 3911 David,
2967 3846 3029 3901 in
3058 3844 3149 3900 die
3193 3853 3323 3900 ante
3365 3844 3668 3911 sabbatum,

2205 3918 2422 3989 quando
2449 3917 2687 3988 fundata
2713 3925 2793 3972 est
2827 3924 2994 3983 terra,
3026 3915 3113 3972 Vel
3145 3915 3471 3970 inhabitant.

2080 4039 2429 4095 «Dominus
2476 4039 2761 4113 regnavit,
2811 4038 3103 4093 decorem.
3151 4060 3178 4087 ››
3233 4037 3313 4093 Ad
3362 4037 3618 4093 litteram
3650 4067 3672 4112 ς

2005 4130 2185 4184 Terra
2212 4128 2453 4183 fundata
2483 4127 2593 4183 fuit
2613 4127 2673 4182 in
2705 4131 2870 4182 sexta
2889 4126 3178 4193 feria,non
3201 4127 3354 4199 quod
3380 4127 3509 4198 ipsa
3529 4131 3670 4185 tunc

2009 4219 2384 4283 formaretur,
2407 4216 2510 4273 sed
2542 4216 2682 4289 quia
2715 4216 2774 4272 in
2798 4220 2963 4272 sexta
2984 4216 3129 4272 feria
3148 4216 3341 4272 factus
3360 4220 3451 4273 est
3470 4216 3668 4286 homo,

2005 4322 2120 4379 quo
2156 4307 2330 4373 facto,
2362 4309 2518 4361 terra
2551 4305 2797 4361 fundata
2826 4309 2937 4373 est,
2971 4305 3025 4362 id
3061 4308 3171 4373 est,
3204 4304 3434 4361 stabilis
3455 4308 3513 4361 et
3533 4322 3668 4377 pos-

2006 4412 2169 4451 sessa
2194 4411 2207 4449 :
2234 4411 2361 4466 quae
2395 4392 2588 4452 inanis
2617 4398 2774 4451 esset
2805 4398 2862 4451 et
2891 4410 3251 4467 supervacue
3282 4393 3669 4461 fundata,nisi

2004 4483 2247 4540 haberet
2278 4481 2577 4540 hominem
2610 4499 3032 4556 possessorem.
3063 4482 3166 4539 Vel
3199 4483 3258 4537 in
3310 4486 3472 4540 sexta
3520 4481 3670 4538 feria

2006 4572 2333 4629 inhabitata
2363 4575 2454 4628 est
2485 4573 2556 4627 ab
2588 4571 2827 4628 homine
2859 4572 3095 4644 quando
3118 4572 3310 4628 factus
3332 4570 3443 4626 fuit
3462 4569 3663 4642 homo,

236 4663 533 4736 peribunt,
568 4687 594 4714 α
631 4660 688 4720 et
720 4680 900 4720 cornu
934 4681 1154 4730 meum,
1182 4685 1210 4712 »
1230 4663 1291 4717 id
1322 4667 1433 4731 est,
1469 4664 1715 4720 altitudo
1742 4682 1892 4731 mea,
1932 4680 1976 4744 Ι)
2009 4679 2122 4716 non
2155 4663 2308 4733 quod
2345 4662 2416 4718 de
2438 4661 2547 4717 hac
2571 4660 2808 4716 litterali
2832 4661 3175 4716 fundatione
3196 4660 3669 4732 agamus,sedde

239 4762 369 4825 qua
401 4755 491 4808 est
521 4776 549 4803 ‹‹
584 4752 738 4809 sicut
768 4751 1090 4821 unicornis,
1128 4774 1155 4801 ››
1187 4752 1328 4824 quia
1359 4753 1431 4807 ad
1466 4771 1652 4809 unum
1686 4754 1897 4824 tendit,

233 4837 464 4897 scilicet
485 4841 558 4895 ad
583 4840 780 4912 ipSum
796 4841 988 4896 Deum
1011 4859 1024 4908 ;
1048 4840 1203 4895 unde
1227 4840 1476 4897 dicitur:
1501 4840 1689 4897 Unam
1713 4841 1851 4914 petii
1870 4860 1904 4898 a

235 4929 505 5000 Domino,
526 4953 553 4978 ‹‹
573 4928 802 4986 exaltab
817 4929 956 4997 itur,
987 4952 1013 4978 υ
1038 4928 1370 5000 recipiendo
1392 4928 1900 4987 immortalitatem

234 5014 295 5075 et
314 5016 881 5090 impassibilitatem.
905 5042 931 5070 «
959 5020 1029 5074 Et
1050 5022 1322 5074 senectus
1344 5034 1494 5087 mea,
1521 5040 1548 5068 ››
1571 5018 1630 5074 id
1654 5024 1902 5086 est,mea

234 5105 577 5177 novissima,
612 5106 835 5165 scilicet
862 5124 930 5163 ea
961 5125 1090 5180 quae
1122 5111 1455 5178 sequuntur
1484 5110 1616 5179 post
1643 5106 1795 5163 hanc
1817 5108 1898 5163 vi-

235 5195 498 5264 tam,erit
527 5219 555 5247 «
590 5196 649 5251 in
682 5195 1092 5252 misericordia
1125 5194 1310 5262 uberi,
1338 5218 1365 5244 ››
1397 5195 1454 5251 id
1488 5200 1596 5264 est,
1620 5194 1681 5250 in
1708 5196 1899 5251 abun-

236 5284 402 5340 danti
432 5285 908 5342 remune'ratione
933 5302 945 5340 :
971 5285 1127 5340 sicut
1156 5285 1481 5340 eeontrario
1504 5289 1777 5341 senectus
1797 5284 1900 5339 im-

234 5371 469 5445 piorum
500 5373 610 5430 erit
636 5374 698 5429 in
733 5373 965 5430 malitia
1005 5373 1191 5430 uberi.
1227 5373 1366 5429 Dico
1399 5396 1425 5424 ‹‹
1462 5377 1733 5430 senectus
1771 5390 1902 5429 mea

233 5460 346 5517 erit
361 5460 426 5517 ‘in
449 5458 851 5518 misericordia
874 5463 1037 5518 uberi
1062 5485 1089 5511 «
1115 5466 1170 5517 et
1196 5485 1223 5511 ››
1238 5463 1365 5533 jam
1389 5485 1415 5511 ‹‹
1442 5462 1647 5517 oculus
1670 5478 1837 5519 meus
1862 5484 1890 5511 ››

232 5548 478 5605 interior
508 5573 536 5602 ‹‹
571 5549 838 5624 despexit
867 5540 1138 5608 inimicos
1171 5567 1353 5618 meos,
1389 5573 1416 5600 ››
1449 5554 1506 5609 et
1535 5566 1898 5622 cognoscens

229 5637 417 5694 vitam
447 5632 688 5695 illorum
720 5650 849 5695 esse
880 5638 1174 5707 inutilem,
1198 5643 1255 5695 et
1285 5639 1607 5711 potentiam
1633 5639 1897 5708 brevem,

231 5749 262 5781 «
294 5730 353 5785 et
382 5727 456 5785 ab
478 5726 928 5801 insurgentibus
948 5728 1009 5783 in
1031 5745 1124 5786 me
1150 5728 1671 5802 malignantibus,»
1698 5727 1761 5784 id
1785 5732 1893 5798 est,

2010 4749 2317 4823 designata
2346 4768 2451 4822 per
2481 4749 2676 4815 istam,
2711 4749 2933 4806 scilicet
2960 4751 3032 4807 de
3064 4749 3420 4804 recreatione
3470 4747 3667 4804 homi-

2012 4840 2128 4906 nis,
2164 4840 2317 4895 facta
2348 4856 2449 4910 per
2496 4840 2846 4912 sanguinem
2893 4838 3109 4895 Christi
3154 4838 3213 4892 in
3264 4841 3429 4893 sexta
3478 4840 3667 4902 aetate,

2011 4927 2233 4984 scilicet
2259 4928 2315 4981 in
2350 4933 2612 5000 tempore
2643 4928 2862 5000 gratiae,
2890 4944 3016 4999 quas
3047 4931 3211 4983 sexta
3238 4931 3379 4983 aetas
3409 4943 3511 4999 per
3538 4943 3665 4982 sex-

2010 5021 2132 5072 tam
2161 5017 2366 5073 feriam
2395 5016 2739 5090 designatur
2771 5033 2783 5072 :
2818 5017 2974 5072 sicut
3022 5020 3156 5090 post
3204 5020 3429 5072 sextam
3461 5015 3668 5071 feriam

2010 5105 2325 5161 sabbatum
2358 5106 2645 5178 sequitur,
2680 5104 2765 5161 ita
2804 5109 2937 5178 post
2984 5109 3208 5161 sextam
3258 5108 3487 5160 aetatem
3533 5119 3669 5159 vera

2010 5194 2242 5266 requies
2273 5194 2558 5267 sequitur.
2594 5193 2830 5250 Titulus
2861 5194 2945 5250 sic
2977 5193 3322 5265 exponitur:
3357 5193 3669 5248 Tractatus

2010 5282 2121 5339 istc
2152 5282 2281 5338 laus
2312 5283 2523 5340 cantici
2556 5284 2853 5349 dicitur,id
2887 5287 2997 5350 est,
3025 5281 3318 5338 laudabile
3349 5280 3665 5337 canticum.

2011 5373 2312 5428 Canticum
2346 5372 2581 5439 dicitur,
2610 5372 2751 5444 quia
2783 5389 2905 5427 rem
2938 5371 3211 5445 proponit
3234 5369 3663 5451 exsultabilem,

2010 5461 2251 5527 scilicet,
2269 5461 2675 5519 fundationem
2697 5461 2966 5518 Ecclesia:
2988 5466 3046 5518 et
3067 5460 3213 5517 alias
3235 5459 3449 5516 Christi
3471 5463 3669 5531 poten-

2009 5550 2121 5606 tias
2140 5550 2376 5616 multas,
2392 5549 2451 5604 in
2472 5548 2686 5622 quibus
2709 5550 2833 5623 ipse
2854 5550 3119 5606 Christus
3143 5548 3666 5620 laudabilispatet;

2009 5640 2163 5696 unde
2194 5638 2408 5695 dicitur
2437 5661 2465 5689 «
2497 5638 2627 5694 laus
2659 5639 2873 5695 cantici
2904 5661 2932 5691 »
2969 5638 3256 5695 attributa
3304 5638 3484 5694 David
3525 5638 3666 5695 Pro-

2006 5728 2216 5803 phetaa,
2252 5728 2354 5801 qui
2386 5727 2486 5784 hic
2512 5724 2808 5801 loquitur:
2835 5727 3104 5786 «Cantici
3126 5726 3255 5785 dico
3287 5726 3473 5786 habiti
3491 5726 3550 5783 in
3573 5716 3668 5785 die
