3936 6418
340 381 456 441 515

767 382 1175 446 HAYMONIS
1208 381 1748 443 HALBERSTAT.
1781 379 2024 440 EPISC.
2059 380 2232 440 OPP.
2267 380 2468 441 PARS
2500 380 2548 440 Ι.
2578 416 2655 423 -
2681 380 3089 442 COMMENT.
3123 382 3317 443 BIBL.

3630 381 3760 440 516

337 515 471 569 ante
491 514 826 582 sabbatum,
849 536 876 563 ››
900 514 957 568 id
978 518 1089 581 est,
1109 514 1170 569 in
1192 513 1655 570 consideratione
1675 511 1787 567 diei
1813 512 1988 584 primi
2018 515 2072 582 Α
2104 516 2212 580 est,
2228 512 2581 586 populorum
2612 512 3278 571 multorum.Concitant
3298 512 3452 577 enim
3474 529 3624 586 smpe
3646 514 3759 570 mi-

338 605 512 657 sextze
539 603 729 657 astatis
752 619 764 655 :
791 618 918 673 qum
951 600 1077 656 dies
1106 601 1236 656 ideo
1268 601 1503 668 dicitur,
1537 601 1676 674 quia
1704 600 1765 654 in
1797 617 1865 655 ea
1894 618 1987 656 ve-

338 708 462 745 ram
497 689 987 745 illuminationem
1022 688 1372 762 recipimus;
1401 707 1529 762 qua:
1570 693 1709 743 tetas
1739 692 1829 744 est
1857 692 1991 744 ante

336 778 998 849 sabbatum,idest,ante
1019 778 1278 850 requiem
1300 782 1597 846 mternam,
1626 800 1653 827 ‹‹
1678 778 1934 849 quando,
1962 798 1989 826 »

336 867 394 921 id
427 871 534 934 est,
569 883 686 938 qua
715 866 829 937 die,
863 865 1108 931 scilicet,
1137 866 1193 920 in
1230 871 1489 938 tempore
1518 866 1992 939 gratiae,fundata

333 960 423 1011 est
449 960 619 1020 terra,
643 954 701 1008 id
735 960 843 1017 est,
876 960 1179 1027 reperatus
1210 960 1299 1010 est
1330 955 1636 1026 homo,per
1659 971 1832 1026 quem
1857 954 1987 1008 fun-

334 1045 491 1109 data,
524 1048 583 1099 et
614 1043 846 1099 stabilis
880 1044 1031 1099 facta
1061 1048 1150 1100 est
1179 1049 1353 1114 terra,
1387 1045 1543 1115 quod
1587 1043 1781 1099 inanis
1808 1047 1987 1108 esset,

334 1131 448 1187 nisi
477 1131 655 1187 homo
686 1137 1074 1204 repararetur,
1100 1134 1239 1205 quia
1260 1117 1394 1188 eum
1426 1133 1627 1188 omnia
1647 1133 1720 1187 ad
1740 1132 1839 1187 Dei
1864 1132 1987 1187 lau-

333 1221 467 1277 dem
501 1221 655 1277 facta
685 1221 825 1288 sint,
850 1239 884 1277 a
915 1222 1077 1278 nulla
1104 1227 1373 1278 creatura
1404 1227 1651 1289 terrena,
1675 1221 1787 1278 nisi
1811 1221 1987 1277 homo

331 1310 570 1379 viveret,
600 1309 960 1367 laudaretur.
997 1311 1239 1366 Materia
1272 1316 1362 1365 est
1392 1311 1682 1377 Christus,
1717 1311 1991 1365 fumlatdr

333 1399 625 1467 Ecclesizc,
651 1399 722 1454 de
743 1415 862 1471 qua
891 1399 1014 1471 agit
1042 1416 1146 1471 per
1176 1399 1394 1455 multas
1423 1400 1986 1465 commendationes,

332 1490 506 1543 utens
550 1487 1007 1544 demonstrativo
1057 1503 1289 1560 genere.
1322 1488 1649 1544 Przcvidens
1701 1487 1989 1559 PrOpheta

332 1575 631 1632 Christum
660 1592 790 1632 esse
819 1580 1130 1632 venturum
1164 1575 1223 1632 in
1275 1575 1631 1642 humilitate,
1663 1580 1720 1631 et
1750 1580 1990 1649 prepter

332 1662 441 1720 hoc
454 1666 949 1720 contemnendum
961 1680 1089 1722 esse
1101 1665 1176 1722 aJ
1183 1666 1384 1733 udzeis,
1400 1665 1571 1721 multi
1579 1664 1809 1738 pliciter
1828 1682 1987 1719 com-

334 1755 575 1810 mendat
603 1771 761 1823 eum,
795 1758 879 1820 ut,
912 1771 1049 1810 cum
1078 1754 1319 1823 venerit,
1353 1772 1470 1811 non
1514 1753 1566 1810 ei
1614 1755 1987 1827 derogemus,

334 1844 436 1900 sed
466 1843 747 1900 honorem
781 1844 1045 1899 debitum
1076 1843 1481 1917 persolvamus
1505 1861 1517 1899 :
1542 1848 1601 1900 et
1631 1843 1753 1899 haec
1774 1847 1864 1898 est
1892 1843 1988 1898 in-

332 1934 539 2000 tentio,
571 1936 638 1988 ut
665 1950 781 1987 non
813 1938 1052 2005 propter
1079 1932 1473 1988 humilitatem
1513 1932 1813 1987 Christum
1846 1948 1990 1986 con-

334 2017 693 2079 temnamus,
709 2012 813 2067 sed
839 2028 973 2068 eum
996 2018 1177 2069 Deum
1201 2014 1631 2085 redemptorem
1653 2012 1985 2068 credamus.

405 2104 483 2157 Ac
497 2102 640 2157 siita
652 2100 868 2156 diceret
891 2100 1180 2173 Propheta
1196 2101 1339 2158 :Vos
1366 2100 1701 2173 quicunque
1723 2100 1990 2155 videntes

334 2190 632 2247 Christum
666 2189 725 2245 in
757 2186 1108 2258 humilitate,
1134 2188 1312 2245 nolite
1343 2189 1678 2261 despicere:
1704 2187 1988 2260 quiaipse

336 2278 436 2351 qui
456 2276 701 2333 humilis
720 2275 1064 2348 veniet,ipse
1080 2278 1235 2332 idem
1250 2300 1276 2328 ‹‹
1296 2277 1579 2333 Dominus
1602 2276 1986 2348 regnavit,»id

336 2370 444 2430 est,
475 2382 578 2437 per
606 2367 856 2420 mortem
888 2381 1057 2419 suam
1091 2364 1298 2419 mortis
1326 2364 1664 2436 imperium,
1688 2368 1747 2419 et
1778 2364 1985 2419 fortem

337 2458 654 2520 armatum,
686 2452 744 2508 id
778 2456 887 2518 est,
912 2452 1236 2520 diabolum,
1262 2452 1653 2525 superavit.Et
1674 2456 1986 2524 postquam

335 2559 470 2599 eum
503 2558 698 2614 regem
720 2539 1233 2605 determinavit,de
1255 2558 1371 2613 quo
1393 2541 1989 2613 ageret,commendat

336 2628 738 2698 eu'm,dicens:
756 2627 857 2685 Ille
878 2628 977 2701 qui
1000 2629 1086 2685 sic
1108 2629 1389 2701 regnavit,
1405 2652 1432 2678 ‹‹
1449 2628 1693 2684 indutus
1714 2633 1804 2684 est
1825 2629 1991 2684 deco-

339 2735 487 2789 rem,
522 2742 549 2769 »
581 2719 638 2774 id
669 2723 778 2786 est,
802 2717 1012 2774 habuit
1040 2718 1150 2773 sibi
1184 2717 1409 2773 unitam
1443 2718 1728 2774 Deitatem
1750 2735 1764 2787 ;
1788 2722 1845 2772 et
1866 2717 1989 2772 hzec

339 2806 769 2865 commendatio
798 2810 886 2863 est
915 2800 1107 2879 prima
1135 2825 1271 2880 pars
1302 2806 1537 2879 psalmi.
1570 2808 1640 2862 Et
1667 2806 1793 2879 ipse
1834 2807 1988 2862 idem

339 2896 625 2955 Dominus
647 2920 674 2946 ‹‹
698 2896 942 2953 indutus
971 2900 1061 2951 est
1082 2896 1543 2967 fortitudinem,»
1567 2895 1625 2951 id
1656 2900 1764 2966 est,
1785 2899 1987 2968 poten-

338 2984 653 3059 tiam,quia
682 2986 807 3059 ipse
839 3002 1073 3059 semper
1101 2990 1159 3041 et
1188 2990 1456 3059 potenter
1483 2984 1849 3052 sustinuit,et
1868 2984 1989 3040 haac
2039 3002 2050 3013 ·

339 3079 428 3131 est
457 3074 572 3131 alia
602 3090 769 3148 pars;
795 3097 823 3125 ‹‹
853 3077 910 3130 et
931 3097 960 3124 »
991 3092 1096 3148 per
1121 3074 1233 3131 hoc
1264 3076 1419 3148 quod
1453 3073 1589 3130 talis
1616 3074 1748 3144 fuit,
1782 3098 1810 3124 ‹‹
1844 3091 1988 3146 ιπερ-

340 3164 523 3220 cinxit
551 3182 634 3233 se,
654 3187 681 3214 ››
702 3164 759 3219 id
792 3167 901 3233 est,
935 3162 1280 3237 praeparavit
1309 3179 1371 3220 se
1403 3164 1475 3219 ad
1508 3163 1989 3219 constitutionem

2020 1891 2068 1956 B

2102 617 2276 656 nores
2308 601 2575 657 fortiores
2607 602 2678 657 ad
2714 602 3181 674 persecutionem
3212 601 3499 657 Ecclesiae.

2172 690 2242 743 Et
2269 706 2383 743 non
2406 693 2638 744 tantum
2657 689 2905 745 flumina
2921 690 3288 746 elevaverunt
3309 690 3521 745 fluetus
3549 694 3758 746 contra

2099 776 2559 845 Ecclesiam,sed
2592 778 2770 833 etiam
2803 784 2941 834 sunt
2968 780 3131 834 facta:
3154 804 3181 829 ‹‹
3206 779 3483 835 elationes
3501 778 3699 845 maris,
3724 801 3757 827 ››

2100 864 2157 919 id
2191 864 2568 932 est,uni\'orsi
2600 867 2820 938 populi,
2844 891 2871 916 ‹‹
2899 865 3257 935 mirabiles,»
3281 868 3336 922 id
3361 867 3754 935 cst,infinit33,

2097 952 2516 1022 intolerabiles,
2551 959 2609 1008 et
2639 978 2665 1003 ‹‹
2704 955 2759 1009 in
2799 978 2823 1003 η
2852 956 3128 1010 omnibus
3157 955 3288 1011 istis
3332 955 3757 1011 elevationibus

2099 1065 2125 1090 ‹‹
2162 1040 2298 1097 altis
2334 1066 2359 1091 ››
2392 1047 2482 1097 est
2512 1068 2537 1092 ‹‹
2576 1043 2865 1099 mirabilis
2898 1045 3234 1099 Dominus»
3265 1045 3523 1099 sedando
3545 1044 3756 1116 hujus-

2100 1130 2256 1184 modi
2290 1129 2661 1200 elevationes,
2693 1132 2781 1188 vel
2831 1133 2969 1204 quia
3017 1152 3133 1188 non
3186 1131 3473 1205 permittit
3523 1134 3755 1188 fidelem

2097 1236 2272 1272 suum
2296 1218 2495 1290 aliqua
2517 1220 2857 1291 hujusmodi
2890 1223 3210 1278 tcutatione
3231 1221 3634 1278 dcvinci.Etin
3660 1222 3758 1277 his

2096 1308 2290 1363 tribus
2319 1309 2720 1380 versibus,qni
2752 1310 3053 1365 continent
3080 1310 3383 1366 victoriam
3415 1309 3760 1379 Christi,est

2098 1395 2304 1467 quinta
2335 1414 2472 1469 pars
2503 1397 2738 1469 psalmi.

2168 1506 2194 1533 «
2232 1484 2592 1541 Testimonia
2623 1489 2743 1554 tua,
2763 1508 2791 1536 »
2819 1487 2876 1542 id
2895 1491 3003 1554 est,
3024 1486 3345 1559 prophetia
3369 1490 3429 1542 ct
3451 1486 3760 1559 scriptura;

2096 1570 2242 1641 aliae,
2265 1595 2293 1623 α
2315 1577 2456 1629 sunt
2486 1573 2639 1629 facta
2668 1574 2846 1631 nimis
2868 1575 3190 1644 credibilia,
3208 1598 3237 1626 ››
3262 1576 3319 1631 id
3343 1580 3454 1646 cst,
3472 1575 3760 1647 multum,

2096 1661 2238 1717 dum
2287 1662 2575 1735 quidquid
2625 1663 2683 1720 in
2715 1664 2800 1721 eis
2832 1665 3194 1737 promissum
3227 1664 3362 1734 fuit,
3400 1668 3459 1720 to
3487 1663 3760 1720 veniente

2097 1748 2407 1822 impletum
2438 1755 2550 1819 est,
2584 1757 2641 1807 et
2671 1752 2790 1807 haec
2816 1753 3251 1810 commendatio
3282 1756 3374 1808 est
3419 1757 3583 1809 sexta
3619 1770 3760 1825 pars

2098 1838 2419 1910 psalmi.Et
2439 1840 2687 1908 ctiam,o
2718 1840 2957 1897 Domine
2989 1864 3017 1893 ‹‹
3035 1842 3282 1897 domum
3312 1845 3538 1911 tuam,»
3563 1841 3620 1896 id
3642 1846 3755 1909 est,

2100 1927 2421 1983 Ecclesium
2453 1933 2824 2001 prmsentem,
2855 1929 2916 1985 in
2965 1946 3082 2002 qua
3129 1933 3195 1985 tu
3243 1929 3502 2001 habitas,
3532 1954 3559 1981 ι(
3592 1931 3758 1987 decet

2097 2016 2455 2086 sanctitudo,
2491 2041 2518 2066 ››
2551 2018 2608 2072 id
2642 2019 2951 2091 est,ipsius
2984 2019 3197 2075 domus
3226 2023 3316 2075 est
3343 2018 3396 2075 ei
3428 2020 3640 2075 decens
3661 2037 3758 2075 or-

2099 2111 2464 2175 namentum,
2499 2107 2653 2163 sicut
2682 2107 2899 2164 dicitur
2930 2125 2943 2163 :
2979 2106 3221 2181 Regiam
3262 2109 3504 2164 domum
3552 2109 3757 2165 decent

2098 2193 2302 2265 pallia;
2351 2200 2408 2251 et
2454 2195 2562 2251 hoc
2594 2220 2619 2245 ‹‹
2657 2196 3025 2270 longitudine
3078 2198 3329 2266 dierum,
3363 2220 3390 2246 »
3423 2194 3481 2253 id
3529 2202 3638 2265 est,
3694 2198 3755 2253 in

2098 2288 2424 2340 aeternum:
2459 2289 2516 2340 et
2546 2286 2666 2341 hmo
2706 2286 3139 2343 commendatio
3190 2291 3280 2342 est
3326 2286 3575 2358 septima
3620 2304 3757 2358 pars

2100 2371 2224 2442 psal
2235 2372 2334 2426 mi.

2584 2499 2655 2555 IN
2699 2499 3049 2555 PSALMUM
3089 2499 3275 2556 XCIII.

2313 2605 2588 2660 Trrunus.
2622 2605 2878 2660 Psalmus
2906 2605 3080 2661 David
3111 2613 3305 2678 quarta
3334 2605 3540 2662 sabbat.

2170 2751 2198 2777 ‹‹
2230 2728 2384 2784 Deus
2417 2729 2705 2786 ultionum
2737 2730 3044 2787 Dominus.
3064 2753 3091 2780 »
3124 2731 3393 2787 Psalmus
3425 2731 3534 2787 iste
3554 2748 3753 2787 conve~

2100 2815 2187 2871 nit
2214 2816 2393 2874 David
2437 2817 2755 2890 Propheta,
2790 2818 2890 2890 qui
2941 2818 3035 2874 hic
3084 2817 3366 2891 loquitur,
3400 2818 3637 2875 habitus
3681 2819 3756 2875 de

2099 2904 2276 2961 rebus
2305 2905 2652 2979 significatis
2684 2923 2787 2979 per
2815 2924 2910 2963 res
2937 2907 3119 2963 factas
3150 2908 3210 2962 in
3243 2910 3454 2980 quarta
3500 2908 3751 2964 sabbati.

2101 2994 2164 3049 In
2195 2995 2596 3068 quarta,enim
2629 2995 2765 3051 fecit
2803 2996 2958 3052 Deus
2986 2995 3324 3068 luminaria,
3357 3014 3459 3069 per
3504 3014 3629 3071 qua:
3667 2997 3748 3053 si-

2098 3083 2456 3156 gnificantur
2484 3085 2673 3141 sancti
2703 3080 2809 3141 viri
2846 3084 3108 3142 lucentes
3137 3084 3198 3141 in
3238 3085 3512 3153 Ecclesia,
3527 3086 3598 3141 de
3617 3086 3747 3158 qui-

2099 3172 2210 3229 bus
2241 3173 2301 3228 in
2333 3172 2443 3230 hoc
2473 3173 2700 3246 psalmo
2732 3173 3029 3247 agitur.Et
3053 3175 3471 3247 suntqumdam
3493 3176 3745 3232 tenebras

340 3252 875 3309 Eeclesize.f)ictum
899 3253 1080 3307 estad
1107 3250 1560 3308 similitudinem
1592 3252 1863 3325 operarii,
1887 3252 1988 3322 qui
2021 3256 2064 3323 ί]
2102 3261 2160 3317 in
2209 3261 2319 3319 hoc
2366 3262 2608 3331 mundo,
2639 3261 2817 3319 veluti
2867 3263 3021 3335 quod
3071 3262 3341 3321 homines
3393 3280 3507 3320 non
3538 3267 3748 3337 putant

340 3342 691 3415 prmcinctus
721 3339 1044 3411 expeditior
1067 3344 1157 3395 est
1186 3341 1257 3396 ad
1290 3341 1675 3413 operandum.

412 3430 483 3485 Et
506 3427 763 3484 ostendit
807 3427 869 3483 in
917 3427 1126 3483 effectu
1175 3429 1330 3500 quod
1381 3428 1683 3500 praecinxit
1730 3445 1813 3485 se.
1846 3430 1991 3485 Vere

339 3514 663 3591 praecinxit,
698 3538 725 3564 «
757 3514 974 3570 etenim
1007 3515 1262 3571 firmavit
1296 3538 1323 3565 ››
1354 3516 1414 3571 in
1447 3517 1559 3572 fide
1590 3540 1617 3566 «
1653 3518 1852 3574 orbem
1884 3521 1993 3574 ter-

341 3623 438 3672 rm,
471 3627 500 3656 »
532 3604 591 3659 id
622 3607 733 3669 est,
764 3599 1107 3674 Ecclesiam,
1140 3603 1443 3661 collectam
1492 3605 1563 3660 de
1591 3609 1712 3662 toto
1742 3606 1990 3664 circuitu

337 3698 537 3760 terra);
571 3716 599 3743 ‹‹
635 3691 735 3764 qui
772 3714 799 3740 ››
832 3691 991 3748 orbis
1011 3696 1101 3747 est
1123 3692 1204 3748 ita
1225 3693 1614 3766 firmus,quod
1643 3718 1664 3745 α
1694 3712 1806 3750 non
1830 3714 1987 3751 com-

339 3782 669 3839 movebitur
699 3802 728 3831 »
763 3768 962 3853 aliqua
990 3782 1344 3852 tentatione;
1378 3788 1435 3838 ct
1465 3782 1584 3838 hzec
1614 3785 1987 3840 commenda-

335 3873 416 3929 tio
446 3874 535 3927 est
562 3870 763 3944 aliqua
790 3887 928 3944 pars
957 3870 1192 3943 psalmi.

407 3964 477 4018 Et
506 3985 535 4012 ‹‹
567 3978 637 4017 ex
670 3964 831 4028 tunc,
869 3982 896 4010 ››
930 3958 986 4015 id
1037 3964 1144 4029 est,
1179 3978 1248 4017 ex
1304 3978 1421 4034 quo
1480 3961 1727 4018 firmasti
1785 3964 1987 4019 orbem

334 4056 524 4118 terrea,
576 4053 666 4105 est
711 4049 840 4122 ipsa
896 4047 1154 4105 Ecclesia
1184 4073 1209 4099 ‹‹
1248 4054 1451 4123 parata
1500 4052 1667 4108 sedes
1716 4055 1819 4108 tua
1868 4077 1896 4103 »
1925 4052 1985 4109 in

334 4156 452 4213 qua
481 4144 545 4196 tu
576 4139 745 4195 sedes
775 4141 833 4195 et
853 4137 1140 4210 quiescis;
1174 4140 1342 4197 sedes
1374 4140 1504 4196 dico
1527 4157 1629 4212 per
1649 4142 1837 4214 ipsam
1861 4143 1990 4199 fun-

333 4227 629 4286 dationem
660 4226 767 4283 tibi
799 4231 1085 4299 paratam,
1119 4232 1177 4284 et
1223 4245 1294 4284 ne
1343 4245 1447 4301 per
1493 4229 1601 4286 hoc
1649 4231 1988 4305 temporalis

330 4332 461 4375 esse
506 4314 955 4388 intelligeretur,
989 4316 1248 4374 ostendit
1296 4322 1601 4386 aeternum,
1633 4336 1769 4376 cum
1821 4320 1984 4389 dicit,

332 4430 359 4457 ‹‹
394 4410 457 4462 tu
488 4421 551 4461 es
582 4422 616 4461 a
645 4402 878 4471 saeculo,
910 4426 938 4454 »ι
974 4403 1031 4459 id
1064 4409 1174 4472 est,
1199 4405 1271 4462 ab
1294 4411 1528 4475 mterno,
1551 4425 1665 4465 non
1692 4408 1751 4463 in
1775 4410 1986 4467 sacculo

331 4495 543 4561 factus,
577 4494 679 4549 sed
713 4493 896 4549 factor
926 4493 1144 4549 smculi.
1178 4493 1278 4549 Vel
1310 4495 1392 4551 ita
1421 4497 1589 4552 sedes
1618 4500 1719 4551 tua
1759 4503 1848 4553 est
1880 4516 1985 4571 pa-

331 4588 477 4650 rata,
510 4587 567 4639 et
596 4600 665 4638 ex
696 4586 836 4637 tunc
861 4599 895 4637 a
924 4581 1137 4639 smequ
1168 4583 1343 4639 etiam
1375 4588 1436 4639 tu
1470 4602 1553 4640 es.

399 4673 471 4728 Et
500 4672 623 4727 haec
653 4675 742 4727 est
770 4671 1225 4728 commendatio.
1258 4671 1385 4728 Alia
1415 4690 1572 4746 pars.
1598 4674 1709 4730 Sed
1744 4673 1876 4730 licet
1902 4674 1985 4731 sic

328 4762 575 4817 fundata
605 4765 761 4817 esset
801 4760 1077 4829 Ecclesia,
1110 4765 1305 4817 tamen
1342 4786 1367 4811 u
1405 4762 1671 4829 flumina,
1709 4787 1736 4811 υ
1767 4765 1823 4819 id
1872 4769 1980 4832 est,

328 4854 598 4921 potentes
627 4848 807 4920 hujus
838 4848 1055 4915 saeculi,
1088 4873 1113 4898 «
1150 4849 1519 4906 elevaverunt
1547 4876 1573 4901 ‹‹
1609 4869 1641 4907 o
1665 4876 1690 4903 «
1715 4853 1981 4922 Domine,

327 4938 698 4995 elevaverunt
728 4938 974 4994 flumina
1004 4955 1202 4994 vocem
1236 4957 1427 5009 suam,
1458 4964 1483 4989 ››
1518 4939 1575 4996 id
1605 4946 1712 5006 est,
1736 4943 1980 4998 commi-

328 5026 627 5081 nationem
660 5044 829 5081 suam
879 5030 1082 5081 contra
1132 5026 1291 5083 illam
1344 5033 1610 5085 sanctam
1661 5030 1981 5087 Ecclesium

327 5116 514 5179 tuam,
537 5119 594 5169 et
614 5114 1133 5171 contradictionem
1157 5118 1518 5184 suam.Quod
1542 5118 1633 5173 his
1656 5119 1796 5175 dicit
1813 5144 1839 5168 ‹‹
1868 5120 1979 5176 ele-

326 5208 627 5270 vaverunt,
666 5226 693 5251 ››
725 5206 887 5258 notat
920 5207 1411 5276 perseverantiam
1460 5207 1723 5278 ipsorum
1775 5213 1981 5282 poten-

327 5289 475 5345 tium
508 5296 713 5347 contra
737 5291 1078 5349 Ecelesiam.

399 5401 426 5427 ‹‹
462 5379 846 5437 Elevaverunt
866 5404 893 5429 ››
912 5382 1087 5438 etiam
1112 5383 1239 5457 ipsa
1253 5410 1278 5435 ‹‹
1299 5384 1543 5441 flumina
1558 5386 1769 5443 fluctus
1784 5406 1976 5457 suos,»

330 5460 385 5516 id
417 5471 524 5533 est,
542 5468 983 5539 persecutiones
1005 5488 1143 5527 suas
1162 5478 1218 5529 et
1235 5473 1598 5531 turbationes
1621 5494 1759 5533 suas
1781 5484 1985 5535 contra

328 5545 952 5613 Ecclesiam.Flumina
971 5559 1099 5615 dico
1122 5564 1410 5621 concitata
1446 5586 1469 5615 ι
1502 5581 1536 5620 a
1564 5566 1825 5635 vocibus,
1864 5592 1891 5617 ››
1923 5570 1983 5625 id

328 5635 433 5701 θεῖν
466 5642 535 5696 ab
565 5639 1079 5703 admonitionibus
1111 5672 1137 5698 ‹‹
1173 5668 1460 5726 aquarum
1492 5653 1833 5727 multarum,
1871 5682 1897 5709 »
1923 5659 1981 5718 id

2101 3349 2287 3407 Deum
2312 3367 2427 3407 non
2460 3368 2663 3409 curare
2693 3354 2815 3408 hanc
2842 3356 3095 3421 terrena,
3125 3369 3260 3409 cum
3304 3350 3539 3410 videant
3586 3370 3620 3409 a
3648 3369 3746 3407 su-

2100 3440 2299 3513 perbis
2318 3440 2549 3507 viduas,
2581 3439 2860 3513 pupillos,
2893 3444 2950 3497 et
2979 3439 3125 3498 alios
3154 3440 3425 3498 homines
3454 3441 3578 3509 Doi,
3601 3457 3743 3513 quo-

2099 3545 2232 3584 rum
2274 3527 2401 3602 ipse
2450 3529 2736 3586 Dominus
2784 3529 2844 3586 in
2893 3528 3020 3603 lege
3067 3534 3418 3605 prmceperat
3462 3529 3746 3603 misereri,

2100 3616 2305 3673 multis
2330 3618 2522 3673 modis
2542 3617 2734 3674 vexari
2753 3635 2766 3675 :
2786 3635 2915 3691 qua:
2939 3623 3137 3676 tamen
3171 3619 3422 3676 tenebrzn
3462 3636 3577 3675 non
3597 3619 3750 3674 obte~

2100 3705 2563 3779 nehrant,ncque
2575 3705 3445 3765 obscurantluminariasanctis
3458 3706 3744 3774 Ecclesia,

2098 3794 2237 3867 quia
2266 3795 2403 3850 boni
2436 3812 2741 3868 nunquam
2770 3795 3134 3852 inducuntur
3164 3798 3223 3852 in
3263 3796 3420 3852 hunc
3471 3812 3744 3863 errorem,

2096 3884 2253 3956 quod
2276 3884 2462 3941 Deum
2486 3888 2696 3956 putent
2717 3903 2832 3941 non
2858 3885 3166 3957 disponere
3196 3889 3447 3955 terrena,
3462 3886 3563 3942 sed
3594 3884 3748 3941 mala

2096 3971 2219 4028 hmc
2236 3972 2523 4046 patienter
2539 3973 2852 4043 sustinent,
2869 3974 3058 4030 securi
3075 3975 3145 4030 de
3168 3974 3660 4043 remuneratione;
3680 3978 3747 4033 et

2097 4079 2330 4135 semper
2356 4062 2555 4120 lucent
2570 4062 2721 4119 inter
2737 4062 2943 4132 malos,
2958 4064 3283 4135 praebentes
3305 4061 3570 4136 exempla
3584 4062 3746 4119 bona:

2096 4150 2468 4224 operationis,
2494 4150 2665 4223 juxta
2692 4152 2847 4224 quod
2880 4152 3095 4209 dicitur
3127 4169 3140 4209 :
3176 4152 3239 4209 In
3271 4153 3463 4217 medio
3494 4151 3745 4209 nationis

2097 4258 2283 4314 pravae
2298 4245 2357 4298 et
2369 4258 2671 4314 perversa},
2690 4240 2844 4297 inter
2860 4258 3009 4313 quos
3027 4240 3260 4311 lucetis,
3274 4240 3746 4297 sicutluminaria

2097 4328 2155 4384 in
2189 4328 2432 4385 mundo.
2466 4328 2709 4385 Materia
2738 4333 2880 4385 sunt
2911 4329 3121 4399 sancti,
3154 4329 3418 4386 lucentes
3439 4328 3746 4402 splendore

2093 4415 2377 4473 virtutum
2407 4414 2561 4472 inter
2589 4415 2745 4472 mala
2773 4416 2955 4489 hujus
2983 4417 3145 4474 vitae:
3172 4421 3230 4475 et
3261 4434 3364 4491 per
3390 4404 3741 4491 oppositum,

2096 4505 2333 4577 superbi
2358 4504 2439 4560 illi
2470 4503 2591 4577 qui,
2607 4511 3025 4577 persequentes
3049 4524 3333 4579 pauperes
3348 4505 3532 4575 Dei,ot
3554 4509 3742 4561 tamen

2097 4593 2407 4665 multiplici
2438 4593 2821 4665 prosperitate
2854 4595 3147 4665 florentes,
3181 4613 3360 4652 causa
3390 4598 3527 4651 sunt
3566 4611 3744 4667 quare

2095 4682 2276 4756 aliqui
2310 4683 2600 4738 ducantur
2631 4683 2688 4737 in
2722 4701 3002 4751 errorem,
3035 4689 3091 4739 et
3139 4688 3349 4757 putent
3395 4684 3577 4740 Deum
3630 4700 3740 4750 non

2095 4789 2299 4827 curare
2329 4772 2451 4826 hzec
2493 4776 2743 4827 terrena.
2778 4772 2842 4827 In
2891 4773 3083 4845 prima
3124 4777 3308 4846 parte,
3345 4772 3603 4844 increpat
3646 4788 3741 4827 su-

2093 4861 2304 4933 perbos
2327 4858 2476 4928 illos,
2496 4865 2554 4915 et
2581 4861 2977 4917 comminatur
2996 4861 3080 4917 eis
3104 4866 3383 4917 internum
3424 4860 3739 4916 interitum.

2093 4949 2155 5004 In
2188 4950 2447 5005 secunda
2493 4955 2677 5021 parte,
2712 4967 2839 5022 qua:
2890 4950 3097 5023 incipit
3128 4967 3141 5005 :
3178 4974 3205 5001 «
3242 4948 3569 5022 Intelligite,
3602 4948 3741 5005 insi-

2094 5037 2317 5110 pientes
2351 5038 2408 5093 in
2444 5038 2678 5111 populo,
2720 5064 2746 5089 ››
2774 5040 3051 5095 admonet
3081 5058 3373 5109 erroneos,
3406 5040 3505 5111 qui
3535 5043 3741 5112 putant

2092 5127 2278 5183 Deum
2301 5127 2422 5182 hac
2445 5128 2745 5184 mundana
2775 5145 2889 5183 non
2942 5146 3166 5198 curare,
3193 5133 3258 5185 ut
3306 5128 3655 5201 intelligant,
3687 5132 3741 5185 et

2084 5217 2253 5288 justa
2282 5216 2667 5288 dispositione
2699 5216 2820 5272 haec
2850 5218 3049 5273 omnia
3080 5217 3337 5273 ordinari
3370 5221 3739 5288 cognoscant,

2095 5306 2355 5361 minatur
2384 5305 2562 5361 etiam
2596 5307 2679 5362 eis
2712 5308 2865 5378 quod
2891 5308 3246 5379 quandoque
3276 5309 3618 5380 arguantur,
3652 5306 3742 5362 bo-

2094 5411 2201 5451 nos
2233 5411 2364 5450 vero
2413 5394 2670 5451 ostendit
2701 5412 2735 5450 a
2784 5396 2898 5452 Deo
2943 5412 3249 5468 nunquam
3300 5393 3647 5467 derelinqui.
3680 5394 3738 5450 In

2094 5483 2267 5539 tertia
2295 5488 2477 5556 parte,
2510 5500 2638 5555 quae
2672 5484 2877 5556 incipit
2908 5501 2921 5539 :
2956 5508 2983 5534 ‹‹
3020 5484 3160 5552 Quis
3191 5487 3504 5556 consurget
3523 5482 3685 5552 mihi,
3712 5505 3738 5531 »

2093 5573 2459 5629 demonstrat
2489 5573 2643 5645 quod
2678 5572 2772 5628 hic
2794 5573 2949 5629 Deus
2978 5591 3117 5630 suos
3148 5574 3405 5646 adjuvat,
3422 5577 3479 5628 et
3510 5572 3739 5629 tandem

2093 5662 2269 5737 digne
2292 5661 2710 5733 remunerabit,
2739 5666 2797 5719 et
2827 5662 2999 5722 malis
3037 5663 3238 5723 reddet
3268 5661 3593 5722 secundum
3642 5661 3741 5719 ini-
